2017 3353
256 271 392 302 semro
407 261 592 319 xxxvm]
779 275 921 306 PRIMA
947 274 1073 306 PARS.

257 380 384 417 saicas
421 380 516 417 satis
554 381 684 424 adest3
722 379 880 416 in'Deo
919 392 1011 427 ergo
1051 388 1190 416 contra
1225 392 1343 428 quem
1377 379 1577 428 principa-

259 438 350 474 liter
382 439 625 486 peccabatur
661 439 778 474 debet
813 446 1002 485 peccator
1034 437 1200 474 omnino
1234 438 1463 474 satisfacere
1497 438 1578 474 cui-

256 508 412 545 cunque
435 496 624 532 iniuriato
648 495 843 544 proximo,
861 504 1078 544 antequam
1098 505 1187 543 post
1210 495 1364 532 illatam
1389 496 1577 532 iniuriam

258 555 308 590 ad
342 555 610 603 quodcunque
643 566 744 602 opus
777 553 1028 601 processerit.
1068 555 1238 601 Oportet
1271 563 1407 590 tamen
1441 566 1578 590 cavere

222 608 295 647 5in
327 611 404 648 isto
436 611 538 648 sicut
571 611 611 648 in
644 612 730 648 aliis
765 611 987 648 ficcionem.
1025 613 1196 658 Quando
1231 612 1336 648 enim
1371 621 1427 648 est
1460 625 1579 660 opor-

257 670 405 706 tunitas
438 669 708 706 satisfaciendi
742 669 924 717 proximo
959 678 995 706 et
1029 669 1237 717 mitigandi
1273 670 1355 706 eius
1379 670 1572 715 animum,

257 728 373 764 debet
406 727 570 776 procedi
602 727 808 764 humiliter
840 729 890 764 ad
924 728 1000 764 hoc
1031 740 1132 775 opus
1165 736 1202 764 et
1225 728 1433 776 proposita
1457 740 1580 776 opera

256 786 362 822 bona
385 787 432 822 de
456 798 598 834 genere
622 794 711 834 post
735 785 1055 822 satisfaccionem
1081 786 1257 822 debitam
1283 798 1577 823 consummare.

1788 268 1868 315 257

255 845 304 879 Et
343 844 419 880 hoc
452 852 615 880 notatur
655 856 746 880 cum
780 843 927 880 dicitur
965 844 1154 880 hominem
1196 845 1413 893 relinquere
1444 842 1581 880 munus
1596 849 1650 876 Yet
1673 858 1718 876 we
1741 857 1791 876 arc
1818 854 1869 877 not

202 906 240 928 ¹0
254 914 364 938 suum
397 902 450 937 ad
481 902 618 938 altare.
653 904 744 938 Non
776 910 910 938 autem
944 903 1189 938 credendum
1223 911 1280 938 est
1312 902 1507 950 phariseis
1540 902 1580 938 in

254 959 330 997 ista
362 960 532 996 materia
564 961 673 1008 quod
706 969 866 1008 oportet
888 960 1054 996 omnino
1078 960 1155 996 illis
1179 960 1420 1006 satisfacere,
1448 954 1579 997 dando

254 1017 446 1066 quicquid
478 1018 692 1055 vendicant
724 1031 797 1066 pro
832 1018 966 1054 debito
1001 1018 1215 1066 corporali⁷
1248 1020 1316 1055 sed
1343 1018 1579 1067 precipuum

254 1085 291 1112 et
324 1075 710 1125 pertinentissimum
743 1089 844 1125 opus
876 1076 1080 1125 peccantis
1111 1076 1245 1113 taliter
1278 1086 1417 1113 contra
1451 1079 1579 1113 Deum

255 1143 312 1171 est
345 1134 594 1171 contricione
628 1134 702 1171 sibi
735 1134 977 1181 satisfacere,
1013 1134 1107 1183 quia
1133 1136 1292 1171 Psalmo
1328 1137 1378 1171 LO
1413 1135 1577 1171 dicitur:

201 1187 238 1221 15
255 1193 496 1242 Sacrzficium
529 1193 613 1229 Deo
645 1193 806 1243 spiritus
837 1193 1127 1229 contribulatus.
1168 1195 1216 1228 Et
1256 1194 1328 1229 hec
1361 1192 1580 1241 spiritualis

255 1250 413 1287 oblacio
446 1252 497 1287 ad
529 1252 654 1288 altare
688 1251 831 1287 mentis
865 1252 954 1299 plus
986 1252 1194 1299 prodesset
1228 1251 1354 1287 eciam
1385 1250 1580 1299 phariseis

255 1321 375 1357 quam
414 1309 568 1345 solucio
615 1309 837 1358 corporalis
876 1309 999 1345 debiti
1044 1309 1105 1345 vel
1151 1309 1309 1345 oblacio
1343 1308 1578 1357 corporalis.

253 1368 359 1403 Deus
393 1367 497 1403 enim
534 1376 591 1404 est
625 1376 765 1404 contra
799 1379 918 1416 quem
952 1367 1084 1415 primo
1109 1367 1357 1415 delinquitur
1383 1376 1420 1403 et
1444 1379 1581 1403 conse-

254 1434 421 1473 quenter
461 1434 601 1462 contra
641 1425 862 1474 quamlibet
902 1434 1149 1471 creaturam3
1188 1427 1293 1461 unde
1332 1425 1580 1474 impossibile

197 1487 238 1509 20
254 1492 311 1519 est
350 1495 595 1532 quemquam
635 1483 709 1520 sibi
749 1483 991 1529 satisfacere,
1038 1483 1112 1519 nisi
1154 1495 1200 1519 eo
1240 1483 1327 1532 ipso
1361 1483 1581 1525 satisfaciat

253 1541 416 1578 cuilibet
449 1551 644 1578 creature.
680 1543 773 1578 Ideo
806 1541 977 1578 tradicio
1012 1541 1239 1590 pharisaica
1272 1541 1311 1577 in
1342 1554 1463 1590 quam
1487 1553 1580 1590 pro-

252 1609 445 1648 rumpunt
477 1600 607 1637 scribe
639 1600 758 1636 hodie
791 1601 899 1648 quod
933 1599 1162 1648 quicunque
1195 1600 1482 1648 dampnabitur
1513 1598 1580 1649 qui

252 1671 332 1694 non
376 1658 529 1695 dederit
563 1658 617 1695 eis
650 1658 892 1706 temporalia
930 1661 1021 1706 (que
1055 1658 1191 1694 dicunt
1229 1658 1363 1694 deberi
1397 1656 1580 1704 ecclesie)

254 1724 311 1752 est
343 1716 614 1764 blasphemia;
649 1725 686 1752 et
718 1716 775 1752 sic
808 1725 949 1752 contra
981 1729 1139 1752 sensum
1177 1717 1342 1752 stultum
1381 1716 1578 1765 pharisai-

196 1766 237 1799 25
254 1786 344 1810 cum
378 1774 606 1823 quicunque
638 1774 679 1810 in
711 1783 844 1810 mente
876 1774 1102 1822 peccaverit
1136 1783 1192 1810 est
1216 1774 1348 1822 primo
1380 1787 1469 1811 reus
1493 1777 1577 1811 Deo

254 1841 291 1868 et
325 1832 521 1881 delinquit
555 1841 695 1869 contra
727 1841 852 1869 totam
889 1832 1118 1878 ecclesiam;
1154 1832 1242 1869 ideo
1276 1841 1362 1869 tota
1396 1833 1576 1879 ecclesia,

255 1903 345 1926 cum
379 1891 495 1926 debet
518 1890 644 1927 iuvari
669 1903 740 1938 per
764 1891 884 1926 talem
910 1892 994 1926 Deo
1023 1899 1257 1936 merentem,
1282 1891 1401 1927 habet
1425 1891 1577 1939 aliquid

254 1957 395 1984 contra
433 1948 559 1995 illum,
601 1957 637 1985 et
677 1948 733 1985 sic
773 1948 954 1997 quamvis
993 1961 1094 1996 opus
1127 1949 1391 1985 extrinsecum
1426 1950 1575 1985 bonum

254 2007 302 2042 de
335 2019 478 2054 genere
511 2007 695 2055 operanti
727 2006 914 2055 proficiat
946 2015 1097 2055 septem
1133 2007 1276 2053 modis,
1311 2016 1446 2043 tamen
1475 2020 1576 2055 opus

196 2058 237 2090 30
253 2064 543 2101 satisfaccionis
581 2067 665 2102 Deo
705 2065 744 2101 in
784 2078 863 2114 quo
905 2064 978 2101 rite
1011 2065 1257 2101 satisfaciens
1290 2065 1576 2102 reconciliatur

253 2122 477 2171 cuicunque
510 2123 694 2171 proximo
728 2132 785 2159 est
818 2123 1050 2171 precellens.

310 2181 426 2218 Circa
464 2181 569 2217 istud
610 2181 858 2229 evangelium
899 2181 1105 2217 dubitatur
1144 2191 1277 2217 utrum
1318 2182 1574 2218 conversacio

251 2239 478 2286 pharisaica
517 2240 605 2288 plus
644 2240 770 2288 prosit
809 2239 975 2276 ecclesie
1013 2252 1133 2288 quam
1175 2240 1431 2277 conversacio
1464 2253 1575 2277 secu-

251 2296 359 2343 laris,
388 2306 424 2333 et
456 2297 613 2334 videtur
637 2297 840 2334 Hostiensi
874 2306 910 2334 et
944 2298 1079 2334 multis
1113 2298 1334 2335 decretistis
1367 2300 1474 2347 quod
1504 2299 1572 2345 sic,

194 2346 235 2381 35
251 2354 291 2390 in
322 2364 479 2391 tantum
513 2357 621 2404 quod
660 2356 875 2392 universali
915 2356 1082 2392 ecclesia
1115 2365 1332 2405 expurgata
1365 2358 1412 2393 de
1445 2357 1573 2393 heresi

251 2413 458 2450 canonista
492 2422 529 2450 et
559 2427 640 2450 non
670 2415 881 2462 theologus
914 2415 1030 2450 debet
1063 2414 1153 2462 eligi
1186 2415 1225 2450 in
1247 2415 1460 2463 prelatum.
1495 2416 1572 2452 Sed

251 2472 467 2507 tenendum
502 2481 559 2508 est
592 2484 635 2509 ex
669 2472 758 2518 fide,
794 2485 883 2509 curn
917 2485 1036 2509 nemo
1070 2482 1209 2520 peccat
1242 2473 1315 2509 nisi
1351 2486 1393 2510 ex
1417 2473 1572 2509 defectu

252 2528 357 2574 fidei,
398 2530 679 2578 theologorum
713 2539 845 2567 autem
881 2539 938 2567 est
971 2530 1125 2567 auditui
1158 2531 1297 2579 populi
1322 2531 1440 2567 fidem
1466 2533 1571 2567 dete-

251 2599 355 2634 gere,
389 2589 497 2635 quod
528 2589 660 2624 nullus
684 2588 786 2625 foret
809 2589 985 2636 prelatus
1011 2589 1176 2625 ecclesie
1198 2590 1258 2625 vel
1282 2598 1415 2625 custos
1439 2589 1571 2626 anime

191 2647 236 2679 40
252 2644 326 2680 nisi
357 2646 586 2693 theologus3
621 2655 658 2683 et
695 2646 889 2695 quamdiu
928 2646 1118 2683 manserit
1157 2648 1228 2684 hec
1267 2647 1424 2684 infamis
1464 2655 1571 2683 secta

321 2802 345 2830 5.
366 2803 410 2830 A:
439 2803 518 2831 Cum
540 2803 631 2831 enim.
725 2804 752 2831 6.
774 2805 818 2831 A:
840 2804 904 2831 miti
930 2805 1020 2831 ando.
1113 2813 1137 2839 7.
1159 2805 1204 2832 A:
1233 2804 1357 2839 procedi
1379 2804 1566 2831 humanitus.

251 2836 290 2865 15.
310 2839 355 2865 A:
378 2838 422 2865 vel
446 2838 509 2865 hec.
571 2846 615 2865 22.
635 2839 680 2866 A:
703 2838 835 2866 scribere
856 2839 895 2866 ho
921 2839 962 2867 ie:
991 2839 1030 2866 ib.
1054 2840 1075 2866 l}
1096 2839 1125 2866 in
1148 2847 1261 2874 marga:
1285 2838 1375 2866 Nota.
1430 2847 1477 2873 24.
1500 2839 1566 2867 BC:

251 2872 294 2899 sic
316 2872 409 2899 deest.
526 2873 568 2901 25.
592 2873 613 2900 B
633 2883 638 2900 :
660 2878 810 2901 mentem:
837 2874 877 2900 ib.
900 2874 965 2901 BC:
988 2879 1032 2900 est
1054 2874 1182 2909 primus.
1302 2882 1346 2912 27.
1368 2874 1483 2901 (jodda
1506 2883 1567 2901 mc—

251 2912 378 2935 rentem.
399 2912 461 2935 tota
482 2908 618 2935 ecclesia.
692 2908 735 2935 32.
756 2909 785 2935 A
805 2908 835 2935 in
858 2917 970 2943 marg:
993 2909 1145 2936 Dubium:
1169 2909 1205 2935 13:
1228 2913 1358 2944 questio.

1390 2968 1425 2999 17

1608 884 1711 911 bound
1734 889 1763 911 to
1784 884 1852 919 give

1622 919 1781 946 Pharisees
1801 920 1838 946 all

1636 954 1706 990 they
1727 954 1828 981 claim.

1613 1603 1707 1632 Some
1727 1604 1762 1631 of
1778 1603 1858 1631 their

1642 1639 1749 1666 claims
1771 1648 1821 1666 are

1619 1674 1850 1709 blasphemous.

1624 2184 1783 2213 Pharisees
1798 2196 1828 2211 :-

1638 2219 1814 2248 Canonists.

1604 2533 1703 2569 Every
1732 2534 1837 2560 uelat:

1622 2568 1709 2594 shoul
1755 2569 1789 2596 be
1811 2578 1825 2595 a

1631 2602 1816 2638 theologiam.
