2017 3353
157 306 177 331 ω

185 296 206 331 0.

215 305 235 330 ιο

179 1286 422 1320 Habitudimilly.

172 1326 222 1348 not
243 1321 428 1356 idcntically,

197 1356 268 1382 each
290 1356 325 1382 of
341 1355 397 1382 His

198 1391 352 1417 members
373 1390 398 1417 is

243 1425 357 1453 Christ.

168 2043 228 2071 We
243 2046 325 2068 must
339 2041 443 2068 follow

178 2078 227 2104 the
248 2076 327 2103 clear
348 2083 435 2102 sense

198 2111 232 2139 of
249 2110 420 2146 Scriptum.

721 299 946 332 JOHANNIS
965 298 1149 331 WYCLlF
1170 297 1427 331 sERMONUM
1451 284 1605 342 [SERMO
1622 294 1759 322 XXXIX.

445 408 576 456 primo
611 421 700 444 cum
736 419 880 454 corpus
921 406 1003 442 eius
1043 405 1092 441 sit
1133 405 1312 450 ecclesia,
1355 418 1444 441 cum
1492 405 1625 441 celesti
1671 417 1764 441 con-

445 466 552 514 iugio
587 466 810 514 copulatur.
837 463 992 500 Dicitur
1025 464 1244 500 secundum
1280 462 1379 499 illud
1413 462 1612 499 ineffabile
1646 462 1766 499 mira-

445 525 578 560 culum
625 525 733 572 quod
779 522 959 559 Christus
1011 521 1061 558 sit
1112 521 1319 569 quodlibet
1364 522 1590 557 membrum
1635 533 1764 557 suum.

446 582 509 619 Sic
543 581 646 618 enim
695 581 831 617 dicunt
884 579 999 616 multi
1049 579 1280 627 philosophi
1334 580 1441 627 quod
1489 578 1624 615 anima
1677 591 1765 615 cum

446 639 624 689 qualibet
663 648 777 687 parte
817 637 1083 686 quantitativa
1128 637 1308 685 corporis
1347 636 1512 673 humani
1545 636 1594 672 sit
1628 638 1767 673 eadem

447 711 617 747 persona
651 710 726 746 que
760 705 867 732 totus
901 697 1036 732 homo.
1083 696 1267 732 Secunda
1306 694 1593 732 habitudinalis
1637 693 1769 743 predi-

447 756 558 794 cacio
592 764 648 792 est
681 767 760 804 qua
793 754 938 790 dicitur
982 753 1096 802 panis
1143 765 1261 802 quern
1315 753 1481 790 ecclesia
1534 752 1679 789 diffinit
1730 752 1770 788 in

446 823 598 851 secreta
621 813 717 850 ferie
741 821 882 861 quarte
903 814 1086 858 Quatuor
1112 820 1340 859 temporum
1364 820 1455 860 post
1469 810 1769 848 Exaltacionem

447 881 582 909 sancte
616 871 745 908 crucis
779 879 962 907 constare
996 883 1039 907 ex
1061 878 1165 906 terre
1187 869 1400 916 fructibus3
1435 878 1472 906 et
1494 868 1770 906 testimonium

448 929 613 967 ecclesie
646 929 686 965 in
718 930 792 966 hac
825 937 939 976 parte
988 937 1045 965 est
1084 926 1284 964 efficacius
1329 940 1450 976 quam
1495 927 1770 964 testimonium

453 988 634 1025 omnium
669 996 867 1024 sectarum
903 999 979 1035 que
1012 985 1250 1023 obnubilant
1283 986 1385 1022 hanc
1418 985 1550 1022 fidem.

505 1045 652 1082 Tercio
687 1045 834 1082 dicitur
864 1044 1045 1082 Christus
1069 1045 1290 1081 secundum
1314 1043 1637 1092 predicacionem
1662 1043 1773 1079 habi-

452 1103 674 1141 tudinalem
710 1115 847 1151 agnus,
882 1103 978 1148 ovis,
1012 1103 1171 1145 vitulus,
1217 1110 1260 1138 ut
1304 1110 1414 1150 patet
1459 1114 1503 1138 ex
1542 1102 1619 1138 fide
1651 1101 1775 1149 scrip—

449 1171 537 1198 ture
570 1171 607 1198 et
639 1174 714 1198 usu
738 1160 916 1198 ecclesie.
950 1160 1036 1197 Istis
1069 1159 1218 1197 notatis
1252 1159 1485 1196 conceditur
1518 1160 1626 1208 quod
1649 1160 1775 1208 quod-

449 1220 545 1257 libet
590 1221 816 1256 membrum
870 1218 1035 1256 ecclesie
1087 1227 1144 1255 est
1197 1217 1525 1254 habitudinaliter
1576 1218 1644 1254 sed
1696 1229 1777 1253 non

450 1278 679 1327 ydemptice
713 1277 899 1314 dominus
927 1279 1038 1313 Jesus
1062 1276 1262 1321 Christus;
1297 1284 1333 1312 et
1357 1275 1454 1313 alias
1474 1275 1776 1324 predicaciones

451 1345 585 1385 preter
617 1336 705 1373 illas
739 1348 837 1384 quas
871 1334 1041 1383 explicat
1073 1343 1116 1371 ut
1148 1335 1267 1383 plane
1299 1333 1429 1370 innuit
1461 1333 1558 1370 fides
1582 1333 1777 1382 scripture

452 1394 608 1443 expedit
647 1394 805 1430 fidelem
846 1393 1018 1430 abicere.
1075 1393 1190 1430 Unde
1234 1392 1406 1429 inaniter
1451 1391 1695 1428 extraneanti
1729 1392 1777 1427 de

452 1452 776 1490 conclusionibus
800 1464 876 1500 que
898 1459 1118 1500 sequuntur
1142 1450 1248 1487 dicat
1271 1449 1398 1486 fidelis
1421 1451 1529 1498 quod
1559 1462 1640 1486 non
1670 1449 1777 1485 'videt

452 1511 659 1559 quomodo
692 1509 757 1546 ille
797 1518 887 1546 sunt
932 1508 1114 1557 explicite
1157 1509 1217 1545 vel
1261 1508 1454 1556 implicite
1487 1507 1527 1543 in
1564 1507 1775 1556 scriptura.

455 1570 532 1605 Sed
565 1569 641 1605 hoc
675 1569 796 1605 docto
829 1567 999 1604 libenter
1032 1567 1272 1611 consenciet‚
1307 1575 1344 1602 et
1388 1566 1444 1602 sic
1483 1579 1573 1602 cum
1619 1564 1777 1601 modifi-

456 1626 621 1664 cacione
655 1625 890 1663 conceditur
923 1626 1044 1674 quod,
1090 1624 1193 1661 sicut
1227 1624 1408 1661 Christus
1440 1623 1513 1660 fuit
1546 1632 1777 1672 persecutus

454 1697 525 1733 per
558 1684 725 1721 Paulum
759 1688 815 1729 (ut
849 1683 995 1720 dicitur
1028 1684 1201 1719 Actuum
1247 1684 1350 1729 IXO),
1390 1681 1445 1718 sic
1479 1681 1688 1718 crucifixus
1722 1689 1779 1717 est

455 1755 525 1792 per
559 1744 720 1778 Petrum
754 1741 795 1778 in
828 1744 956 1778 Roma
993 1742 1050 1788 (ut
1097 1740 1193 1777 dicit
1237 1741 1437 1777 credenda
1481 1739 1674 1787 cronica).
1731 1739 1779 1775 Et

455 1800 510 1837 sic
543 1800 682 1836 inillis
716 1812 792 1848 que
824 1799 1001 1848 graciam
1035 1798 1195 1847 sapiunt
1228 1807 1295 1835 aut
1329 1798 1516 1835 virtutem
1547 1797 1779 1834 denomina-

455 1868 520 1895 tur
552 1858 593 1894 in
616 1857 807 1894 membris
840 1858 920 1894 suis
954 1856 1249 1905 predestinatis,
1283 1869 1363 1893 non
1387 1865 1520 1893 autem
1545 1854 1781 1903 simpliciter

456 1917 496 1953 in
528 1928 700 1965 persona
731 1929 802 1953 sua
835 1915 1012 1964 propria,
1048 1928 1137 1952 cum
1172 1927 1252 1950 non
1283 1914 1509 1962 ydemptice
1558 1913 1690 1950 taliter
1722 1912 1779 1949 in-

457 1975 669 2011 formatur.

517 2034 721 2078 Quantum
755 2032 805 2068 ad
839 2033 1058 2068 secundum
1094 2030 1326 2068 conceditur
1360 2029 1589 2075 conclusio3
1641 2040 1778 2065 verum

1793 940 1830 962 10

1797 1220 1832 1252 15

1796 1799 1836 1832 25

458 2099 594 2127 tamen
629 2102 672 2126 ex
705 2090 780 2126 isto
825 2102 906 2126 non
950 2089 1129 2138 sequitur
1169 2089 1276 2137 quod
1322 2087 1502 2124 Christus
1541 2086 1613 2122 fuit
1652 2086 1779 2123 incar·
1796 2089 1839 2122 30

458 2156 589 2194 natus,
624 2147 698 2184 nisi
733 2149 854 2184 docto
888 2149 995 2196 quod
1028 2146 1255 2195 ydemptice
1301 2145 1523 2181 formaliter
1569 2153 1605 2180 et
1643 2157 1780 2192 perso-

459 2206 602 2243 naliter
634 2205 707 2242 fuit
738 2206 881 2251 homo:
915 2206 1023 2254 quod
1055 2217 1137 2241 non
1168 2204 1240 2240 fuit
1288 2212 1503 2251 antequam
1548 2211 1663 2238 natus
1708 2201 1781 2237 fuit

461 2265 509 2300 de
540 2263 703 2311 virgine,
739 2272 775 2299 et
807 2263 876 2309 sic,
909 2272 1019 2299 tenta
1051 2263 1182 2299 forma
1213 2262 1427 2298 verborum
1454 2260 1650 2308 scripture
1684 2272 1781 2308 quo-

459 2333 585 2370 usque
617 2334 753 2357 sensus
785 2321 947 2369 spiritus
970 2329 1117 2368 pateat,
1151 2319 1330 2368 acquiret
1363 2320 1484 2355 homo
1513 2330 1649 2354 sensus
1672 2316 1782 2365 prius

463 2379 734 2425 absconditos,
768 2387 810 2415 ut
843 2378 1010 2415 Matthei
1042 2379 1127 2423 V10‚
1164 2388 1229 2423 24,
1270 2376 1365 2413 dicit
1398 2376 1606 2413 Christus:
1662 2376 1782 2412 Nemo
1798 2378 1838 2411 35

456 2444 583 2487 potest
615 2437 761 2473 duobus
793 2437 956 2472 dominis
986 2436 1144 2472 servire.
1178 2436 1294 2480 Quod
1327 2433 1476 2482 garruli
1510 2432 1783 2481 multipliciter

463 2495 643 2531 nituntur
674 2494 848 2540 inficere,
882 2494 1014 2542 primo
1060 2506 1103 2529 ex
1147 2494 1223 2529 hoc
1267 2494 1374 2541 quod
1419 2505 1525 2540 papa
1563 2492 1781 2528 secundum

534 2625 558 2645 2.
574 2618 618 2645 A:
641 2616 810 2644 secundum
832 2616 924 2643 idem.
1005 2624 1030 2649 7.
1053 2615 1092 2642 B:
1136 2623 1206 2643 uam
1228 2616 1322 2642 eciam
1345 2615 1465 2642 diffinit.
1539 2614 1565 2641 ὃ.
1588 2614 1626 2641 B:
1649 2618 1782 2646 secret0;

467 2653 508 2680 ib.
530 2652 571 2680 C:
600 2651 663 2679 fieri
685 2655 800 2686 quarte.
910 2659 943 2678 11.
965 2651 1009 2677 A:
1039 2650 1121 2677 obnu
1147 2650 1305 2677 ilaverant.
1415 2657 1453 2676 12.
1474 2650 1518 2676 A:
1545 2648 1657 2676 Tercio
1678 2647 1781 2675 modo.

469 2696 510 2719 14.
532 2688 560 2714 A
579 2686 610 2714 in
632 2694 746 2724 marg:
773 2685 888 2713 Anima
914 2693 984 2712 cum
1011 2685 1147 2720 qualibet
1172 2689 1257 2720 parte
1278 2689 1322 2711 est
1342 2684 1449 2711 eadem
1470 2691 1602 2719 persona
1623 2691 1681 2718 que
1700 2686 1782 2709 totus

468 2722 578 2754 liomo;
609 2720 766 2756 quodllbet
793 2720 966 2747 membrum
988 2719 1113 2746 ecclesie
1134 2723 1178 2746 est
1199 2718 1450 2746 habitudinaliter
1476 2718 1527 2745 sed
1550 2726 1610 2745 non
1630 2716 1782 2753 ydemtice

468 2756 614 2783 dominus
628 2755 716 2782 Jesus
732 2754 892 2782 Christus:
912 2754 952 2781 ib.
976 2754 996 2780 B
1013 2754 1042 2780 in
1065 2762 1131 2780 mar
1155 2763 1177 2780 .:
1201 2753 1344 2781 Christus
1365 2758 1410 2780 est
1430 2752 1588 2788 quodlibet
1608 2751 1780 2779 membrum

469 2799 572 2821 sunm,
594 2795 621 2817 et
642 2794 766 2817 econtra
786 2788 999 2824 predicacione
1021 2762 1222 2815 habituffinali
1244 2796 1301 2823 que
1323 2788 1402 2823 sapit
1423 2788 1556 2822 graciam
1583 2791 1611 2813 et
1638 2786 1779 2813 virtutem

467 2830 495 2852 ct
516 2833 609 2861 quam
631 2824 771 2851 admittet
791 2823 952 2862 scriptura.
1054 2822 1096 2850 23.
1118 2824 1163 2850 A:
1183 2824 1254 2850 Act.
1275 2822 1343 2849 Act.
1443 2829 1490 2857 29.
1511 2822 1541 2849 A
1560 2821 1590 2848 in
1612 2828 1724 2855 marg:
1747 2820 1778 2846 B.

466 2859 508 2887 35.
531 2861 574 2886 A:
602 2858 727 2886 Matthei
747 2858 821 2893 V11;
852 2858 891 2885 lb.
914 2858 936 2885 B
957 2857 985 2884 in
1008 2865 1121 2892 marg:
1149 2857 1260 2892 Arguit
1285 2861 1393 2883 contra
1419 2856 1534 2883 dictum
1556 2855 1669 2883 Christi
1697 2854 1778 2892 quod

466 2902 552 2921 nemo
570 2896 674 2929 potest
697 2893 812 2920 duobus
840 2892 970 2920 dominis
996 2893 1123 2919 servire.
1154 2890 1288 2926 Exponit
1314 2891 1372 2918 late
1398 2890 1556 2926 quomodo
1584 2889 1776 2924 intelligitur:

465 2927 559 2956 Nemo
578 2931 678 2963 potest
697 2928 811 2955 duobus
832 2927 963 2955 dominis
981 2927 1110 2954 servire.
1184 2925 1228 2961 37.
1250 2926 1278 2953 A
1304 2925 1334 2953 in
1357 2933 1470 2960 marg:
1493 2933 1513 2952 ι.
