2017 3353
232 286 368 315 sERMo
389 275 512 334 κων]
737 287 880 319 PRIMA
907 287 1030 320 PARS.

228 408 272 432 ex
309 394 507 442 scriptura
545 393 624 430 sive
662 394 883 429 secundum
922 393 1163 441 scripturam
1202 391 1281 428 sive
1325 393 1545 428 secundum

228 452 469 489 tradiciones
514 451 758 499 pharisaicas
812 450 1007 487 dictatum
1055 449 1173 486 fuerit
1220 450 1327 498 quod
1374 450 1546 497 populus

227 512 343 546 debet
387 509 482 546 talia
521 510 695 546 tribuere
733 508 813 546 suis
851 508 1078 557 prepositis,
1125 508 1241 544 debet
1285 507 1451 555 intelligi
1500 509 1547 543 de

227 567 354 616 dignis
395 567 608 615 prepositis
649 567 715 616 qui
758 567 934 603 virtuose
971 566 1159 615 supplent
1197 564 1374 601 officium
1413 573 1560 613 pasto--

194 626 320 662 5rale.
375 626 475 662 Cum
528 634 661 662 autem
705 624 875 673 predicti
920 625 996 662 hoc
1039 623 1234 669 nesciunt,
1283 624 1352 659 sed
1400 635 1444 659 ex
1492 622 1547 659 eis

227 683 348 720 dubio
388 692 479 719 sunt
517 683 678 731 presciti
723 696 823 731 quos
867 683 969 719 foret
1011 681 1230 718 elemosina
1272 694 1353 717 non
1398 680 1546 726 iuvare,

227 751 336 790 patet
368 742 476 791 quod
509 740 765 789 presumpcio
799 740 1013 777 temeraria
1045 740 1147 777 foret
1179 739 1235 776 sic
1260 740 1366 775 bona
1389 739 1547 775 fortune

227 799 374 836 Christi
418 799 662 847 patrimonia
708 798 933 835 vendicare.
986 798 1197 835 Faciamus
1250 809 1342 845 ergo
1397 798 1547 833 bonum

227 856 499 906 evangelicum
534 866 728 906 quantum
762 857 983 893 sufficimus
1016 865 1053 893 et
1083 857 1130 892 de
1154 854 1354 892 alimentis
1378 864 1415 891 et
1438 863 1548 903 tegu-

173 929 212 951 ιο
228 915 372 952 mentis
404 915 526 963 gratis
550 915 652 952 datis
677 914 855 952 contenti
877 915 1001 951 simus
1025 927 1115 951 cum
1140 913 1331 961 exigendo
1355 913 1549 950 instanter

227 974 305 1011 alia
348 974 477 1010 forma
523 974 595 1010 hec
638 973 879 1022 temporalia
920 972 1166 1010 mendaciter
1209 972 1547 1019 blasphemamus.

695 1111 889 1152 SERMO
921 1111 1067 1151 XLIV.

286 1208 390 1244 Bene
424 1207 549 1243 omnia
572 1207 684 1256 fecit.
720 1206 846 1243 Marci
879 1207 984 1252 V110,
1021 1206 1086 1253 37.

286 1268 434 1302 Notata
479 1264 645 1302 historia
692 1273 821 1312 potest
866 1263 1081 1311 allegorice
1127 1262 1295 1310 intelligi
1340 1263 1547 1311 quomodo

176 1325 340 1362 15Jesus
373 1324 505 1360 exiens
537 1324 584 1359 de
609 1323 757 1373 finibus
796 1322 898 1373 Tyri
941 1323 1066 1371 (quod
1110 1321 1399 1369 interpretatur
1443 1321 1547 1369 plas-

232 1381 377 1429 macio)
412 1390 469 1418 est
491 1383 656 1418 verbum
681 1380 752 1416 Dei
786 1379 916 1416 exiens
950 1381 998 1416 de
1030 1379 1119 1416 sinu
1151 1379 1289 1428 patris,
1324 1392 1346 1416 a
1379 1392 1458 1427 quo
1492 1388 1549 1415 est

231 1439 360 1476 omnis
405 1439 639 1488 plasmacio.
694 1438 796 1474 Exiit
829 1437 1026 1487 (inquam)
1062 1451 1143 1474 non
1187 1438 1317 1474 solum
1364 1439 1548 1473 deserens

231 1499 299 1534 sed
324 1498 617 1534 humanitatem
651 1509 870 1533 assumens.
901 1496 1013 1532 Exiit
1034 1503 1160 1532 autem
1184 1497 1236 1532 ad
1259 1508 1367 1531 mare
1387 1495 1548 1539 Galilee,

231 1556 325 1605 quia
359 1557 408 1592 ad
432 1565 580 1592 statum
613 1564 754 1591 nature
787 1556 917 1603 lapse;
953 1554 1106 1591 Galilea
1129 1554 1234 1591 enim
1259 1553 1548 1602 interpretatur

174 1630 216 1651 20
233 1623 322 1651 rota
353 1614 539 1651 volubilis
572 1615 633 1650 vel
671 1613 961 1661 transmigrans
1007 1614 1056 1649 ad
1102 1625 1223 1661 quam
1267 1611 1545 1648 condicionem

231 1672 494 1709 necessitatur
516 1681 662 1708 natura
686 1672 810 1719 lapsa.
842 1671 950 1707 Venit
982 1670 1108 1707 eciam
1128 1683 1204 1720 per
1226 1671 1421 1718 Sidonem,
1455 1669 1549 1719 quia

232 1739 376 1767 natura
421 1730 600 1778 angelica
647 1729 720 1765 fuit
753 1729 787 1765 ei
820 1729 1132 1765 instrumentum
1173 1730 1223 1765 ad
1255 1727 1547 1766 salutacionem

232 1788 455 1836 angelicam
492 1790 549 1835 (ut
582 1796 692 1836 patet
716 1789 821 1823 Luce
854 1788 920 1834 10).
955 1787 1080 1823 Sidon
1103 1796 1237 1823 autem
1261 1786 1549 1834 interpretatur

232 1847 338 1883 salus
370 1847 432 1882 vel
464 1855 613 1892 tacens,
649 1845 742 1894 quia
772 1845 900 1893 angeli
934 1853 1084 1882 stantes
1116 1853 1207 1893 post
1239 1845 1396 1893 lapsum
1430 1856 1548 1892 ange-

177 1905 353 1942 25licum
387 1913 479 1941 sunt
510 1904 651 1941 salvati
684 1916 727 1940 ex
756 1902 1032 1940 taciturnitate
1055 1916 1133 1952 qua
1156 1911 1367 1951 peccatum
1388 1911 1548 1951 aposta-

232 1963 411 1999 tancium
431 1963 693 1999 obmiserunt.
714 1961 773 1998 Illi
797 1970 929 1998 autem
950 1974 1053 2010 aque
1076 1960 1354 1998 tribulacionis
1374 1961 1548 1997 humane

233 2030 374 2057 nature
418 2021 527 2069 lapse
572 2020 761 2057 adiuncta
806 2028 863 2056 est
907 2029 1013 2056 terra
1047 2020 1309 2068 Decapoleos,
1355 2019 1431 2055 hoc
1477 2027 1546 2064 est,

233 2080 371 2115 decem
405 2079 624 2125 civitatum,
667 2078 760 2128 quia
793 2077 975 2114 Christus
1009 2077 1270 2114 transmeavit
1304 2089 1375 2126 per
1408 2076 1546 2113 omnia

232 2150 378 2185 genera
411 2150 433 2173 a
465 2138 639 2185 dyabolo
673 2138 942 2174 obsessorum.
991 2137 1122 2172 Genus
1156 2144 1289 2172 autern
1325 2136 1547 2172 humanum

175 2201 216 2232 30
233 2195 288 2232 sic
322 2196 528 2232 obsessum
563 2195 726 2232 adducit
758 2196 849 2231 Jesu
881 2202 1069 2231 naturam
1115 2207 1229 2231 suam
1264 2206 1340 2242 que
1386 2193 1548 2230 racione

233 2253 387 2302 peccati
441 2253 666 2290 audicionis
719 2253 839 2302 primi
892 2262 1075 2301 apostate
1127 2261 1164 2288 et
1208 2251 1547 2300 prevaricacionis

233 2311 363 2347 divine
397 2312 608 2348 obsurduit
641 2321 677 2348 et
712 2312 903 2347 mutebat.
950 2310 1184 2356 Obsurdust,
1232 2309 1326 2358 quia
1359 2309 1548 2346 audiebat

231 2382 370 2406 vocem
416 2370 611 2418 serpentis
657 2369 833 2406 obmissa
864 2381 962 2405 voce
995 2368 1080 2414 Dei,
1123 2377 1159 2405 et
1198 2367 1413 2414 obmutuit7
1454 2367 1549 2416 quia

233 2428 409 2464 obmissa
454 2427 745 2464 informacione
778 2427 838 2463 sui
871 2427 1025 2475 generis
1071 2426 1241 2463 credidit
1284 2425 1548 2474 temptacioni

176 2485 352 2534 35primi
386 2495 578 2533 apostate.
613 2488 766 2522 Natura
799 2494 932 2522 autem
957 2486 1134 2521 humana
1166 2484 1222 2521 sic
1244 2484 1389 2521 viciata
1413 2485 1548 2533 depre-

233 2552 344 2580 catur
374 2544 503 2580 Jesum
548 2553 631 2580 tam
675 2543 870 2592 implicite
910 2556 1029 2592 quam
1072 2542 1254 2591 explicite
1292 2555 1366 2590 pro
1406 2543 1545 2578 salute.

233 2603 416 2638 Salvator
469 2593 611 2638 autem·
648 2602 904 2651 apprehendit
951 2602 1076 2638 multa
1120 2600 1329 2650 supposita
1382 2599 1547 2636 humani

300 2732 325 2752 2.
347 2726 391 2752 A:
414 2724 576 2758 <lucanum
597 2725 637 2752 ib.
661 2724 700 2752 C:
723 2724 788 2752 fuit.
862 2723 886 2752 5.
908 2724 975 2751 BC:
997 2724 1039 2751 eis
1060 2724 1154 2751 deest.
1229 2732 1258 2759 9,
1282 2731 1322 2750 10.
1343 2723 1388 2750 A:
1410 2730 1444 2749 ac
1464 2726 1548 2757 tegu-

232 2759 354 2787 mentis
476 2768 516 2787 10.
540 2759 578 2787 C:
603 2768 720 2786 sumus.
837 2767 879 2793 14.
901 2759 952 2787 BC
971 2759 1000 2786 in
1023 2767 1137 2794 marg:
1168 2758 1331 2785 Dominica
1352 2756 1545 2784 duodecima.

233 2803 271 2830 17.
292 2796 337 2821 A:
359 2802 421 2821 non
441 2794 526 2821 illum
548 2794 710 2825 deserens:
738 2794 778 2821 ib.
800 2794 838 2821 B:
861 2795 978 2821 solum:
1000 2802 1096 2821 corn:
1119 2794 1241 2820 solium.
1315 2791 1354 2819 31.
1377 2792 1415 2818 B:
1438 2791 1546 2827 prime.

231 2828 345 2857 32—33.
368 2830 411 2856 A:
433 2829 576 2856 audiebat
594 2845 627 2848 —
647 2829 719 2864 quia
740 2829 834 2856 deest.

307 2923 356 2945 12.
384 2913 437 2947 Cf.
457 2912 617 2955 Wyclif's
644 2913 811 2944 Sermons
838 2912 892 2944 ed.
918 2912 964 2955 by
990 2912 1138 2952 Arnold,
1164 2912 1186 2952 Ι,
1216 2921 1268 2954 29.

698 2989 703 2994 .
1347 2966 1413 3012 19*

1753 287 1827 323 291

1584 1303 1588 1307 .
1607 1268 1792 1304 Allegorical

1582 1304 1814 1338 interpretation

1565 1338 1599 1365 of
1621 1338 1670 1365 the
1698 1347 1839 1373 passage.
