2017 3353
219 258 295 308 378
803 266 1025 297 JoHANNIS
1043 265 1226 297 wvcur
1246 265 1499 299 SERMONUM
1536 252 1687 311 [SERMO
1711 265 1816 292 rvm-

976 393 1169 434 SERMO
1202 394 1344 436 LVIII.

1016 473 1126 507 (Serm.
1149 473 1233 500 Mixt.
1256 473 1305 507 ΙΙ.)

559 548 758 598 Egressus
789 548 899 584 Jeszts
926 548 1224 597 perambulabat
1254 548 1420 584 Jericlzo.
1453 551 1558 587 Luce
1589 551 1687 596 XIX,
1720 563 1750 586 1.

224 605 475 668 {Qesggisssffnggt
561 605 716 642 Patenti
748 605 863 642 litera
896 614 1027 653 potest
1059 607 1134 642 hoc
1167 606 1415 654 evangelium
1448 609 1496 643 ad
1530 621 1689 644 sensum
1722 608 1818 644 alle-

225 676 260 703 be
273 670 468 714 ‚understodd
502 663 682 711 goricum
707 663 761 700 sic
786 663 941 711 exponi,
975 663 1030 699 sic
1060 666 1167 712 quod
1197 673 1353 701 servato
1376 673 1417 700 ut
1442 665 1526 702 basi
1559 668 1609 703 ad
1641 665 1815 702 litteram

259 709 444 773 ilcissffilfilyean
503 723 610 770 quod
653 722 764 758 Jesus
807 733 989 771 egressus
1032 723 1331 770 perambulabat
1372 723 1548 768 Jericl10;
1598 732 1635 760 et
1686 732 1817 772 potest

234 779 407 841 myffiacsgg
427 779 461 806 of
502 779 668 827 intelligi
693 791 872 827 egressus
896 780 945 815 ad
968 778 1125 816 literam
1151 782 1198 816 de
1222 789 1379 816 terrena
1401 782 1633 827 Jerusalem,
1663 781 1816 818 mistice

404 835 409 840 ⁴
503 850 682 885 egressus
722 838 770 873 de
809 845 990 873 materno
1029 846 1144 874 utero
1178 846 1214 874 et
1249 851 1426 886 egressus
1460 841 1506 875 de
1540 839 1675 876 celesti
1707 840 1816 876 Jeru-

501 896 625 948 salem
648 895 756 932 iuxta
778 895 877 931 illud
901 894 1046 931 Psalmi
1070 891 1213 941 XVIIII,
1234 909 1274 943 7:
1307 896 1339 931 A
1361 909 1510 933 summo
1533 898 1612 934 celo
1645 898 1817 948 egressio

501 954 591 990 eius.
648 953 957 990 Perambulabat
1010 962 1145 990 autem
1196 953 1353 990 Jericho
1398 968 1474 1003 que
1530 955 1816 1004 interpretatur

501 1013 595 1048 luna
634 1012 693 1047 vel
731 1013 845 1057 odor,
891 1012 1052 1059 quando
1084 1011 1195 1048 vians
1228 1011 1445 1048 volubilem
1479 1012 1583 1049 viam
1616 1015 1816 1050 tendendo

502 1071 551 1106 ad
611 1069 784 1118 patriam
842 1069 973 1105 emisit
1024 1070 1173 1107 famam
1226 1069 1470 1107 odoriferam
1521 1070 1653 1119 ipsum
1706 1071 1816 1120 sequi

500 1127 725 1164 volentibus
764 1136 807 1163 ut
846 1128 1046 1163 tendendo
1085 1129 1134 1164 ad
1174 1128 1346 1176 patriam
1385 1129 1591 1165 ambulent
1629 1128 1696 1165 illa
1741 1129 1815 1166 via.

227 1185 469 1248 ιζὲἕξέὶῃᾶἑυῖῂρ
501 1187 679 1222 Zacheus
719 1185 787 1234 qui
824 1185 1111 1233 interpretatur
1156 1185 1394 1222 iustificatus
1439 1186 1567 1235 signat
1612 1188 1817 1223 credentes

224 1230 340 1282 >ligulas
361 1259 429 1290 part
448 1255 482 1282 of
503 1257 546 1280 ex
585 1243 780 1291 gentibus,
827 1245 1037 1291 depressos
1082 1256 1152 1292 per
1197 1244 1488 1292 occupaciones
1532 1245 1817 1293 temporalium

249 1290 299 1318 the
318 1290 444 1326 ΟΜΝΗ)
503 1301 570 1350 qui
602 1301 818 1338 illuminati
852 1301 928 1338 fide
962 1301 1127 1350 cupiunt
1156 1301 1288 1339 videre
1315 1303 1468 1349 Jesum;
1502 1304 1605 1339 unde
1639 1303 1818 1352 sequitur

503 1359 543 1396 in
587 1359 810 1407 evangelio:
856 1360 909 1395 Et
946 1372 1029 1396 ecce
1068 1360 1128 1396 vir
1165 1361 1314 1397 nomine
1345 1361 1530 1408 Zaclzeus,
1567 1369 1603 1398 et
1641 1362 1700 1397 hic
1733 1369 1817 1397 erat

497 1418 682 1468 princeps
713 1418 1024 1467 publicanorum,
1058 1426 1093 1454 et
1130 1419 1209 1467 ipse
1241 1419 1364 1465 dives3
1398 1427 1433 1455 et
1464 1420 1645 1468 querebat
1686 1420 1817 1456 videre

501 1476 630 1512 Jesum
669 1476 752 1525 quis
789 1483 885 1512 esset
923 1483 958 1512 et
996 1488 1068 1512 non
1096 1484 1253 1525 poterat
1279 1489 1355 1526 pre
1382 1478 1508 1523 turba,
1541 1477 1626 1526 quia
1664 1484 1814 1513 statura

498 1534 666 1584 pusillus
696 1541 791 1570 erat.

562 1591 753 1637 Quamvis
786 1600 919 1628 autem
952 1591 992 1628 in
1023 1591 1199 1639 negociis
1232 1591 1478 1629 secularibus
1510 1593 1739 1629 laborantes
1768 1594 1815 1629 de

276 1662 376 1701 which
398 1662 423 1689 is
503 1649 641 1686 infima
674 1659 787 1697 parte
811 1649 975 1686 ecclesie
997 1659 1190 1686 vocentur
1225 1649 1378 1685 minimi
1410 1650 1450 1686 in
1482 1663 1603 1698 regno
1638 1651 1815 1687 celorum

216 1702 478 1758 mgfflnffisgfflfflms
506 1709 564 1755 (ut
609 1707 755 1744 dicitur
787 1707 929 1744 Matth.
969 1709 1044 1753 V.)‚
1091 1717 1225 1744 tamen
1279 1709 1451 1756 quedam
1503 1721 1673 1756 persone
1726 1708 1816 1745 talis

215 1766 286 1793 1¹12111
312 1752 627 1814 thgftliglwrpartis
661 1765 825 1802 ecclesie
858 1774 948 1801 sunt
973 1765 1107 1802 multis
1141 1768 1187 1802 de
1220 1775 1333 1814 parte
1365 1779 1551 1814 suprema
1585 1766 1667 1803 eius
1700 1768 1817 1803 devo-

313 1806 389 1836 pa1t.
505 1823 618 1860 cione
651 1833 688 1860 et
721 1823 960 1860 rectitudine
991 1823 1116 1872 magis
1142 1823 1247 1861 iusti.
1273 1825 1386 1861 Unde
1419 1823 1521 1861 sicut
1545 1826 1649 1861 Luce
1673 1826 1816 1861 ΧΥΙΙΙ0

503 1883 618 1919 turbe
663 1883 921 1930 precedentes
972 1882 1190 1918 clamorem
1241 1882 1540 1930 impetrativum
1594 1882 1675 1919 ceci
1726 1884 1817 1919 Jesu

504 1949 620 1978 eunte
663 1952 798 1977 versus
841 1939 999 1976 Jericho
1050 1939 1324 1988 increpabant,
1376 1939 1431 1977 sic
1482 1940 1616 1977 multis
1666 1940 1817 1977 devotis

502 1998 615 2036 laicis
650 1997 968 2034 desiderantibus
1004 2011 1244 2046 cognoscere
1271 1998 1377 2035 viam
1412 1999 1461 2034 ad
1496 1998 1669 2046 patriam
1702 1998 1816 2034 multi

504 2056 571 2106 qui
603 2055 788 2093 videntur
821 2056 1046 2104 superiores
1080 2056 1322 2104 impediunt3
1356 2058 1460 2092 unde
1484 2057 1600 2093 turba
1633 2065 1691 2093 est
1723 2055 1817 2092 vici-

503 2128 619 2152 orum
654 2116 902 2151 consuetudo
926 2127 1002 2163 que
1026 2114 1231 2162 prohibuit
1260 2123 1446 2151 naturam
1476 2113 1648 2150 hominis
1682 2127 1816 2151 cecam

504 2174 729 2210 declamare
770 2174 818 2208 ad
853 2171 1070 2209 Dominum
1110 2185 1182 2221 pro
1228 2173 1367 2209 salute.
1408 2173 1484 2208 Sed
1530 2184 1646 2208 cecus
1692 2171 1817 2209 conti-

502 2232 664 2268 nuando
698 2231 917 2266 clamorem
949 2231 1109 2267 turbam
1142 2230 1247 2266 vicit.
1282 2229 1346 2266 Sic
1369 2231 1547 2266 Zacheus
1580 2230 1748 2266 tenellus
1778 2229 1818 2266 in

505 2289 580 2325 fide
619 2288 798 2325 tollendo
839 2300 998 2324 crucem
1043 2297 1080 2324 et
1124 2289 1376 2325 ascendendo
1420 2287 1459 2323 in
1503 2287 1715 2324 virtutibus
1759 2300 1817 2324 se-

505 2347 664 2395 quendo
698 2345 902 2382 Christum
946 2347 1107 2382 turbam
1151 2345 1373 2394 predictam
1417 2345 1682 2382 transcendit:
1722 2346 1817 2382 Pre-

505 2417 680 2450 czwrens,
724 2403 853 2452 inquit
901 2403 1162 2451 evangelium,
1208 2404 1378 2440 ascendit
1415 2404 1450 2439 in
1489 2405 1669 2440 arborem
1701 2416 1817 2455 syco-

504 2474 670 2510 morum,
714 2470 753 2498 ut
799 2462 945 2498 videret
987 2462 1130 2507 Jesum,
1181 2461 1265 2510 qnia
1311 2462 1397 2498 inde
1440 2469 1524 2498 erat
1568 2462 1816 2498 transiturus.

575 2606 593 2624 1.
629 2596 689 2631 Qui
722 2596 771 2623 hic
805 2601 948 2623 secuntur
981 2604 1138 2622 sermones
1174 2596 1202 2622 in
1235 2596 1302 2623 cod.
1334 2596 1458 2623 Cambr,
1488 2596 1540 2630 (A)
1571 2596 1601 2623 in
1634 2596 1691 2623 fine
1724 2595 1818 2630 partis

505 2631 656 2658 secundae
670 2631 821 2658 habentur
834 2630 894 2663 (fol.
911 2629 1101 2665 2340—2371‘).
1146 2630 1170 2657 5.
1189 2630 1235 2657 ΒΕ
1250 2630 1279 2657 in
1296 2639 1408 2665 marg:
1423 2630 1457 2657 In
1472 2630 1668 2658 dedicacione
1683 2629 1816 2657 ecclesie.

505 2666 543 2693 ib.
556 2666 701 2701 Vulgate:
718 2664 758 2693 Et
774 2666 934 2701 ingressus
951 2665 1195 2700 perambulabat.
1241 2673 1268 2696 Q.
1284 2664 1322 2692 E:
1339 2665 1451 2692 Psalmi
1465 2664 1552 2695 VIII:
1574 2664 1613 2692 ib.
1629 2665 1671 2692 D:
1695 2672 1817 2691 summo

505 2701 569 2727 celi.
645 2699 681 2727 13.
704 2701 748 2728 A:
771 2700 807 2727 ad
830 2699 1043 2735 penitenciam.
1124 2708 1162 2733 17.
1185 2697 1306 2726 BCDE:
1328 2699 1365 2726 Et
1385 2699 1478 2726 deest.
1558 2707 1599 2738 ¹9·
1621 2698 1740 2726 BCDE:
1764 2706 1818 2725 nec

506 2739 633 2769 poterut.
723 2734 768 2761 28.
790 2734 832 2761 D:
854 2742 1037 2772 cognoscere
1059 2734 1159 2763 deest:
1190 2734 1210 2760 B
1238 2734 1266 2761 iu
1295 2742 1407 2769 marg:
1429 2733 1535 2761 Turba
1562 2733 1733 2768 lmpediens
1759 2734 1817 2760 cla-

508 2778 624 2805 morem
647 2769 707 2796 ccci
725 2769 800 2807 *quid
823 2769 981 2803 sigmficat.
1008 2802 1015 2805 ᾗ
1032 2776 1079 2803 29.
1104 2770 1122 2794 Η
1145 2768 1173 2807 iu
1196 2777 1307 2807 marga
1329 2768 1409 2795 Nota
1432 2769 1515 2795 bene.
1571 2767 1616 2795 30.
1640 2767 1679 2795 C:
1701 2776 1815 2795 cecum.

506 2803 550 2832 35.
571 2803 616 2831 ’50-
639 2804 683 2831 A:
705 2812 907 2830 ClCOmOsum.
980 2802 1026 2830 30.
1047 2802 1113 2830 BC:
1138 2803 1251 2830 vlderet
1271 2804 1367 2830 illum.

578 2898 602 2918 1.
631 2886 681 2918 Cf.
700 2886 859 2929 Wyclifs
886 2886 1052 2918 Sermons
1079 2886 1130 2917 ed.
1161 2887 1204 2928 by
1230 2886 1364 2917 Arnold
1393 2886 1432 2924 11,
1461 2885 1544 2917 208.

1833 670 1849 702 5

1838 970 1874 990 10

1837 1248 1872 1279 15

1831 1547 1873 1568 20

1834 2114 1875 2147 30

1833 2404 1873 2437 35
