2017 3353
230 242 366 271 samio
379 230 436 290 u.]
739 243 879 274 PRIMA
898 242 1023 274 PARS.
1806 247 1829 286 9

745 403 940 445 SERMO
973 404 1020 444 ΙΙ.

287 526 415 562 Erunt
451 525 565 576 signa
602 524 638 559 in
683 523 764 560 sole
809 529 844 559 et
888 522 978 558 luna
1024 529 1059 558 et
1097 522 1230 567 stellis,
1283 522 1404 561 Luce.
1443 522 1542 567 XXI,

234 585 299 630 25,
336 584 402 620 26.

291 643 378 678 Hoc
402 639 653 689 evangelium
677 638 772 676 facit
795 638 1048 675 mencionem
1073 639 1121 674 de
1144 637 1269 674 tercio
1293 636 1441 673 Christi
1474 637 1544 673 ad-

200 704 368 746 5ventu‚
404 708 441 736 et
474 706 626 746 quanta
658 697 840 745 pericula
872 696 1006 744 ipsum
1040 697 1271 744 precedent,
1304 703 1348 731 ut
1380 694 1544 731 caucius

234 766 462 796 caveantur.
499 757 640 803 Erunt,
674 755 818 803 inquit,
852 755 967 806 signa
999 755 1035 791 in
1067 755 1148 791 sole
1169 761 1205 790 et
1238 754 1329 790 luna
1352 760 1387 790 et
1408 753 1543 801 stellis,

234 825 268 854 et
301 816 338 854 in
371 815 488 853 terris
503 826 695 864 pressura
716 814 895 865 gencium
913 825 989 862 pre
1011 813 1232 863 confusione
1255 812 1401 848 sonitus
1424 811 1545 847 maris

234 883 270 912 et
290 874 498 925 fluctuum,
532 873 792 909 arescentibus
821 871 1035 908 hominibus
1060 883 1136 921 pre
1167 871 1305 907 timore
1327 877 1362 906 et
1384 880 1544 920 exspec-

235 933 382 970 tacione
414 944 485 982 que
515 931 783 980 supervenient
815 930 994 967 universo
1028 930 1125 968 orbi.

182 1005 234 1027 10..
295 993 337 1028 In
377 1002 473 1038 quo.
495 998 602 1025 textu
641 988 800 1025 videtur
841 989 891 1024 ad
934 987 1093 1024 literam
1128 987 1237 1035 quod
1271 986 1453 1023 Christus
1486 998 1545 1022 sa·
1561 984 1665 1046 22¹³&
1681 984 1749 1046 ‘glus
1766 984 1835 1010 how

237 1049 393 1098 pienter
442 1047 624 1084 dividens
669 1048 776 1083 hunc
828 1047 1023 1082 mundum
1072 1045 1112 1082 in
1159 1045 1461 1081 firmamentum
1509 1052 1547 1080 et
1596 1026 1821 1093 ςῖξέπεὲἧιέιΐιγ

237 1120 396 1155 speram
426 1105 686 1142 sublunarem
712 1104 1014 1141 ordinatissime
1037 1112 1150 1140 notat
1174 1103 1380 1151 quomodo
1405 1114 1545 1138 secun-
1561 1089 1699 1152 suossetrhugx
1710 1090 1837 1151 &gfff

238 1167 333 1202 dum
346 1174 423 1201 tres
439 1172 573 1212 partes
584 1162 828 1200 firmamenti
843 1161 1054 1210 precipuas
1069 1174 1163 1210 pars
1180 1160 1408 1197 sublunaris
1419 1172 1545 1208 prope

238 1224 357 1260 finem
377 1222 498 1260 seculi
517 1221 717 1270 pacietur:
743 1222 785 1257 In
803 1221 886 1257 sole
905 1220 1067 1268 quidem
1088 1233 1110 1257 a
1129 1232 1208 1269 quo
1227 1231 1368 1256 omnes
1388 1218 1547 1267 planete

183 1286 219 1319 15
237 1282 299 1318 vel
333 1290 440 1318 astra
463 1280 629 1328 capiunt
661 1279 793 1316 lucem
831 1291 961 1325 suam,
997 1286 1034 1315 et
1070 1290 1142 1326 per
1177 1289 1428 1325 consequens
1463 1284 1547 1312 tota

238 1352 370 1376 massa
403 1351 517 1388 spere
550 1337 877 1386 corruptibilium
912 1336 1129 1385 regulatur,
1180 1344 1217 1372 et
1251 1336 1346 1372 luna
1379 1347 1456 1383 que
1489 1343 1547 1371 est

238 1399 399 1446 planeta
422 1396 683 1434 —bassissima
732 1404 769 1432 et
817 1395 1034 1432 informata
1078 1383 1225 1431 virtute
1271 1393 1547 1440 cuiuscunque

179 1462 192 1472 ·
224 1456 335 1493 ‘astri
368 1454 601 1503 superioris,
644 1463 681 1491 et
713 1454 838 1491 stellis
871 1453 1095 1490 secundum
1128 1452 1275 1501 figuras
1302 1460 1339 1489 et
1361 1459 1546 1499 aspectus

238 1515 288 1551 ad
328 1513 642 1562 disposicionem
687 1512 794 1561 passi
829 1511 1042 1549 terrestris.
1078 1511 1182 1556 Quia
1227 1510 1411 1547 acciones
1450 1509 1548 1546 acti-

181 1588 222 1609 20
238 1585 379 1609 vorum
414 1580 505 1608 sunt
538 1572 577 1608 in
616 1571 758 1619 passis,
798 1570 889 1607 ideo
923 1569 1106 1607 Christus
1138 1568 1336 1617 premittit
1377 1567 1547 1616 disposi-

120 1626 198 1688 F013]
239 1631 397 1668 cionem
437 1630 603 1666 materie
642 1628 893 1675 sublunaris;
923 1624 928 1682 Ι
956 1628 1063 1664 unde
1104 1640 1194 1664 cum
1230 1627 1334 1663 inter
1378 1638 1549 1674 corpora

123 1683 180 1712 ¹42
238 1689 314 1726 ista
353 1688 590 1725 sublunaria
631 1700 741 1724 mare
786 1687 836 1724 sit
881 1686 1011 1723 maius
1053 1694 1090 1722 et
1139 1684 1353 1722 influencie
1393 1683 1549 1721 celestis

239 1747 440 1795 capacius,
494 1745 693 1794 premittit
742 1745 925 1781 Christus
979 1743 1256 1781 confusionem
1307 1742 1412 1778 illius
1462 1754 1549 1778 cor-

239 1805 348 1852 poris
401 1817 445 1840 ex
497 1812 676 1852 peccato,
738 1805 842 1839 Nam
891 1815 971 1839 non
1023 1810 1081 1838 est
1125 1802 1230 1850 gula,
1284 1796 1842 1861 homicidiumMutfflalinfluencg

182 1870 221 1902 25
239 1862 301 1900 vel
335 1862 528 1899 discrasia
553 1861 766 1909 culpabilis
801 1859 1006 1909 regiminis
1030 1859 1197 1896 humani
1222 1858 1417 1906 corporis,
1452 1857 1549 1905 quin
1566 1841 1600 1868 of
1617 1841 1815 1900 maenffnadan

240 1921 346 1958 cedit
378 1921 428 1956 ad
461 1919 773 1968 proposcionem
808 1918 966 1956 celestis
998 1917 1215 1954 influencie
1248 1917 1383 1965 quoad
1423 1928 1547 1961 mare,

239 1992 330 2029 cum
365 1978 487 2015 occisi
521 1977 777 2026 culpabiliter
815 1977 855 2013 in
898 1976 1000 2013 mari
1032 1976 1189 2012 variant
1227 1975 1360 2023 ipsum
1394 1974 1549 2011 subiec-

240 2046 338 2084 tum,
389 2046 426 2073 et
463 2036 570 2074 venti
610 2036 832 2072 deferentes
866 2033 1116 2071 exalaciones
1149 2046 1367 2081 corporum
1406 2033 1549 2069 huma-

239 2108 384 2132 norum
411 2095 563 2131 faciunt
587 2093 849 2131 conformiter
871 2092 1141 2130 variacionem
1176 2091 1215 2128 in
1240 2091 1354 2137 mari,
1389 2100 1427 2128 et
1457 2103 1547 2127 cum

305 2204 324 2223 ι.
347 2196 373 2222 Α
394 2195 424 2222 in
447 2203 543 2229 marg.
569 2202 638 2230 sup.
658 2193 728 2222 Fol.
750 2199 813 2227 ¹42⁰
845 2213 853 2220 .
875 2214 881 2220 .
902 2196 977 2221 runt
992 2193 1085 2229 signa
1106 2192 1137 2220 in
1163 2192 1230 2220 sole
1247 2191 1336 2219 Luce.
1357 2190 1459 2219 XXI0.
1498 2191 1550 2218 Sol

234 2230 354 2258 iusticie
374 2231 476 2266 primo
502 2230 621 2256 mistice
640 2229 696 2256 fuit
721 2229 752 2256 in
773 2229 871 2263 signis
892 2234 920 2255 et
941 2229 1031 2263 signa
1050 2228 1080 2255 in
1102 2235 1156 2261 eo3
1190 2227 1292 2262 primo
1312 2226 1370 2254 fuit
1398 2247 1404 2252 .
1428 2247 1434 2253 .
1456 2246 1463 2252 .
1491 2226 1552 2254 vir-

235 2266 305 2298 gine
329 2265 496 2297 nascendo,
519 2264 658 2291 secundo
679 2264 708 2291 in
727 2264 822 2291 ariete
843 2263 1010 2298 paciendo,
1030 2261 1126 2290 tercio
1147 2263 1177 2289 in
1199 2264 1288 2289 leone
1308 2260 1504 2296 resurgendo
1524 2265 1552 2288 et

235 2304 346 2336 quarto
367 2300 425 2327 erit
444 2300 475 2326 in
498 2299 576 2326 libra
598 2320 603 2326 .
627 2319 634 2326 .
657 2319 664 2326 .
685 2304 713 2326 te
734 2299 912 2326 iudicando.
941 2297 1038 2333 Signa
1059 2297 1156 2324 eciam
1178 2301 1251 2324 sunt
1270 2297 1301 2324 in
1322 2297 1399 2330 sole,
1421 2304 1548 2330 Signum

235 2335 353 2362 scilicet
373 2334 488 2362 amoris
508 2335 539 2361 in
556 2331 746 2361 humanitate
761 2333 927 2366 nascentis,
949 2334 1073 2367 signum
1089 2333 1153 2359 oris
1167 2333 1199 2359 in
1217 2331 1382 2367 penalitate
1395 2332 1549 2366 pacientis

235 2391 242 2397 .
266 2390 272 2396 .
295 2390 301 2396 .
319 2378 372 2397 um
393 2369 539 2396 doctoris
553 2369 583 2396 in
600 2369 739 2396 claritate
754 2388 761 2395 .
784 2389 790 2394 .
813 2388 819 2394 .
836 2368 977 2402 urgentis
992 2372 1021 2395 et
1042 2368 1167 2401 signum
1187 2366 1303 2394 furoris
1319 2388 1325 2394 .
1347 2385 1354 2392 .
1377 2386 1383 2392 .
1401 2370 1464 2393 tute
1485 2366 1550 2392 sive

237 2404 398 2432 severitate
419 2424 424 2430 .
448 2424 454 2430 .
476 2424 482 2430 .
499 2403 580 2431 antis
603 2424 608 2429 .
631 2423 638 2429 .
662 2423 670 2430 .
690 2403 804 2430 debent
824 2402 920 2430 filium
942 2402 1079 2430 hominis
1095 2401 1177 2429 Luce
1192 2401 1283 2429 XXI.
1305 2421 1312 2428 .
1336 2421 1341 2427 .
1363 2401 1454 2428 ebent
1468 2400 1549 2427 enim

235 2439 408 2466 venientem
437 2438 468 2466 in
498 2438 537 2465 hu
554 2459 560 2464 .
578 2437 699 2473 .nitate,
731 2442 766 2465 ut
799 2438 904 2465 timeat
932 2443 960 2464 et
993 2458 999 2464 .
1023 2457 1028 2463 .
1053 2458 1058 2463 .
1079 2441 1127 2463 cat
1156 2444 1231 2471 gens
1258 2435 1389 2471 perdita.
1412 2456 1418 2462 .
1441 2455 1448 2462 .
1471 2456 1477 2462 .
1517 2435 1551 2462 ln

235 2474 282 2501 cla
302 2494 308 2500 .
331 2494 337 2500 .
359 2495 367 2501 .
391 2479 429 2508 te,
451 2482 487 2500 ne
514 2474 625 2500 lateant
654 2474 706 2500 sed
729 2477 819 2508 pate.
841 2477 869 2500 .t
899 2472 1092 2506 abscondita,
1118 2471 1147 2498 in
1178 2475 1328 2506 potestate
1344 2491 1350 2496 .
1373 2490 1378 2496 .
1400 2475 1411 2497 t
1436 2470 1552 2497 tribuat

237 2514 266 2536 et
287 2509 417 2542 puniant
437 2509 503 2542 (sic)
525 2513 597 2543 pat.
616 2528 622 2533 .
640 2528 646 2533 .
663 2529 668 2534 .
685 2514 713 2535 et
734 2507 870 2540 flagicias
910 2507 989 2540 (Fol.
1007 2515 1054 2539 142
1070 2511 1097 2532 et
1117 2513 1204 2541 seqq.
1225 2506 1255 2533 in
1283 2513 1381 2539 marg.
1406 2505 1552 2538 abscisa).

236 2552 261 2570 2.
283 2545 305 2571 B
336 2545 366 2570 in
396 2551 515 2577 marg.:
546 2542 710 2570 Dominiea
739 2544 885 2569 secunda.
997 2541 1025 2569 6.
1047 2542 1099 2569 A:
1131 2541 1219 2574 signa
1246 2541 1276 2567 in
1303 2540 1375 2567 luna
1395 2545 1423 2567 et
1444 2540 1551 2567 stellis.

237 2586 264 2614 7.
287 2578 329 2606 C:
355 2578 578 2613 post-fusione.
697 2586 725 2612 9.
748 2577 790 2604 C:
814 2577 1020 2612 superveniet.
1153 2584 1184 2602 11.
1207 2575 1248 2602 B:
1270 2576 1424 2602 mundum
1444 2575 1549 2601 istum.

237 2613 280 2641 16.
302 2615 349 2640 A:
372 2620 461 2647 spere
481 2612 699 2650 corporalium.
807 2619 846 2647 ¹7·
866 2613 915 2639 A:
938 2611 1105 2638 bassimus.
1213 2618 1254 2645 19.
1276 2612 1325 2637 A:
1347 2613 1375 2636 et
1395 2609 1549 2636 acciones.

237 2655 284 2675 20.
305 2650 353 2675 A:
372 2646 518 2686 passivis,
538 2648 607 2674 ideo
629 2646 770 2674 Christus
791 2646 938 2681 prevenit.
1086 2653 1127 2673 21.
1148 2643 1192 2672 C:
1223 2652 1356 2680 corpora
1376 2644 1426 2671 illa
1447 2651 1550 2671 crassa

238 2691 323 2710 mare
354 2686 392 2709 Slt
423 2682 541 2715 maius;
571 2684 617 2709 A:
649 2682 759 2715 magis.
872 2680 919 2708 28.
948 2682 997 2708 A:
1028 2680 1215 2708 differentes.
1332 2685 1381 2715 29.
1401 2681 1448 2706 A:
1479 2686 1552 2705 con-

237 2717 379 2745 formiter
398 2732 432 2736 —
451 2716 602 2752 accipitur
623 2716 719 2743 deest.

252 2831 262 2841 ,
311 2812 336 2832 1.
356 2800 408 2832 Cf.
428 2800 588 2843 Wyclif's
608 2801 775 2832 Sermons
792 2800 844 2832 ed.
861 2799 905 2842 by
922 2800 1066 2840 Arnold,
1082 2806 1166 2831 tom.
1182 2799 1207 2838 Ι,
1221 2796 1358 2840 68-70
1431 2806 1483 2827 20.
1499 2795 1550 2827 Cf.

235 2846 443 2894 Trialogum
478 2846 550 2878 125.
