2017 3353
166 276 211 301 ιΟ
745 270 969 302 JOHANNIS
989 271 1170 302 WYCMF
1198 271 1457 303 SERMONUM
1552 256 1707 315 [SERMO
1722 269 1758 296 ll-

448 378 615 415 materia
652 385 817 414 ventosa
857 375 1060 424 copiosius
1102 377 1150 413 de
1194 376 1295 413 mari
1337 376 1476 413 alciori
1514 385 1620 414 terra
1654 380 1759 416 acci—

447 436 567 485 pitur,
601 448 682 472 non
716 435 863 471 mirum
905 434 936 471 si
971 447 1014 471 ex
1046 434 1122 472 ista
1154 434 1348 472 varietate
1381 443 1465 471 tota
1497 443 1609 472 terra
1642 437 1755 473 habi-

448 494 580 531 tabilis
613 493 805 531 variatur.
840 492 1019 529 Medium
1045 493 1150 529 enim
1177 492 1388 529 continens
1412 494 1635 530 secundum
1669 495 1756 543 phi—

447 553 638 600 losophos
671 559 915 588 transmutat
938 558 976 587 et
997 550 1125 587 variat
1148 550 1332 587 homines
1357 559 1567 587 contentos
1590 551 1630 588 in
1654 552 1755 601 ipso,

448 619 484 647 et
516 623 588 658 per
619 609 724 646 idem
751 609 866 646 aliter
889 621 1008 656 quarn
1033 608 1171 645 fuisset
1204 608 1245 644 in
1270 616 1377 645 statu
1402 608 1638 646 innocencie
1661 623 1755 647 con-
1773 615 1789 647 5

447 668 628 705 funditur
660 680 782 704 sonus
817 667 938 703 maris
972 676 1008 702 et
1042 666 1254 704 fluctuum,
1299 668 1349 702 Et
1382 678 1475 702 cum
1510 675 1589 703 tres
1622 678 1757 715 partes

448 725 694 763 firmamenti
727 724 888 762 nonnisi
923 737 966 761 ex
999 732 1166 771 peccato
1199 732 1337 760 nostro
1371 724 1410 760 in
1436 723 1583 761 virtute
1605 726 1665 762 vel
1700 727 1758 763 in-

447 784 620 821 fluencia
653 783 872 828 variantur,
907 791 944 819 et
977 781 1202 818 activorum
1238 781 1425 819 acciones
1460 782 1667 820 variantur
1698 797 1757 822 se-

448 843 625 880 cundum
672 840 964 889 disposiciones
1010 853 1238 888 passorum,
1285 851 1368 876 non
1414 839 1560 878 mirum
1607 841 1639 878 si
1679 842 1758 879 dis-

448 901 579 938 crasia
612 900 652 936 in
685 899 865 936 moribus
898 898 1026 935 variat
1059 906 1186 935 totam
1220 910 1380 946 speram
1416 899 1756 947 corruptibilium.
1779 916 1817 938 10

449 959 598 996 Omnia
631 966 765 995 autem
807 957 882 993 ista
915 956 1028 1004 signa
1061 965 1154 993 sunt
1186 955 1440 1004 originaliter
1472 965 1510 993 et
1542 958 1759 995 causaliter

449 1017 489 1054 in
522 1016 649 1053 tribus
682 1014 874 1063 predictis
899 1014 1157 1062 corporibus;
1192 1023 1230 1051 et
1262 1027 1353 1051 cum
1379 1014 1545 1052 homine
1577 1026 1759 1054 servante

151 1070 232 1133 ‘steen
251 1070 433 1140 ζηῗὲιῖἀὴζὶξ
451 1075 535 1112 sine
568 1082 736 1122 peccato
770 1082 918 1110 statum
954 1072 1189 1110 innocencie
1223 1072 1475 1121 regularetur
1515 1073 1555 1109 in
1588 1074 1758 1123 disposi-

180 1141 239 1175 sin,
261 1141 319 1167 and
344 1147 414 1167 men
450 1132 632 1170 cionibus
679 1130 859 1179 corporis
900 1132 1033 1178 quoad
1078 1130 1212 1168 locum
1254 1139 1291 1167 et
1336 1139 1496 1178 tempus
1536 1134 1757 1170 secundum

245 1174 350 1203 suffer.
449 1190 773 1228 conformitatem
809 1188 929 1225 medii
965 1188 1221 1235 continentis,
1256 1201 1301 1226 ac
1336 1188 1517 1225 medium
1552 1203 1596 1227 ex
1629 1192 1759 1229 causis
1781 1196 1816 1229 15

448 1248 637 1297 predictis
671 1249 771 1284 adeo
795 1247 985 1292 variatur,
1020 1259 1100 1282 non
1135 1247 1283 1283 mirum
1309 1247 1341 1284 si
1363 1246 1552 1284 homines
1576 1259 1758 1287 arescent

448 1320 469 1344 a
493 1306 768 1354 complexione
791 1304 965 1342 naturali
989 1305 1039 1341 ad
1065 1304 1347 1342 melancoliam
1374 1313 1542 1353 propter
1563 1307 1759 1344 terrestri-

447 1373 570 1402 tatem
617 1363 737 1401 medii
771 1362 1025 1420 continentis,
1073 1372 1111 1400 et
1155 1363 1210 1400 sic
1246 1372 1330 1400 tum
1377 1371 1544 1411 propter
1588 1365 1759 1417 impres-

447 1422 600 1460 sionem
621 1422 845 1459 naturalem
863 1430 1106 1468 extraneam,
1128 1429 1212 1458 tum
1229 1422 1356 1458 eciam
1376 1429 1542 1469 propter
1559 1424 1758 1461 terrestri-

448 1489 570 1518 tatem
595 1480 716 1517 medii
740 1479 951 1527 intercepti
967 1479 1157 1516 internos
1178 1488 1216 1517 et
1233 1480 1377 1527 celum,
1404 1480 1561 1517 exclusa
1584 1483 1758 1520 naturali
1776 1488 1817 1520 26

450 1538 678 1585 influencia,
724 1538 877 1574 viantes
915 1538 1054 1574 timore
1094 1538 1333 1575 naturaliter
1370 1546 1463 1575 sunt
1500 1541 1680 1586 percussi
1721 1550 1758 1578 et

448 1597 723 1646 exspectabunt
754 1595 973 1632 vindictam
1014 1596 1223 1643 maiorem,
1261 1596 1373 1633 cuius
1413 1596 1482 1632 illa
1520 1596 1633 1645 signa
1665 1608 1757 1635 sunt

449 1654 690 1704 prenostica.
738 1657 788 1690 Et
820 1666 910 1690 cum
946 1662 1028 1690 tota
1068 1663 1171 1692 terra
1209 1654 1440 1691 habitabilis
1472 1654 1523 1691 sit
1554 1656 1755 1704 particeps

449 1713 488 1750 in
522 1712 681 1759 delicto,
722 1724 803 1748 non
845 1712 990 1748 mirum
1033 1712 1063 1748 si
1097 1725 1119 1749 a
1152 1713 1239 1749 celo
1277 1713 1544 1762 supervenient
1576 1715 1755 1752 universo

449 1772 533 1809 orbi
564 1769 797 1807 huiusmodi
821 1770 1024 1806 discrasie.
1067 1771 1145 1807 Sed
1175 1783 1267 1807 curn
1293 1769 1485 1807 discrasie
1519 1770 1753 1809 huiusmodi
1772 1777 1811 1810 25

448 1842 529 1866 non
563 1828 850 1866 continuantur
882 1828 921 1864 in
955 1828 1170 1875 infinitum,
1205 1836 1316 1876 patet
1348 1829 1469 1877 quod,
1505 1829 1753 1868 habito‘ter-

450 1887 559 1924 mino
588 1886 821 1924 huiusmodi
850 1886 1089 1923 innaturalis
1122 1885 1465 1935 indisposicionis‚
1504 1888 1664 1925 virtutes
1696 1901 1756 1925 ce-

450 1946 576 1982 lorum
609 1945 874 1992 movebuntur,
918 1944 979 1980 vel
1013 1946 1286 1982 convertendo
1320 1945 1471 1982 viantes
1516 1947 1566 1982 ad
1613 1946 1756 1984 melius

174 2043 180 2050 ,
449 2004 509 2040 vel
542 2003 617 2040 iter
646 2003 847 2039 viancium
884 2003 1174 2041 consumando.

160 2043 254 2084 que
286 2044 362 2072 ³¹¹³„
400 2045 436 2072 be
510 2061 563 2097 Et
584 2069 672 2097 tunc
696 2060 875 2098 videbunt
886 2061 1018 2111 filium
1044 2061 1207 2097 hominis
1230 2060 1437 2097 venientem
1464 2061 1500 2097 in
1524 2062 1683 2099 nubibus
1705 2063 1790 2101 ad3

163 2081 242 2107 allve
262 2085 291 2107 at
311 2080 361 2107 the
377 2081 435 2118 day
1795 2080 1815 2101 0

183 2114 405 2149 ofjudgment.
452 2119 570 2156 finale
602 2118 796 2155 iudicium
826 2131 910 2154 cum
937 2125 1128 2166 potestate
1158 2131 1303 2169 magna
1338 2117 1608 2155 multitudinis
1640 2133 1756 2168 ange-

452 2177 582 2213 lorum
607 2183 641 2212 et
664 2176 875 2221 maiestate,
905 2175 943 2211 in
963 2188 1042 2222 qua
1066 2175 1277 2223 apparebit
1296 2188 1367 2212 sua
1386 2176 1574 2213 divinitas
1594 2177 1754 2214 scienti-

451 2236 523 2271 bus
547 2234 720 2282 perfecte
744 2233 874 2282 legere
898 2233 973 2270 ista
997 2233 1128 2281 signa;
1154 2242 1191 2270 et
1214 2246 1257 2270 ex
1280 2233 1358 2270 isto
1383 2234 1540 2271 videtur
1563 2237 1671 2282 quod
1694 2236 1753 2272 in-

451 2301 579 2329 stante
604 2301 786 2339 tempore
803 2291 931 2328 finalis
956 2290 1094 2327 iudicii
1114 2300 1229 2328 erunt
1247 2291 1409 2339 quidem
1425 2291 1578 2329 viantes
1603 2294 1752 2331 residui

450 2350 516 2398 qui
532 2350 725 2386 videbunt
746 2351 817 2386 hec
836 2349 968 2397 signa3
994 2350 1041 2385 de
1058 2349 1202 2397 quibus
1218 2349 1375 2386 videtur
1392 2350 1619 2397 apostolum
1640 2352 1750 2400 loqui
1767 2358 1806 2392 35

449 2409 715 2454 I⁸Thess.IV⁰,
740 2409 806 2444 16:
831 2408 928 2454 Nos,
946 2407 1088 2455 inquit,
1105 2408 1169 2456 qui
1182 2408 1356 2455 vivimus,
1373 2409 1436 2458 qui
1449 2409 1594 2445 residui
1605 2422 1748 2457 sumus,

446 2466 562 2503 simul
589 2466 789 2515 rapiemur
817 2465 852 2502 in
881 2466 1038 2502 nubibus
1062 2478 1146 2502 cum
1174 2465 1328 2502 Christo
1358 2467 1394 2502 in
1421 2478 1526 2503 aera.
1557 2468 1634 2503 Sed
1656 2467 1750 2516 quia

517 2573 538 2593 1.
559 2565 601 2593 B:
634 2565 784 2600 accipitur
814 2568 946 2593 correct.
975 2573 1011 2592 ex
1040 2565 1241 2599 acciperetur.
1367 2572 1393 2593 2.
1414 2566 1461 2593 A:
1482 2569 1562 2593 terra
1584 2566 1754 2595 variabilis.

447 2599 472 2628 3.
493 2601 545 2628 A:
567 2599 814 2636 philosophicos.
940 2607 966 2635 7.
987 2599 1063 2627 AC:
1085 2607 1146 2627 non
1168 2608 1203 2627 ex
1224 2604 1360 2634 peccato.
1487 2608 1529 2627 10.
1550 2600 1595 2628 C:
1616 2601 1755 2635 variant;

445 2635 479 2662 B.
500 2635 620 2663 variant
640 2642 719 2662 corr.
742 2635 772 2662 in
792 2634 899 2662 variat.
1027 2642 1067 2661 ιο.
1088 2635 1132 2662 A:
1158 2643 1281 2670 speram
1303 2635 1523 2670 corporalium.
1653 2644 1685 2663 ιι.
1709 2637 1754 2663 A:

446 2675 517 2697 sunt
537 2670 646 2703 exigua
666 2673 703 2697 et.
778 2677 816 2696 12.
839 2671 882 2696 A:
904 2673 1035 2696 servant.
1123 2670 1161 2697 16.
1190 2671 1237 2697 A:
1270 2670 1448 2697 horrescent
1473 2678 1489 2697 a
1516 2670 1753 2698 commixcione.

445 2706 490 2732 A:
512 2705 739 2732 malencoliam.
814 2703 853 2731 18.
875 2705 918 2732 A:
942 2703 1228 2739 impremissionem
1250 2704 1418 2732 naturalem
1508 2712 1546 2732 21.
1567 2704 1752 2733 B:timoris.

444 2747 488 2767 22.
504 2739 543 2767 B:
564 2740 622 2766 ista
637 2739 735 2773 signa.
815 2738 856 2766 23.
873 2738 945 2766 AC:
966 2743 1026 2765 tota
1042 2739 1228 2766 habitabilis.
1301 2746 1345 2774 27.
1360 2740 1405 2766 A:
1418 2739 1599 2766 huiusmodi
1612 2739 1755 2767 materia-

445 2775 494 2802 lis.
581 2781 630 2811 29.
655 2776 701 2801 A:
721 2773 767 2801 vel
793 2773 887 2800 vitam
914 2773 1080 2801 viancium.
1162 2781 1209 2810 29.
1239 2774 1310 2802 AB:
1346 2774 1570 2801 consumendo.
1644 2772 1691 2803 30.
1713 2774 1752 2801 B:

445 2809 594 2836 veniente.
668 2806 712 2835 32.
734 2809 778 2836 A:
799 2807 906 2835 deitas.
979 2806 1025 2836 36.
1041 2809 1088 2836 A:
1105 2808 1131 2836 [n
1145 2808 1258 2837 Thess.
1273 2808 1330 2836 1V0
1344 2809 1438 2836 deest.

517 2890 568 2926 29.
597 2881 712 2912 Lucae
738 2880 825 2920 XXI,
854 2891 910 2923 27·
