2017 3353
209 238 225 274 3
244 237 289 274 52
792 236 1016 270 JOHANNIS
1036 234 1220 267 WYCLIF
1239 233 1493 265 SERMONUM
1558 218 1709 275 [SERMO
1730 227 1808 254 LIII-

491 345 658 394 intelligi
683 345 845 394 quando
870 342 984 378 dicit:
1018 341 1101 377 Hec
1133 348 1188 377 est
1221 340 1295 375 vita
1329 346 1472 384 eterna7
1507 345 1547 373 ut
1578 343 1811 387 cognoscant

491 413 525 441 te
556 405 680 441 solum
716 415 847 439 verum
880 401 1005 436 Deum
1045 406 1080 435 et
1123 411 1231 447 quem
1271 397 1407 433 misisti
1434 396 1561 432 Jesum
1602 394 1811 430 Christian.

493 464 562 499 Illa
595 462 699 498 enim
724 461 831 497 clara
856 457 1038 506 cognicio
1062 456 1126 504 gig
1153 452 1158 509 Ι
1186 455 1244 491 nit
1267 453 1550 491 inevitabiliter
1568 452 1810 489 volicionem
1828 432 1911 509 [ῑὲἰῇ

494 530 530 557 et
570 519 636 556 illa
680 517 824 555 volicio
872 518 1019 552 bonam
1053 513 1362 563 quietacionem‚
1408 520 1445 548 et
1482 511 1538 547 sic
1576 509 1813 557 intelligitur

494 579 542 615 de
582 577 668 614 aliis
701 574 897 624 potenciis
938 573 1069 609 anime
1107 580 1189 608 tam
1229 569 1429 619 organicis
1469 581 1590 617 quam
1630 580 1710 603 non
1751 571 1846 602 0125

495 635 658 684 gaiiicis.
692 634 826 669 Virtus
858 631 963 668 enim
997 643 1077 666 non
1101 629 1245 666 dicitur
1268 628 1390 665 viriva
1414 626 1515 663 sicut
1537 638 1609 662 nec
1633 624 1814 661 caliditas

495 692 726 730 calefactiva
758 690 834 727 nisi
867 689 960 738 quia
992 688 1215 724 subiectum
1247 687 1465 723 secundum
1500 684 1704 720 racionem
1738 694 1816 730 qua

495 751 663 788 virivum
702 750 763 786 vel
803 746 1078 784 calefactivum
1119 745 1174 781 sic
1212 757 1252 781 se
1292 745 1423 780 habet.
1466 744 1557 778 Ideo
1596 741 1816 778 secundum

496 808 763 857 Augustinum
809 806 849 841 in
893 803 1175 853 predicacione
1225 802 1445 838 secundum
1502 799 1713 836 materiam
1757 797 1819 834 vel

498 867 721 903 subiectum
742 864 887 900 animal
910 862 1069 899 visivmn
1095 861 1236 897 dicitur
1265 860 1388 896 virtus
1412 858 1530 895 visiva
1553 865 1588 894 et
1611 856 1817 893 subiectum
1841 871 1877 892 ιο

498 926 665 962 calidum
700 923 878 959 caliditas
911 919 1151 969 calefactiva.
1193 918 1326 954 Omnis
1357 916 1517 965 (inquit)
1553 922 1733 952 creatura
1767 919 1821 949 est

498 982 714 1019 substancia
753 988 787 1017 et
826 979 944 1015 multo
995 977 1122 1028 magis
1159 976 1337 1026 potencia
1381 975 1507 1010 anime
1546 973 1687 1009 dicitur
1725 983 1822 1006 minc

502 1041 655 1077 volitiva
688 1047 723 1076 et
756 1050 853 1074 nunc
891 1036 1135 1081 intellectiva,
1172 1034 1252 1070 sive
1289 1033 1532 1083 intelligatur
1574 1031 1699 1066 anime
1734 1029 1821 1065 sub-

498 1099 646 1135 stancia
677 1098 756 1133 sive
776 1095 1010 1145 formaliter
1041 1093 1130 1129 talis
1155 1092 1332 1141 potencia
1371 1096 1611 1141 aggregata.
1652 1090 1733 1124 Nec
1766 1094 1823 1122 est

502 1157 568 1193 illa
602 1154 830 1192 substancia
863 1152 995 1189 anime
1028 1152 1116 1199 plus
1155 1148 1397 1186 intellectiva
1435 1148 1655 1184 secundum
1695 1143 1823 1193 philo-
1846 1150 1880 1182 15

502 1215 650 1263 sophos
683 1225 803 1262 quam
850 1219 907 1247 est
952 1208 1177 1246 edificativa
1220 1207 1281 1244 vel
1324 1205 1481 1251 textiva,
1527 1206 1595 1241 sed
1641 1216 1714 1240 nos
1758 1200 1824 1250 qui

503 1272 690 1321 ponimus
735 1270 913 1307 animam
959 1266 1192 1303 interiorem
1237 1264 1443 1301 hominem
1484 1271 1521 1299 et
1559 1260 1824 1310 separabilem

504 1344 526 1367 a
559 1329 738 1367 subiecto
772 1327 942 1364 dicimus
976 1326 1084 1374 quod
1117 1323 1252 1360 anima
1292 1331 1349 1359 est
1387 1320 1630 1358 intellectiva
1669 1328 1706 1355 et
1743 1310 1825 1354 non

505 1389 560 1425 sic
593 1386 782 1436 organice
814 1383 1033 1433 operativa,
1069 1382 1162 1431 quia
1194 1381 1250 1417 sic
1284 1389 1321 1417 et
1352 1393 1434 1416 non
1466 1378 1600 1415 taliter
1640 1385 1735 1413 nata
1769 1383 1827 1411 est

506 1459 623 1495 agere
654 1452 853 1493 separata.
887 1445 967 1478 Nec
1002 1449 1059 1477 est
1091 1440 1203 1476 color
1236 1438 1414 1474 discendi
1447 1437 1555 1485 quod
1578 1435 1713 1472 anima
1744 1433 1828 1470 vult
1845 1450 1886 1472 20

507 1513 575 1541 aut
613 1502 797 1550 intelligit
841 1501 1059 1537 secundum
1106 1506 1260 1546 partem
1306 1495 1407 1532 sicut
1451 1496 1573 1531 homo
1614 1501 1671 1529 est
1716 1492 1828 1528 albus

507 1563 727 1599 secundum
761 1568 916 1608 partem
957 1555 1279 1606 quantitativam,
1325 1553 1418 1602 quia
1461 1564 1535 1589 nec
1579 1550 1714 1588 anima
1757 1561 1830 1585 nec

509 1620 591 1657 eius
623 1617 810 1668 potencia
833 1624 964 1665 potest
989 1627 1071 1651 esse
1095 1626 1186 1662 pars
1211 1610 1476 1661 quantitativa
1500 1609 1677 1646 eiusdem
1701 1606 1832 1643 ultimi

509 1676 732 1726 singularis.

241 1747 318 1786 qu
340 1744 478 1785 spiritual
570 1736 755 1772 Secundo
789 1732 995 1769 dubitatur
1028 1730 1234 1779 quomodo
1267 1727 1387 1764 febris
1418 1726 1480 1762 vel
1513 1725 1591 1761 alia
1613 1721 1833 1772 spiritualis
1851 1728 1888 1762 25

241 1784 477 1851 'llgsgffguffiffs
513 1793 726 1830 infirmitas
759 1790 979 1828 successive
1012 1787 1243 1832 remittitur,
1279 1798 1369 1822 cum
1403 1784 1452 1820 sit
1491 1781 1742 1819 indivisibilis
1776 1780 1833 1816 in-

260 1846 466 1884 ¹²¹¹<0¹¹²¹W²¹>3
514 1851 664 1888 tensive
696 1860 734 1887 et
767 1848 976 1886 extensive.
1018 1849 1060 1882 ln
1094 1858 1173 1894 qua
1216 1843 1385 1880 materia
1429 1850 1520 1878 sunt
1566 1839 1680 1876 multi
1725 1837 1833 1875 varie

515 1909 748 1954 sencientes‚
788 1916 831 1943 ut
870 1906 924 1942 hii
963 1905 1188 1942 concedunt
1227 1903 1333 1950 quod
1367 1908 1579 1948 peccatum
1617 1896 1835 1934 remittitur

514 1966 734 2004 successive
765 1962 1142 2014 proporcionaliter,
1176 1968 1219 1996 ut
1251 1971 1423 2008 persona
1454 1955 1655 2006 peccatrix
1684 1954 1727 1990 fit
1758 1953 1836 1989 dis-

516 2025 691 2074 posicior
729 2025 779 2060 ad
819 2021 1135 2059 conversionem.
1177 2019 1268 2054 Ideo
1308 2017 1409 2053 sicut
1449 2026 1569 2051 omne
1609 2021 1718 2061 gutte
1757 2011 1835 2047 dis-
1853 2018 1893 2050 30

515 2091 671 2132 ponunt
704 2083 753 2118 ad
787 2080 1043 2118 cavacionem
1075 2076 1221 2126 lapidis
1255 2077 1322 2111 sed
1355 2073 1498 2110 ultima
1531 2080 1644 2108 cavat
1683 2068 1835 2117 simpli-

517 2142 626 2187 citer,
661 2140 717 2177 sic
751 2148 808 2176 est
841 2140 888 2175 de
928 2135 1162 2173 remissione
1201 2133 1369 2182 peccati.
1408 2130 1487 2167 Alii
1526 2138 1659 2166 autem
1699 2127 1837 2163 dicunt

516 2200 624 2248 quod
656 2199 787 2246 ipsum
821 2204 1031 2245 peccatum
1065 2192 1289 2230 formaliter
1322 2190 1569 2226 intellectum
1603 2187 1722 2222 habet
1754 2193 1837 2221 tam

516 2266 649 2305 partes
682 2255 897 2291 intensivas
920 2265 1040 2302 quam
1068 2250 1285 2288 extensivas
1308 2247 1527 2284 secundum
1553 2257 1650 2293 quas
1673 2241 1839 2292 partibi-

229 2326 281 2352 ,εἰη
304 2324 328 2350 is
350 2332 365 2350 a
387 2322 494 2351 dest-et.
517 2315 606 2351 liter
650 2312 800 2350 remitti
831 2311 979 2360 poterit
1012 2319 1049 2346 et
1081 2307 1246 2345 intendi.
1294 2306 1371 2341 Sed
1414 2303 1677 2351 relinquendo
1721 2300 1837 2337 istam
1855 2306 1894 2338 35

239 2362 492 2386 ῙῊΜΕΓΕΜΗΜ
517 2372 622 2410 viam
668 2370 786 2408 fatuis
830 2368 1091 2406 delirantibus
1131 2375 1168 2402 et
1206 2362 1468 2411 metaphisica
1514 2360 1737 2397 notandum
1782 2366 1839 2393 est

519 2429 651 2479 primo
684 2441 759 2477 pro
797 2427 860 2464 via
898 2426 1032 2475 priore
1076 2423 1282 2473 quomodo
1320 2429 1531 2469 peccatum
1572 2417 1622 2454 sit
1663 2416 1838 2453 defectus

521 2489 561 2524 in
593 2487 772 2524 moribus
804 2485 1006 2533 loquendo
1038 2480 1260 2518 formaliter
1293 2487 1329 2515 et
1361 2491 1443 2515 non
1476 2476 1610 2525 aliqua
1643 2482 1837 2511 creatura.

591 2621 619 2648 6.
643 2621 679 2648 13:
702 2619 839 2647 Ulterius
860 2618 950 2645 cuim.
1060 2615 1143 2642 6-8.
1165 2613 1264 2641 Codd.
1292 2612 1407 2643 x-isiva;
1429 2611 1468 2638 cf.
1490 2610 1609 2637 Poole's
1636 2609 1772 2636 remarks
1799 2615 1837 2634 on

522 2656 665 2691 Wyclifs
687 2654 850 2691 adjectives
871 2653 900 2680 iu
919 2651 1018 2683 ,ivus’,
1034 2650 1130 2677 l'raet'.
1153 2656 1221 2684 pag.
1234 2647 1314 2675 XIX.
1337 2647 1381 2673 De
1398 2644 1656 2673 CiviliDominio.
1731 2651 1757 2678 7.
1772 2642 1837 2669 BC:

524 2691 580 2717 uisi
603 2690 696 2725 quod.
787 2689 814 2715 8.
836 2688 865 2715 A
884 2687 914 2714 in
936 2693 1051 2720 marg:
1073 2684 1155 2711 Nota
1174 2682 1381 2717 Augustinus.
1479 2688 1520 2707 10.
1542 2680 1586 2706 A:
1607 2677 1720 2705 animal
1742 2677 1836 2704 deest.

525 2734 557 2753 11.
581 2725 618 2751 13:
650 2723 785 2755 callidis;
815 2723 856 2749 ib.
878 2723 922 2749 A:
960 2720 1057 2747 virtus
1084 2717 1270 2745 calefactiva.
1406 2715 1444 2742 15.
1468 2714 1533 2741 BC:
1564 2713 1631 2748 ipsa
1651 2711 1836 2739 substancia.

525 2769 564 2794 17.
588 2760 624 2786 13:
646 2759 676 2786 iu
698 2764 835 2785 tenorem
857 2756 1023 2783 homiuem.
1134 2761 1176 2788 19.
1199 2751 1264 2779 BC:
1287 2755 1356 2778 nata
1377 2750 1424 2777 sit.
1528 2756 1567 2775 21.
1588 2749 1632 2774 A:
1655 2751 1700 2774 est
1719 2746 1836 2773 asinus.

524 2803 570 2828 21.
591 2795 635 2820 A:
659 2792 823 2828 singularis
844 2791 937 2818 deest.
993 2789 1035 2816 25.
1058 2790 1083 2815 A
1106 2788 1135 2814 iu
1158 2794 1271 2819 marg:
1294 2784 1471 2814 Secundum
1493 2782 1633 2810 dubium.
1689 2789 1736 2820 29.
1759 2781 1785 2807 Α
1806 2780 1835 2806 in

526 2837 638 2856 murm:
663 2837 681 2855 1.
761 2826 804 2854 32.
826 2827 853 2853 A
875 2826 904 2853 iu
926 2832 1038 2858 marga
1062 2831 1086 2849 2.
1160 2821 1207 2855 3}-
1229 2821 1270 2849 33.
1295 2824 1335 2847 A:
1359 2818 1530 2845 secuudum
1551 2832 1584 2835 ff
1604 2816 1720 2843 intendi
1742 2815 1835 2842 deest.

524 2864 567 2897 35,
589 2849 635 2891 ξύ.
659 2862 723 2890 BC:
746 2861 848 2888 relicta
869 2861 926 2886 ista
947 2859 1004 2886 via.
1092 2856 1136 2892 37.
1158 2860 1184 2882 Α
1205 2857 1234 2883 in
1257 2862 1370 2889 marg:
1392 2862 1425 2886 113
1447 2853 1486 2879 ib.
1510 2851 1574 2878 BC:
1598 2855 1756 2886 peccatum
1778 2853 1835 2876 est.
