2017 3353
171 317 225 355 40

171 427 223 455 ΙΙΙ.
254 428 339 464 Why
365 435 445 456 were

172 463 444 498 many(Pha1-isees

218 499 289 532 etc.)
310 498 400 526 made

231 541 332 561 worse
353 534 392 569 by

244 566 375 596 Christ's

213 603 405 638 preaching?

186 893 254 921 The
274 894 350 921 fault
370 902 434 921 was

173 928 204 956 in
225 930 318 965 them,
340 933 394 956 not
415 929 444 956 in

186 966 237 992 the
260 965 439 1000 preaching.

223 1948 311 1984 They
331 1956 412 1976 were

210 1984 364 2022 liardened
387 1984 416 2010 in

290 2026 348 2045 sin.

755 311 979 344 JOHANNIS
1001 310 1182 343 WYCLIF
1210 309 1467 344 SERMONUM
1550 290 1708 353 [SERMO
1723 306 1775 334 VI.

519 419 665 456 Tercio
700 418 926 465 dubitatur,
962 431 1052 455 cum
1085 418 1198 453 Jesus
1231 416 1282 453 sit
1314 417 1493 454 salvator
1532 416 1662 453 tocius
1701 417 1774 452 hu-

462 477 570 514 mani
605 476 775 525 generis,
810 489 881 513 cur
914 477 962 513 ad
996 475 1323 523 predicacionem
1366 488 1478 512 suam
1521 476 1666 512 factam
1701 487 1774 511 suo

461 535 597 584 generi
632 535 672 571 in
703 536 830 571 Judea
864 544 925 572 tot
960 534 1204 579 sacerdotes,
1240 532 1368 569 scribe
1402 543 1439 571 et
1473 533 1648 581 pharisei
1683 545 1773 569 cum

462 593 552 631 aliis
591 603 683 630 sunt
717 593 908 640 perversi.
942 595 997 629 Ex
1030 593 1106 628 hoc
1141 591 1246 627 enim
1281 591 1422 628 fratres
1456 601 1493 628 et
1527 591 1596 628 alii
1631 590 1775 627 discoli

463 651 767 688 excusacionem
803 651 969 698 capiunt
1004 650 1044 686 in
1078 649 1272 697 peccatis:
1309 662 1352 685 ex
1384 649 1682 697 predicacione,
1717 649 1810 684 in-5

463 709 622 759 quiunt,
655 711 767 745 Jesus
790 708 920 745 nostri
946 707 1063 745 multi
1087 708 1135 743 de
1159 706 1312 754 populo
1345 717 1438 744 sunt
1463 706 1777 754 dampnabiliter

461 767 649 817 peiorati‚
696 780 786 804 cum
830 767 1005 804 instante
1046 778 1119 802 sua
1156 764 1441 813 predicacione
1481 777 1574 813 gens
1615 764 1691 802 ista
1725 764 1776 801 sit

462 826 651 875 pessima,
687 835 724 861 et
759 825 844 872 ipse
878 824 1018 861 exinde
1052 837 1073 860 a
1107 823 1189 859 suis
1222 823 1409 860 hostibus
1443 833 1500 860 est
1535 822 1705 860 occisus.

520 884 596 920 Sed
620 883 844 920 obicientes
869 882 935 919 isti
959 883 1009 918 ad
1034 881 1155 918 nimis
1179 893 1308 928 pauca
1333 881 1575 929 respiciunt3
1601 880 1776 928 supponi

462 942 625 991 quidem
651 942 767 977 debet
792 941 899 977 fideli
927 941 1036 988 quod
1061 939 1246 976 Christus
1279 939 1319 975 in
1349 939 1460 976 omni
1494 938 1777 987 predicacione
1797 952 1836 973 10

463 1013 534 1036 sua
553 1000 638 1036 sine
655 1008 820 1047 peccato
841 998 933 1035 fecit
952 999 1001 1035 ad
1020 998 1214 1046 regulam,
1249 1007 1285 1034 et
1318 997 1373 1034 ita
1397 999 1573 1034 secundo
1600 996 1775 1044 supponi

463 1059 578 1094 debet
603 1058 714 1106 quod
740 1069 860 1093 omne
884 1057 1037 1093 malum
1072 1055 1269 1093 auditorii
1295 1055 1444 1092 Christi
1477 1068 1559 1092 non
1591 1054 1669 1092 sibi
1703 1055 1777 1091 im-

463 1115 597 1164 putari
622 1116 738 1152 debet
767 1116 835 1151 sed
862 1114 1057 1163 perversis
1082 1114 1244 1151 racione
1272 1113 1451 1150 criminis
1473 1114 1534 1150 sui
1562 1113 1778 1161 antiquati.

464 1177 513 1211 Et
541 1171 547 1226 Ι
575 1173 702 1210 tercio
738 1173 1051 1221 supponendum
1090 1173 1249 1209 videtur
1281 1173 1391 1220 quod
1432 1182 1489 1209 est
1530 1172 1570 1208 in
1609 1171 1778 1207 infirmi·
1799 1174 1876 1206 Fol.

464 1242 545 1269 tate
584 1231 788 1280 spirituali
829 1231 1155 1280 quodammodo,
1195 1229 1300 1267 sicut
1338 1240 1396 1267 est
1435 1230 1476 1266 in
1520 1229 1696 1266 febribus
1742 1237 1779 1265 et
1805 1219 1881 1262 145*¹

464 1290 554 1328 aliis
588 1289 896 1327 infirmitatibus
930 1290 1067 1338 quoad
1101 1288 1185 1325 dies
1219 1288 1395 1325 criticos.
1431 1288 1543 1325 Sicut
1577 1287 1683 1324 enim
1718 1287 1777 1323 in-

464 1348 603 1385 firmus
638 1361 710 1396 pro
745 1357 928 1396 tempore
959 1347 1074 1384 crisis
1098 1347 1158 1383 vel
1192 1359 1235 1383 ex
1267 1346 1508 1384 fortitudine
1540 1355 1684 1383 nature
1716 1346 1776 1381 vel

465 1406 670 1444 adiutorio
712 1406 843 1443 alieno
883 1406 1003 1442 habet
1043 1417 1203 1442 causam
1250 1404 1475 1442 naturalem
1522 1404 1775 1441 invadentem

466 1464 596 1501 morbi
638 1464 848 1501 materiam
898 1472 935 1500 et
971 1463 1162 1501 existente
1206 1472 1351 1500 natura
1391 1462 1484 1500 forti
1531 1461 1778 1500 convertitur

466 1524 516 1560 ad
562 1522 684 1559 vitani
732 1532 769 1559 et
821 1522 1032 1559 sanitatem
1080 1521 1277 1569 corporis,
1328 1521 1595 1558 invalescente
1641 1529 1775 1557 autem
1795 1536 1836 1557 20

466 1580 598 1617 morbi
633 1580 804 1617 materia
837 1580 1065 1617 succumbit
1108 1580 1146 1616 in
1181 1579 1286 1625 crisi,
1333 1580 1392 1615 vel
1426 1580 1475 1615 ad
1509 1578 1684 1616 deterius
1717 1578 1777 1614 vel

467 1640 516 1676 ad
550 1649 737 1685 mortem,
784 1638 840 1675 sic
879 1646 943 1675 ‘est
978 1638 1018 1674 in
1052 1639 1194 1675 morbo
1241 1637 1444 1685 spirituali
1479 1647 1515 1674 et
1549 1635 1779 1684 specialiter

466 1698 517 1734 ad
549 1696 808 1744 propositum
843 1697 890 1733 de
911 1696 1061 1734 Judeis.
1095 1695 1173 1744 Ipsi
1199 1695 1304 1733 enim
1330 1708 1373 1732 ex
1396 1695 1608 1743 antiquata
1640 1693 1778 1730 multi-

467 1754 582 1803 plicis
628 1754 781 1802 peccati
827 1754 989 1791 malicia
1034 1755 1195 1791 fuerunt
1229 1753 1498 1801 spiritualiter
1530 1752 1693 1799 infirmi,
1734 1761 1778 1788 ut

467 1822 577 1860 patet
612 1814 659 1849 de
692 1812 984 1851 sacerdotibus,
1039 1812 1224 1849 Christus
1258 1821 1393 1848 autem
1436 1811 1527 1848 fecit
1560 1820 1604 1847 ut
1638 1809 1834 1847 debuit25

468 1871 669 1907 movendo
703 1880 891 1907 naturam
934 1880 977 1907 ut
1019 1870 1181 1907 invadat
1213 1879 1250 1906 et
1285 1869 1485 1917 deprimat
1519 1868 1651 1905 morbi
1686 1881 1778 1904 cau-

468 1942 567 1966 sam.
603 1929 680 1965 Sed
714 1938 859 1965 natura
892 1928 1086 1965 existente
1121 1928 1243 1965 debili
1279 1937 1316 1964 et
1350 1940 1469 1964 causa
1503 1926 1636 1963 morbi
1670 1926 1778 1962 inve-

468 1995 608 2032 terata,
650 1994 687 2023 et
726 1986 816 2022 forti
857 1986 1071 2035 instigante
1110 1985 1259 2023 invidia
1299 1986 1465 2034 antiqua
1499 1984 1650 2021 diaboli
1683 1996 1778 2032 gens

468 2045 633 2082 Judaica
667 2044 705 2080 in
738 2045 812 2080 hoc
843 2045 905 2080 die
939 2044 1078 2081 critico
1112 2045 1162 2081 ad
1186 2043 1359 2080 deterius
1383 2052 1442 2079 est
1465 2055 1662 2091 perversa.
1697 2043 1778 2078 Nec

470 2102 578 2138 credi
613 2103 730 2138 debet
762 2103 869 2150 quod
903 2104 1013 2138 Jesus
1046 2104 1122 2139 hoc
1157 2102 1303 2138 sineret
1334 2101 1411 2136 nisi
1444 2100 1518 2137 sibi
1553 2108 1589 2136 et
1621 2099 1778 2136 univer-
1794 2105 1836 2137 30

470 2160 542 2196 sali
587 2159 754 2196 ecclesie
800 2160 996 2196 redundet
1041 2160 1079 2196 in
1118 2159 1274 2196 melius.
1320 2161 1396 2195 Per
1428 2158 1545 2195 istam
1581 2157 1685 2194 enirn
1720 2157 1777 2193 in-

470 2217 623 2254 saniam
665 2218 884 2253 Judeorum
925 2218 1177 2265 redemptum
1219 2226 1278 2253 est
1311 2216 1619 2253 occasionaliter
1655 2227 1778 2263 genus

470 2277 707 2320 humanum,
755 2275 937 2311 Christus
971 2276 1191 2312 secundum
1227 2275 1455 2323 apostolum
1497 2274 1536 2310 in
1575 2274 1702 2322 gloria
1742 2281 1779 2309 et

469 2333 631 2369 nomine
665 2333 873 2379 exaltatus,
910 2342 945 2369 et
979 2333 1092 2369 multi
1133 2334 1348 2369 Judeorum
1385 2333 1509 2369 eciam
1545 2331 1600 2368 illi
1639 2332 1779 2378 damp-

470 2391 552 2427 nati
589 2392 647 2438 (ut
680 2391 811 2438 placet
843 2391 1060 2439 aliquibus)
1095 2400 1187 2428 sunt
1210 2391 1350 2428 salvati
1374 2391 1434 2427 vel
1459 2403 1480 2427 a
1503 2391 1629 2438 gradu
1653 2389 1778 2437 magis
1796 2395 1834 2427 35

471 2449 719 2497 dampnabili
753 2449 923 2496 liberati,
965 2459 1002 2486 et
1034 2450 1090 2486 sic
1122 2450 1263 2486 veneni
1297 2462 1434 2486 eorum
1470 2447 1644 2485 extrusio
1687 2459 1778 2495 pro-

539 2555 559 2575 ι.
577 2549 603 2575 Α
623 2548 654 2575 in
675 2555 780 2582 marg:
802 2547 948 2576 Tercium
970 2548 1111 2576 dubium.
1139 2549 1160 2576 Β
1176 2549 1206 2577 in
1221 2556 1336 2582 marg.:
1359 2548 1490 2583 Questio
1511 2547 1616 2575 tercia.
1637 2547 1670 2574 In
1693 2547 1779 2573 black

469 2582 520 2610 ink
537 2591 543 2608 :
560 2582 700 2621 Questio.
755 2591 784 2615 4.
806 2583 827 2609 Β
840 2584 869 2610 in
883 2591 995 2618 marg.:
1012 2584 1098 2611 valde
1113 2584 1267 2619 pulcrum.
1284 2583 1442 2612 Obieccio.
1481 2583 1508 2610 6.
1531 2581 1629 2610 Codd.
1641 2590 1647 2607 :
1661 2580 1778 2608 Jesum.

470 2626 496 2653 7.
517 2619 562 2645 A:
582 2618 643 2656 ¹¹!a·
769 2625 797 2651 9.
819 2620 846 2645 A
867 2619 895 2645 in
918 2626 1031 2652 marg.:
1058 2619 1241 2654 Responsio.
1361 2626 1402 2645 10.
1425 2618 1446 2644 Β
1467 2619 1497 2645 in
1520 2624 1635 2651 marg.:
1657 2615 1779 2650 Suppo-

469 2653 546 2692 sic-io
568 2659 678 2691 prima.
716 2651 879 2679 Infirmitas
906 2653 1077 2687 spiritualis
1100 2653 1302 2681 conformiter
1321 2652 1556 2689 quodammodo
1577 2659 1610 2678 se
1630 2650 1719 2678 habet
1740 2650 1777 2688 ad

469 2687 678 2714 infirmitatem
699 2689 905 2720 corporalem.
1022 2696 1055 2714 11.
1077 2688 1098 2715 B
1119 2688 1148 2715 in
1171 2696 1285 2723 marg:
1308 2687 1462 2715 Secunda.
1587 2684 1625 2712 13.
1663 2686 1710 2712 A:
1731 2692 1778 2711 sui

470 2721 619 2749 criminis.
693 2729 735 2754 ¹4·
755 2722 777 2749 B
798 2722 827 2748 in
850 2729 964 2754 marga
986 2721 1112 2756 Tereia:
1133 2724 1175 2749 A:
1199 2723 1438 2758 supponendum
1459 2721 1541 2758 quod
1562 2721 1603 2747 in.
1676 2719 1712 2746 15.
1733 2720 1777 2745 A:

470 2761 514 2783 est
528 2757 760 2795 quodammodo
775 2761 829 2784 est.
903 2756 944 2784 16.
966 2758 1012 2784 A:
1036 2758 1177 2784 creticos.
1272 2765 1312 2791 17.
1335 2758 1378 2785 A:
1400 2758 1595 2791 intempore.
1668 2754 1776 2792 17.·A:

470 2798 577 2819 creSis.
667 2798 708 2823 ιο.
722 2793 765 2818 A:
787 2791 888 2818 morbi
910 2796 1060 2819 naturam.
1150 2791 1196 2819 28.
1218 2793 1262 2819 A:
1284 2790 1451 2825 instiganti.
1524 2797 1571 2823 29.
1586 2791 1630 2816 A:
1653 2793 1778 2815 cretico.

470 2826 509 2856 31.
528 2826 570 2853 32.
591 2825 636 2852 A:
657 2825 807 2853 insaniam
830 2826 1008 2853 multorum.
1101 2827 1130 2853 ¹35
1168 2826 1208 2854 C:
1230 2831 1262 2853 ut
1283 2827 1410 2861 placeat.
1518 2824 1563 2851 36.
1586 2823 1607 2850 B
1628 2823 1658 2850 in
1680 2830 1777 2856 marg.

469 2861 570 2898 (bl-acl<
591 2860 669 2899 ink):
691 2859 784 2898 Quod
805 2869 840 2887 ex
867 2860 1083 2896 predicacione
1096 2848 1209 2888 Clirtsti
1230 2861 1472 2888 innumerabiles
1493 2856 1735 2892 suntdampnati
1751 2861 1779 2883 ct

471 2899 599 2929 peiorati
631 2899 659 2922 et
690 2895 806 2921 infinita
841 2898 920 2922 mala
955 2900 1173 2930 provenerunt,
1211 2903 1271 2923 non
1301 2900 1402 2922 tamen
1437 2895 1495 2921 ista
1532 2894 1587 2921 fuit
1619 2897 1777 2927 tamquam

470 2929 630 2963 culpabilis
650 2928 827 2958 omittenda.
