2017 3353
209 907 246 928 10

212 1187 247 1219 15

168 1338 244 1370 Fol.

172 1382 251 1428 173b

210 1489 252 1510 20

214 2060 255 2092 30

217 2351 256 2385 35

261 263 399 294 SERMO
426 248 533 307 xm]
774 262 910 294 PmMA
940 261 1063 293 PARs.
1789 251 1860 288 281

261 373 487 411 doctrinam
530 370 667 407 cotidie
717 369 752 405 in
797 369 950 418 templo.
1009 369 1122 405 Unde
1167 376 1204 404 et
1247 367 1320 404 viri
1365 367 1578 415 evangelici
1656 374 1819 412 lutat-ner>

262 433 406 468 debent
439 430 479 466 in
512 430 585 465 hac
631 426 862 464 constancia
906 425 1166 462 indefectibili
1210 425 1320 473 sequi
1363 425 1580 462 Christum.
1619 408 1852 470 ⁵¹¹⁰}{fflss‘21's’w

261 491 414 526 Debent
448 487 553 524 enim
588 498 750 522 excusso
782 484 927 520 timore
959 483 1187 532 pharisaico
1227 485 1409 531 detegere
1443 495 1582 519 eorum
1641 477 1834 539 ῑᾛέζζξζξῘᾸΠ

261 555 426 597 peccata
460 545 603 594 quibus
636 544 808 592 populus
841 541 1041 578 subiectus
1074 541 1250 578 inficitur
1285 550 1321 578 et
1344 554 1425 581 non
1448 541 1583 578 statim
1704 521 1710 547 ἱ
1799 534 1802 538 ’

263 607 311 643 ab
346 605 506 652 incepto
540 601 729 639 desistere
761 613 834 637 nec
866 608 1033 648 propter
1065 599 1230 636 timores
1264 599 1425 636 serviles
1460 611 1584 635 mem-

262 667 427 701 brorum
452 660 612 710 dyaboli
636 658 823 696 exterreri
855 660 924 694 sed
957 671 1082 706 usque
1106 659 1157 694 ad
1181 666 1352 694 mortem
1386 659 1436 694 ad
1470 656 1584 694 recti—

263 723 464 758 ficandum
499 717 645 756 Christi
679 715 889 754 ecclesiam
922 716 963 752 in
995 717 1135 752 eadem
1166 715 1333 752 veritate
1369 715 1461 752 fidei
1496 728 1583 764 per-

264 791 438 824 manere,
473 790 564 814 cum
598 775 727 812 finalis
760 773 1062 823 perseverancia
1101 773 1150 810 sit
1195 773 1396 810 infinitum
1442 773 1584 810 melior

263 851 384 888 quam
418 835 512 873 boni
534 833 717 882 incepcio
739 834 800 870 vel
824 832 1079 869 continuacio
1103 831 1357 880 culpabiliter
1381 831 1583 868 derelicta.

263 899 366 933 Nam
398 907 472 943 pro
505 892 637 942 primo
671 894 776 928 Deus
809 890 1012 928 beatificat
1046 899 1082 927 et
1115 903 1189 939 pro
1213 891 1389 927 secundo
1412 890 1504 927 licet
1536 889 1585 926 sit

264 967 379 990 mora
423 951 580 1000 longior
625 949 963 998 dampnacionem
1003 957 1240 997 perpetuam
1280 961 1361 984 non
1406 947 1583 984 dimittit.

265 1014 366 1050 Cum
401 1023 494 1059 ergo
529 1017 685 1046 constat
719 1020 763 1044 ex
800 1007 1030 1044 racionibus
1067 1016 1299 1043 sanctorum
1335 1016 1371 1043 et
1405 1006 1585 1054 exemplo
1614 1011 1662 1038 All
1685 1011 1738 1051 1110v
1755 1010 1810 1037 evil
1833 1010 1867 1037 οι·

265 1069 414 1108 Christi
447 1066 661 1115 multiplici
705 1075 790 1102 tota
824 1065 984 1102 malicia
1028 1064 1192 1101 ecclesie
1236 1064 1485 1113 originaliter
1530 1073 1587 1100 est
1630 1046 1854 1115 Ξὲζῗῃζὲῃῆἶζιίῃ

265 1141 288 1165 a
321 1128 442 1173 clero,
474 1125 548 1163 viri
593 1123 852 1161 ecclesiastici
893 1125 1038 1160 debent
1082 1123 1208 1159 instar
1241 1123 1390 1160 Christi
1435 1124 1484 1159 ab
1518 1122 1587 1158 illo
1650 1115 1699 1142 1¹¹⁸
1719 1116 1830 1150 clm-gy.

264 1186 440 1234 incipere
473 1193 511 1221 et
542 1195 668 1232 usque
701 1184 751 1219 ad
796 1190 968 1218 mortem
1015 1190 1244 1218 constanter
1289 1190 1326 1217 et
1369 1182 1588 1229 prudenter

264 1245 467 1293 inceptam
497 1241 569 1278 Dei
603 1253 765 1278 causam
799 1239 1004 1276 humiliter
1038 1252 1331 1286 consummare,
1365 1252 1445 1276 non
1479 1240 1588 1287 quod

265 1303 341 1340 ista
373 1313 547 1351 persona
578 1299 745 1347 simplex
782 1298 822 1334 in
853 1307 966 1335 tanto
1001 1297 1197 1334 miraculo
1230 1310 1300 1346 per
1338 1310 1379 1334 se
1416 1297 1588 1334 sufficiat

265 1362 334 1398 sed
366 1360 552 1396 invocato
591 1357 664 1394 Dei
709 1356 854 1393 auxilio
884 1352 888 1409 Ι
918 1364 1059 1392 contra
1103 1357 1206 1392 hanc
1251 1355 1428 1392 radicem
1472 1368 1588 1392 vene-

265 1431 407 1456 nosam
441 1424 672 1454 constanter
703 1414 882 1463 incipiat.
917 1413 981 1450 Sic
1015 1413 1119 1450 enim
1154 1414 1339 1462 frequens
1383 1422 1586 1462 guttarum

266 1476 437 1515 stillacio
471 1483 584 1512 cavat
617 1482 655 1510 et
687 1472 856 1510 destruit
889 1481 1138 1509 constantem
1184 1471 1455 1509 substanciam
1490 1471 1589 1520 lapi-

268 1537 421 1572 dosam.
455 1534 547 1570 Ideo
582 1545 672 1569 cum
707 1532 830 1567 multe
874 1543 1043 1579 persone
1088 1532 1337 1567 decertantes
1384 1530 1424 1566 in
1469 1543 1589 1567 causa
1636 1548 1639 1552 ·

267 1592 431 1631 Domini
470 1591 548 1628 sint
585 1603 665 1627 una
708 1602 880 1638 persona
923 1601 995 1625 nec
1040 1588 1159 1625 alicui
1203 1601 1329 1637 usque
1373 1590 1423 1624 ad
1468 1589 1587 1625 finem

268 1649 538 1701 perseveranti
583 1649 692 1685 deest
741 1646 959 1684 retribucio
1010 1646 1268 1695 sempiterna,
1314 1646 1370 1683 sic
1414 1660 1486 1684 nos
1531 1646 1589 1682 in-

268 1709 462 1747 travimus
507 1707 547 1743 in
597 1707 756 1743 labores
811 1705 1005 1751 aliorum;
1062 1704 1118 1742 sic
1170 1705 1403 1741 constancia
1452 1714 1589 1742 nostra

269 1767 464 1815 exemplet
509 1766 617 1814 quod
650 1764 717 1801 alii
749 1763 897 1800 intrent
945 1763 985 1799 in
1035 1764 1213 1800 laborem
1259 1771 1455 1800 nostrum.
1508 1765 1590 1799 Nec

269 1825 436 1862 dubium
470 1823 566 1873 quin
597 1822 795 1871 gloriosus
818 1821 1047 1870 triumphus
1070 1821 1290 1858 successive
1315 1820 1590 1870 multiplicatis

270 1884 342 1921 Dei
374 1881 625 1920 adiutoribus
659 1888 939 1929 consequetur.
978 1881 1027 1916 Et
1065 1881 1115 1916 ad
1149 1880 1456 1928 exemplandum
1489 1880 1591 1916 hanc

269 1939 614 1992 perseveranciam
648 1939 807 1976 docebat
843 1938 1022 1974 Christus
1053 1938 1089 1974 in
1122 1938 1264 1987 templo
1297 1938 1446 1974 cotidie.
1571 1927 1574 1931 ,

329 1999 445 2037 Circa
469 1999 545 2035 hoc
574 1996 822 2046 evangelium
848 1995 1055 2033 dubitatur
1076 1995 1209 2044 primo
1233 1997 1439 2045 quomodo
1463 2008 1591 2033 sacer·
1618 1998 1781 2037 Obiectiffll,
1800 1998 1879 2045 stom

272 2060 384 2095 dotes
416 2057 635 2094 Jerusalem
669 2063 835 2104 propter
867 2063 1079 2103 peccatum
1124 2054 1164 2090 in
1197 2054 1401 2091 Christum
1435 2055 1592 2091 fuerant
1667 2038 1827 2069 ¹¹⁰⁶C⁵³¹¹³'

271 2114 518 2165 increpandi,
552 2127 643 2151 cum
668 2113 849 2151 Christus
883 2114 933 2149 ad
968 2114 1044 2149 hoc
1077 2112 1320 2149 necessitans
1350 2121 1432 2149 tam
1459 2112 1592 2149 multi-

272 2174 430 2224 pliciter
462 2174 539 2210 hoc
570 2171 754 2221 predixit.
787 2171 860 2208 Vel
884 2170 988 2207 enim
1023 2180 1183 2219 oportet
1207 2170 1409 2208 Christum
1445 2171 1485 2207 in
1517 2172 1593 2207 hoc

273 2232 485 2270 mentitum
518 2230 638 2267 fuisse
668 2230 731 2266 vel
763 2229 861 2266 illud
883 2238 1095 2278 peccatum
1119 2228 1401 2265 inevitabiliter
1424 2229 1592 2266 evenire.

274 2291 378 2327 Hinc
410 2289 559 2340 dictum
596 2297 653 2325 est
686 2300 778 2336 sepe
811 2287 908 2324 alias
941 2289 1049 2336 quod
1082 2287 1184 2323 sicut
1222 2299 1382 2324 necesse
1422 2296 1479 2324 est
1517 2288 1593 2325 hoc
1672 2290 1837 2327 Answerg

273 2357 484 2398 peccatum
530 2348 749 2384 secundum
795 2358 957 2382 omnem
997 2346 1169 2382 formam
1218 2358 1296 2393 qua
1339 2346 1489 2382 factum
1537 2324 1883 2387 ρεῖξξῃζδάἓὲὲέἓζὲῗῗ

274 2406 433 2455 impleri
465 2406 514 2442 ab
548 2405 625 2441 illis
658 2403 901 2450 hominibus,
936 2403 990 2440 sic
1024 2416 1183 2440 necesse
1217 2413 1273 2440 est
1297 2405 1403 2453 quod
1429 2413 1594 2452 propter
1656 2403 1689 2422 ²¹5
1709 2394 1759 2422 the
1779 2394 1836 2421 ³¹¹¹·

275 2467 351 2502 hoc
382 2472 593 2513 peccatum
627 2462 895 2500 inexcusabile
927 2462 1005 2498 sint
1038 2461 1259 2510 dampnati.
1313 2465 1427 2498 Nunc
1460 2471 1593 2498 autem

276 2521 578 2560 excusacionem
611 2534 691 2558 non
724 2522 884 2566 habent,
927 2520 1021 2569 quia
1053 2519 1218 2557 Messias
1251 2522 1356 2557 Deus
1396 2528 1432 2556 et
1471 2521 1593 2556 homo

274 2580 381 2619 venit
413 2581 465 2617 ad
503 2579 593 2616 illos
638 2588 675 2616 et
720 2587 916 2627 quantum
961 2579 1180 2615 secundum
1224 2586 1411 2615 naturam
1459 2576 1594 2614 debuit

345 2691 374 2718 6.
397 2690 436 2719 C:
459 2691 592 2718 eterreri.
649 2699 676 2726 7.
697 2689 765 2718 BC:
788 2690 913 2717 veritate
932 2690 1001 2718 fidei
1023 2689 1116 2717 deest.
1174 2698 1216 2723 14.
1237 2690 1282 2717 A:
1304 2689 1361 2716 viri
1383 2688 1591 2716 ecclesiastici.

277 2726 316 2754 15.
336 2727 380 2753 A:
402 2726 460 2752 inci
488 2734 536 2753 ere
557 2730 585 2752 et
604 2725 697 2752 deest.
779 2733 818 2760 17.
839 2725 883 2751 A:
905 2725 963 2752 ista
983 2725 1078 2752 deest.
1151 2732 1197 2751 20.
1219 2725 1263 2751 A:
1286 2728 1477 2751 constantem
1499 2723 1593 2750 deest.

277 2770 323 2789 20.
341 2769 379 2788 21.
396 2762 440 2788 A:
474 2760 658 2796 apidiosam.
709 2767 748 2787 21.
766 2759 805 2787 C:
827 2759 899 2786 Ideo
921 2760 1020 2789 deest:
1042 2759 1081 2786 ib.
1098 2760 1142 2786 A:
1166 2759 1259 2786 multe
1279 2758 1418 2785 iuvantes
1439 2758 1468 2785 in
1490 2766 1593 2785 causa.

276 2804 320 2823 22.
337 2796 359 2823 Β
380 2796 409 2823 in
431 2804 545 2830 marg:
566 2794 648 2822 Nota
669 2795 809 2830 pulcrum
826 2802 881 2829 pro
897 2794 1088 2830 predicatore
1104 2803 1134 2821 se
1150 2798 1325 2829 opponente
1340 2798 1446 2820 contra
1461 2793 1593 2820 hereses.

278 2832 320 2858 25.
341 2832 386 2857 A:
408 2834 548 2857 nostrum
570 2829 663 2856 deest.
772 2828 819 2856 26.
840 2829 884 2856 A:
906 2829 1083 2864 triumphis.
1187 2836 1231 2863 27.
1252 2829 1299 2855 A:
1321 2827 1357 2854 Et
1378 2827 1593 2862 exemplanda

278 2866 323 2893 28.
346 2865 386 2893 C:
408 2864 519 2892 cotidie
540 2868 593 2891 etc.
655 2871 670 2891 2
697 2885 703 2890 .
724 2865 752 2891 A
773 2863 803 2891 in
825 2871 938 2899 marg:
961 2864 1096 2891 Dubium
1120 2863 1265 2898 primum.
1323 2862 1365 2890 32.
1387 2864 1430 2889 A:
1454 2862 1592 2897 predicit.

279 2899 324 2935 34.
347 2898 411 2927 BC:
434 2899 491 2927 Hic
511 2898 644 2932 dictum3
665 2872 706 2926 ig.
727 2899 756 2926 A
775 2898 805 2925 in
827 2906 940 2934 marg:
962 2898 1146 2933 Responsio.
