2057 3353
756 692 1094 762 Contents.

564 841 874 887 Evangelia
907 841 1291 880 dominicalia.

63 929 244 962 Praefatio.

63 1008 193 1038 Sermon
1714 1012 1794 1047 page

632 1047 747 1079 First
773 1048 945 1091 Sunday
972 1048 1012 1080 in
1038 1048 1218 1080 Advent.

163 1093 184 1124 Ι.
211 1092 299 1124 Cum
327 1092 644 1135 appropinquasset
668 1094 768 1126 Jesus
793 1095 1026 1127 Jerosolimis.
1053 1094 1173 1127 Matth.
1203 1095 1290 1135 XXI,
1317 1105 1325 1126 1
1367 1119 1702 1128 ........
1775 1107 1783 1127 1

607 1152 775 1184 Second
803 1152 974 1196 Sunday
1002 1152 1042 1184 in
1069 1152 1246 1185 Advent.

145 1197 182 1229 II.
212 1197 320 1229 Erunt
345 1197 444 1240 signa
470 1196 503 1229 In
530 1198 617 1230 sole.
644 1199 730 1230 Luc.
755 1199 848 1239 XXI,
875 1199 915 1231 25
949 1222 1704 1232 ................
1770 1209 1791 1242 9

622 1255 758 1288 Third
786 1257 961 1300 Sunday
988 1258 1026 1289 in
1054 1258 1235 1290 Advent.
1776 1304 1787 1308 p

134 1302 186 1334 III.
215 1302 304 1334 Cum
331 1302 486 1334 audisset
512 1301 692 1335 ,Iohannes
719 1303 751 1335 in
778 1304 937 1336 vinculis.
965 1304 1085 1336 Matth.
1113 1305 1170 1345 XI,
1198 1315 1214 1336 2
1275 1327 1703 1337 ..........
1752 1309 1789 1336 15

610 1361 773 1394 Fourth
800 1363 973 1404 Sunday
1000 1362 1039 1394 in
1066 1362 1244 1394 Advent.

135 1407 190 1438 IV.
217 1406 385 1438 Miserunt
410 1407 509 1439 Judei
536 1407 577 1439 ab
604 1408 834 1440 Jerosolimis.
861 1408 938 1440 Joh.
966 1409 988 1450 1,
1021 1419 1059 1454 19
1091 1431 1703 1442 ..............
1751 1418 1789 1439 22

422 1465 594 1508 Sunday
622 1466 775 1498 within
800 1467 962 1500 Octave
988 1467 1032 1499 of
1055 1467 1297 1499 Christmas
1325 1468 1421 1509 Day.

150 1511 188 1542 V.
217 1511 323 1543 Erant
348 1511 479 1554 Joseph
508 1519 540 1544 et
568 1511 674 1545 Maria
701 1521 811 1545 mater
838 1513 979 1546 Domini
1006 1514 1182 1546 mirantes.
1211 1515 1294 1546 Luc.
1322 1514 1361 1554 ΙΙ,
1390 1513 1429 1547 33
1465 1537 1704 1546 ......
1750 1512 1792 1544 28

705 1571 796 1603 The
824 1572 1155 1605 Circumcision.

126 1616 182 1648 VI.
213 1616 404 1659 Postquam
432 1617 626 1649 consumati
654 1625 736 1649 sunt
764 1619 836 1650 dies
863 1625 955 1651 octo.
983 1620 1066 1651 Luc.
1095 1619 1133 1659 11,
1163 1629 1198 1651 21
1231 1643 1239 1650 .
1278 1642 1286 1650 .
1372 1642 1565 1651 .....
1698 1642 1705 1649 .
1752 1617 1793 1649 35

752 1676 843 1708 The
871 1676 1111 1720 Epiphany.

113 1721 186 1752 VII.
214 1721 301 1752 Cum
330 1729 432 1753 natus
459 1729 550 1754 esset
575 1722 687 1754 Jews,
713 1723 834 1756 Matth.
861 1724 900 1763 II,
931 1735 939 1755 1
1001 1746 1707 1756 ................
1752 1723 1794 1763 43

442 1779 614 1821 Sunday
641 1779 793 1812 within
821 1781 984 1814 Octave
1010 1782 1056 1813 of
1077 1781 1149 1813 the
1176 1782 1416 1825 Epiphany.

104 1824 189 1857 VIII.
216 1824 310 1857 Vidit
337 1824 515 1857 Johannes
541 1826 671 1859 Jesum.
698 1826 774 1860 Joh.
802 1828 824 1869 Ι,
853 1839 894 1872 29
955 1851 1705 1862 .................
1748 1838 1792 1873 49

631 1884 795 1916 Octave
821 1886 868 1917 of
889 1885 961 1918 the
987 1886 1226 1929 Epiphany.

129 1930 186 1962 IX.
214 1928 317 1961 Venit
343 1930 443 1962 Jesus
471 1940 487 1961 a
515 1930 658 1962 GaliIea.
684 1931 806 1964 Matth.
834 1932 887 1975 111,
920 1932 956 1965 13
1003 1956 1706 1966 ................
1752 1934 1792 1977 57

557 1987 670 2021 FIrst
696 1990 869 2033 Sunday
895 1990 1003 2022 after
1028 1990 1100 2022 the
1128 1991 1303 2023 Octave.

147 2034 189 2066 X.
217 2034 304 2066 Cum
333 2033 442 2066 factus
470 2042 521 2066 est
546 2035 658 2069 Jesus.
686 2037 780 2068 Luce
807 2037 845 2078 II,
870 2047 912 2078 42
958 2060 1705 2070 .................
1750 2037 1793 2070 66

525 2092 692 2125 Second
720 2095 895 2137 Sunday
922 2094 1032 2127 after
1057 2095 1129 2127 the
1156 2096 1329 2128 Octave.

125 2138 184 2169 XI.
210 2138 344 2181 Nupcie
372 2138 459 2170 facte
487 2146 568 2172 sunt
593 2140 626 2171 in
656 2140 776 2173 Chana
803 2141 949 2174 Galilee.
976 2141 1055 2174 Joh.
1083 2142 1122 2182 ΙΙ,
1148 2153 1157 2175 1
1183 2166 1704 2175 ............
1749 2154 1790 2186 72

543 2198 682 2230 Third
711 2199 885 2242 Sunday
912 2200 1023 2232 after
1048 2201 1120 2233 the
1147 2201 1318 2233 Octave.

111 2243 183 2275 XII.
211 2243 300 2275 Cum
328 2243 569 2277 descendisset
594 2246 705 2279 Jesus.
732 2246 854 2279 Matth.
875 2247 962 2286 VIII,
987 2258 996 2279 1
1047 2271 1706 2280 ...............
1752 2249 1794 2291 78

533 2303 694 2335 Fourth
722 2305 895 2346 Sunday
922 2304 1034 2337 after
1060 2305 1133 2338 the
1159 2306 1332 2338 Octave.

98 2347 186 2380 XIII.
212 2348 433 2380 Ascendente
459 2349 560 2381 ‚Iesus
587 2349 620 2381 in
649 2351 856 2384 naviculam.
883 2351 1003 2384 Matth.
1024 2352 1114 2392 VIII,
1142 2353 1181 2386 23
1234 2375 1705 2386 ...........
1749 2351 1792 2384 86

553 2406 669 2440 Fifth
698 2410 870 2452 Sunday
897 2409 1007 2442 after
1032 2410 1105 2442 the
1131 2411 1307 2443 Octave.

94 2452 186 2485 XIV.
214 2452 336 2485 Simile
361 2460 415 2486 est
440 2463 590 2496 regnum
617 2455 774 2487 celorum
802 2455 938 2488 homini
966 2457 1024 2499 qui
1051 2457 1248 2490 seminavit.
1275 2457 1395 2491 Matth.
1424 2458 1511 2496 XIII,
1543 2467 1610 2498 24.
1698 2481 1704 2488 .
1748 2456 1790 2500 93

661 2513 991 2557 Septuagesima
1018 2516 1200 2558 Sunday.

117 2557 190 2589 XV.
217 2557 336 2590 Simile
363 2565 414 2590 est
438 2568 588 2600 regnum
616 2560 772 2592 celorum
801 2560 939 2593 homini
965 2561 1217 2604 patrifamilias,
1244 2561 1365 2594 Matth.
1394 2562 1466 2602 XX,
1492 2573 1499 2594 1
1555 2585 1563 2593 .
1601 2584 1609 2593 .
1648 2585 1655 2593 .
1695 2585 1703 2593 .
1747 2570 1791 2603 09

688 2618 964 2661 Sexagesima
990 2619 1177 2663 Sunday.

100 2662 187 2694 XVI.
213 2662 305 2695 Exiit
331 2662 391 2706 qui
417 2663 576 2696 seminat.
602 2665 697 2696 Luce
726 2665 814 2703 VIII,
842 2665 858 2697 5
903 2689 1701 2699 ..................
1731 2675 1793 2708 ¹07

640 2722 1013 2766 Quinquagesima
1041 2724 1224 2767 Sunday.

82 2766 187 2799 XVII.
211 2768 415 2811 Assumpsit
439 2768 541 2801 Jesus
569 2768 757 2801 duodecim
784 2768 987 2813 discipulos.
1014 2771 1107 2802 Luce
1134 2771 1260 2811 XVIII,
1288 2770 1324 2804 31
1374 2794 1707 2803 ........
1733 2780 1795 2811 1¹4

668 2827 780 2859 First
806 2828 979 2871 Sunday
1006 2827 1047 2860 in
1075 2830 1192 2862 Lent.

65 2869 188 2904 XVIII.
213 2871 348 2904 Ductus
375 2880 426 2906 est
451 2873 551 2906 Jesus
577 2872 609 2904 in
640 2874 830 2907 desertum.
857 2875 978 2907 Matth.
1007 2875 1063 2915 IV,
1089 2885 1096 2905 1
1140 2898 1705 2907 .............
1731 2883 1787 2906 121
