2017 3353
165 905 203 927 10

167 1186 203 1218 15

164 1487 206 1509 20

165 1769 204 1800 25

166 2058 208 2091 30

167 2649 210 2680 40

218 257 353 288 SERMo
375 247 454 303 mn]
725 258 869 290 PRIMA
897 257 1019 289 PARS.

276 369 502 406 Adulantur
535 366 639 403 enim
673 365 747 402 sibi
784 376 895 401 more
936 362 1117 412 ypocrite
1156 362 1196 398 in
1229 362 1313 399 istis
1347 372 1532 412 quatuor:

218 427 427 478 Alagister‚
460 425 658 474 inquiunt,
691 423 832 460 scimus
863 422 949 472 quia
980 433 1105 458 verax
1136 433 1196 465 es,-
1226 420 1293 457 ubi
1326 421 1532 458 veritatem

219 485 311 522 fidei
362 484 403 520 in
447 482 596 521 Christi
642 494 814 530 persona
858 478 1086 517 necessitati
1132 480 1232 515 adeo
1278 479 1535 516 demeritorie

218 543 469 592 profitentur.
504 541 688 578 Secundo
722 540 890 576 eandem
913 537 1122 575 veritatem
1152 537 1245 573 fidei
1275 539 1409 585 quoad
1442 550 1535 586 ope-

223 601 404 638 raciones
449 599 597 637 Christi
636 597 876 635 extrinsecas
914 596 1035 632 invite
1074 596 1301 632 concedunt
1340 595 1534 632 dicentes:

227 660 331 695 Viam
348 659 424 695 Dei
440 659 476 694 in
492 657 653 694 veritate
675 657 799 692 doces.
824 657 926 691 Nam
949 667 992 691 ex
1014 654 1091 690 fide
1112 662 1168 689 est
1189 662 1330 690 notum
1353 654 1536 690 fidelibus

220 719 327 766 quod
361 716 542 754 Christus
574 714 679 751 viam
719 715 769 750 ad
807 712 980 762 patriam
1015 713 1185 748 docebat
1224 711 1414 749 continue
1453 721 1535 748 tam

218 788 339 824 opere
377 787 498 823 quam
537 784 734 810 sermone.
775 774 823 808 Et
860 771 985 808 tercio
1018 769 1258 819 profitentur
1291 770 1535 807 catholicum

218 835 326 883 quod
350 832 531 870 Christus
563 839 729 879 propter
760 829 947 866 timorem
983 828 1193 865 hominum
1229 841 1309 865 non
1342 828 1485 865 excidit
1515 841 1537 865 a

218 893 302 940 lege
334 889 507 927 iusticie:
541 890 642 936 Non,
675 888 874 937 inquiunt,
900 895 955 924 est
977 887 1045 923 tibi
1065 899 1159 923 cura
1185 888 1231 924 de
1254 887 1393 935 aliquo.
1429 886 1538 923 Licet

219 949 324 987 enim
350 948 531 986 Christus
553 956 761 995 tamquam
796 958 977 983 summus
1011 944 1189 982 medicus
1222 945 1375 982 curavit
1407 954 1536 981 totum

219 1021 342 1057 genus
364 1009 585 1044 humanum
606 1005 733 1042 eciam
754 1013 884 1041 totum
907 1004 1115 1049 mundum,
1136 1016 1226 1040 cum
1247 1002 1392 1040 virtute
1414 1003 1538 1040 medi-

221 1066 307 1103 cine
341 1064 524 1114 apposite
557 1063 710 1101 cunctis
743 1063 981 1112 profecerat,
1014 1071 1295 1100 verumtamen
1322 1063 1372 1099 ad
1403 1061 1537 1098 dimis-

219 1124 374 1161 sionem
407 1122 562 1160 iustieie
594 1131 677 1159 tarn
710 1121 918 1170 phariseos
950 1120 1152 1168 ypocritas
1186 1133 1306 1169 quam
1340 1120 1538 1157 seculares

221 1192 415 1231 tyrannos
449 1183 550 1218 adeo
583 1193 665 1217 non
698 1179 864 1217 curavit.
899 1180 1072 1216 Causam
1097 1188 1230 1216 autem
1254 1179 1370 1215 huius
1395 1186 1538 1227 quarto

221 1241 442 1278 inculcant:
487 1240 588 1287 Non,
627 1238 826 1287 inquiunt,
873 1237 1032 1287 respicis
1068 1249 1279 1287 personam
1324 1237 1541 1277 hominum,-

222 1312 312 1336 cum
346 1307 488 1335 notum
521 1297 571 1333 sit
603 1309 648 1333 ex
680 1296 757 1333 fide
790 1297 899 1345 quod
931 1307 1013 1332 non
1045 1303 1177 1343 potest
1211 1306 1295 1332 esse
1329 1294 1539 1342 culpabilis

222 1356 411 1406 accepcio
444 1368 710 1404 personarum
745 1355 852 1403 apud
886 1355 1027 1390 Deum.
1064 1353 1263 1390 Premisso
1296 1362 1431 1390 autem
1464 1352 1540 1388 isto

223 1413 541 1464 quadrimembri
574 1414 718 1462 laqueo
751 1411 974 1461 ypocritico
1008 1420 1241 1460 proponunt
1274 1410 1540 1460 questionem,

1743 248 1813 285 361

1635 371 1732 399 Their

1585 406 1623 443 li)v
1635 406 1784 434 nom-itical

1641 446 1746 477 attcry.

221 1482 265 1510 ut
287 1472 470 1511 Christus
502 1473 723 1508 secundum
757 1483 873 1508 suum
896 1470 1031 1507 videre
1056 1469 1227 1507 diffiniat
1249 1470 1283 1506 si
1304 1470 1389 1506 licet
1410 1469 1543 1506 ²Iudeis
1568 1462 1664 1490 Their
1684 1467 1750 1498 ΜΡ
1771 1463 1818 1490 ῙὈΓ

222 1532 348 1569 cesari
397 1532 494 1568 dare
544 1542 709 1567 censum.
754 1532 857 1566 Nam
903 1529 1123 1565 secundum
1169 1529 1273 1576 leges
1319 1541 1457 1565 eorum
1504 1536 1541 1564 et

221 1589 448 1639 specialiter
488 1589 709 1625 secundum
748 1588 867 1624 falsas
905 1585 1150 1623 tradiciones
1189 1599 1288 1635 quas
1327 1585 1541 1622 vendicant

222 1649 367 1685 debent
401 1660 444 1684 ex
477 1659 596 1684 causa
627 1645 840 1694 multiplici
869 1657 1028 1693 semper
1051 1657 1135 1682 esse
1168 1644 1294 1690 liberi,
1329 1653 1414 1680 tum
1448 1643 1541 1692 quia

222 1706 450 1755 patriarche
508 1717 552 1741 ex
605 1704 749 1753 quibus
802 1712 1081 1752 processerant
1132 1703 1293 1739 fuerunt
1357 1702 1542 1738 homines

224 1764 395 1801 maxime
440 1762 693 1812 privilegiati,
743 1761 870 1799 eciam
916 1761 1019 1798 inter
1070 1761 1206 1798 fideles
1251 1759 1452 1809 principes
1503 1759 1543 1796 in

224 1822 393 1859 ecclesia
431 1821 635 1870 primitiva
676 1821 735 1868 (ut
774 1828 883 1869 patet
923 1821 970 1856 de
1009 1820 1243 1864 Abraham),
1283 1827 1367 1855 tum
1414 1817 1539 1855 eciam

223 1881 318 1930 quia
351 1880 478 1917 David
519 1888 555 1916 et
591 1880 783 1916 Salomon
823 1891 866 1915 ex
905 1878 1049 1927 quibus
1083 1877 1229 1914 iterum
1262 1885 1543 1926 processerunt

222 1940 382 1976 fuerunt
426 1938 529 1975 inter
572 1949 685 1986 reges
731 1936 915 1986 gencium
964 1936 1137 1973 maxime
1184 1934 1458 1972 commendati
1506 1943 1543 1971 et

223 1997 320 2034 nulli
353 1996 534 2042 subiecti,
568 2005 653 2032 tum
686 1995 811 2032 tercio
844 1994 939 2043 quia
970 2003 1153 2044 tempore
1188 1995 1444 2031 sacerdotum
1485 1992 1543 2029 in-

224 2064 385 2093 ventum
420 2063 477 2091 est
511 2067 554 2091 ex
586 2066 729 2102 genere
763 2066 901 2090 eorum
929 2054 1149 2090 secundum
1174 2051 1414 2101 prophecias
1447 2051 1542 2099 legis

224 2113 296 2150 Dei
329 2112 515 2150 Messiam
539 2114 771 2161 procedere.
805 2114 891 2160 Ipse
915 2119 1048 2148 autem
1073 2120 1130 2148 est
1153 2112 1277 2147 homo
1300 2109 1541 2153 liberrimus,

224 2171 317 2220 quia
351 2174 455 2208 Deus
490 2180 526 2208 et
559 2172 695 2217 homo,
730 2169 793 2206 cui
832 2182 911 2206 non
944 2178 1075 2218 potest
1114 2169 1307 2206 illibertas
1347 2167 1541 2205 accidere.

225 2232 407 2276 Querunt
446 2238 579 2266 autem
620 2228 768 2266 Christi
813 2228 1059 2265 sentenciam
1106 2227 1372 2272 diffinitivam,
1419 2235 1461 2262 ut
1501 2238 1543 2262 ex

224 2287 447 2336 pertinacia
486 2287 632 2324 erroris
671 2286 828 2336 possint
867 2287 914 2323 de
953 2285 1082 2323 heresi
1122 2285 1253 2335 ipsum
1294 2283 1542 2322 convincere.

169 2350 183 2361 ⁶
230 2346 395 2397 Cognita
438 2353 565 2382 autem
607 2345 718 2382 Jesus
761 2345 931 2394 nequicia
983 2357 1115 2381 eorum
1169 2344 1269 2381 dixit
1321 2343 1543 2391 detegendo

225 2416 364 2441 eorum
395 2402 638 2441 versuciam:
684 2404 788 2448 Quid
819 2416 891 2450 me,
929 2403 1072 2452 inquit,
1111 2402 1317 2452 temptatis,
1344 2401 1544 2454 ypocrz'te‚

225 2462 293 2499 ubi
331 2475 535 2498 summum
575 2462 743 2510 gradum
782 2461 966 2510 nequicie
1005 2460 1138 2510 primo
1178 2473 1318 2497 eorum
1364 2471 1544 2496 reserans

227 2519 433 2557 descendit
471 2520 523 2557 ad
560 2518 864 2568 responsionem
902 2519 1177 2568 ypocritarum
1212 2518 1373 2555 illorum
1412 2516 1544 2553 effica-

228 2578 326 2616 citer
367 2577 628 2615 confusivam.
668 2577 801 2614 Nichil
839 2577 945 2614 enim
985 2586 1117 2626 potest
1161 2577 1377 2625 dyabolum
1418 2574 1544 2622 magis

229 2637 473 2674 confundere
513 2649 634 2684 quam
675 2644 795 2684 caput
833 2648 902 2672 sue
940 2635 1124 2685 nequicie
1164 2634 1404 2671 miraculose
1437 2634 1544 2669 dete-

297 2767 316 2786 1.
337 2760 382 2787 A:
405 2759 486 2786 enim
508 2759 607 2793 deest3
636 2759 678 2786 ib
699 2759 729 2786 A
748 2759 779 2798 i'n
800 2767 913 2794 marga
936 2767 956 2786 1.
1029 2767 1059 2793 4.
1080 2759 1109 2785 A
1129 2757 1159 2785 in
1181 2765 1294 2796 marg:
1317 2764 1343 2784 2.
1417 2756 1542 2795 8.·A·in

229 2802 344 2833 ¹¹¹³·sg*
367 2793 392 2822 ³
480 2802 508 2830 9·
529 2795 574 2822 A³
619 2793 852 2856 Ἓ-ἳὲζὲῗὲἓξὲ-
882 2828 912 2856 ib
930 2792 1244 2856 ¹}c4²1131'3¹2³1{²¹³1s¹b·
1268 2790 1341 2853 ¹³92,
1355 2791 1543 2853 Ὓ-Γῗιίἀὲῗὲ

226 2830 429 2903 ἓεεὲὲϊ.ω3ἑξ.“
444 2837 482 2892 ἷξε
504 2837 682 2903 diculnt'ex}
702 2863 742 2890 ib.
759 2862 826 2891 BC:
846 2850 1011 2891 'liberrimis
1072 2861 1116 2890 25.
1136 2849 1166 2889 Ᾰ
1185 2861 1215 2888 in
1238 2847 1352 2900 margi
1376 2868 1396 2888 1.
1413 2849 1418 2854 ”
1454 2860 1498 2888 28.
1514 2861 1540 2888 Α

226 2907 257 2927 in
279 2906 393 2934 marg:
414 2906 440 2926 2.
513 2906 561 2934 29.
582 2899 611 2926 A
631 2906 661 2926 m
682 2906 797 2934 marg:
817 2896 843 2926 3.
916 2896 963 2933 39.
984 2898 1028 2926 A:
1052 2901 1156 2933 posset
1176 2896 1375 2925 diabollcum.

1637 1497 1752 1526 Christ.

1585 2337 1627 2364 Its
1647 2336 1807 2364 detection.
