2017 3353
189 885 226 907 10

192 1163 226 1198 15

187 1468 229 1490 20

189 1924 227 1957 25

189 2214 229 2247 30

241 237 376 266 SERMO
394 228 468 281 ιιι]
760 237 900 268 PRIMA
922 236 1050 268 PARS.

242 355 279 382 et
302 345 504 382 causando
537 355 659 379 sonos
683 341 807 378 semel
832 353 875 378 ex
899 341 1073 389 imperio
1098 339 1234 377 divino
1257 341 1357 377 moti
1381 340 1554 377 circum-

241 403 436 440 duccione
469 401 739 438 movebuntur
771 408 980 448 perpetuo,
1024 400 1093 436 sed
1127 399 1348 435 secundum
1374 399 1446 435 Dei
1480 399 1555 435 im-

242 461 398 509 perium
424 472 504 496 non
529 458 750 507 quiescant.
783 458 848 494 Sic
873 457 979 494 enim
1005 466 1140 494 trocus
1163 456 1223 493 vel
1247 456 1356 493 aliud
1381 456 1555 493 circum-

241 520 407 555 ductum
445 526 612 566 propter
643 515 868 564 appetitum
904 514 1213 552 inmediacionis
1238 527 1329 551 cum
1363 514 1442 551 alio
1467 527 1555 551 cor-

242 589 340 625 pore
373 585 569 625 perpetuo
604 583 846 620 moveretur,
888 573 964 610 nisi
1005 573 1179 622 gravitas
1219 581 1257 609 et
1289 572 1554 610 contrarietas

243 634 536 672 elementorum
569 633 788 670 intrinseca
822 631 1048 680 impediret,
1081 631 1143 668 vel
1176 632 1225 668 ab
1258 643 1349 668 aere
1381 631 1442 667 vel
1475 630 1555 668 alio

245 693 459 730 collidente
492 691 714 728 extrinseco
746 699 962 727 vetaretur.
1010 689 1075 727 Sic
1108 690 1227 726 debet
1261 701 1346 725 esse
1380 690 1427 725 de
1461 690 1557 726 orbe

246 750 383 788 celesti
416 759 541 794 moto,
576 749 669 786 licet
691 749 770 786 alia
794 748 939 785 motrix
962 747 1233 796 intelligencia
1265 759 1346 783 non
1370 747 1555 796 fingatur.

244 809 355 846 Sicut
389 821 484 857 ergo
517 817 662 845 natura
696 807 827 855 prima
861 807 1029 843 mandat
1069 805 1155 842 istis
1189 805 1428 853 corporibus
1468 818 1553 842 mo-

244 880 335 904 vere
374 866 613 904 naturaliter
659 874 855 914 quantum
890 864 1037 912 placet,
1077 863 1133 900 sic
1168 864 1335 900 mandat
1368 862 1423 900 eis
1456 863 1556 900 alias

244 924 415 973 quietari
462 933 499 961 et
542 925 812 972 undequaque
853 923 1031 960 obediunt
1064 928 1121 968 (ut
1154 930 1264 970 patet
1296 922 1453 958 Baruch
1477 923 1555 968 IV).

244 983 285 1020 Si
326 992 459 1020 autern
496 983 695 1019 elementa
727 982 787 1018 vel
827 993 1000 1029 corpora
1040 980 1163 1016 mixta
1200 981 1351 1016 habent
1388 980 1554 1016 virtutes

243 1041 482 1078 intrinsecas
507 1054 550 1078 ex
572 1041 644 1077 Dei
668 1039 842 1088 imperio
870 1038 1109 1076 naturaliter
1131 1037 1386 1084 inclinantes,
1410 1038 1556 1086 placet.

246 1101 323 1136 Sed
363 1099 463 1136 illud
503 1112 585 1136 non
625 1099 763 1135 obviat
803 1098 901 1146 quin
941 1096 1075 1145 primo
1115 1105 1153 1132 et
1197 1096 1476 1144 principaliter
1513 1109 1558 1133 ex

248 1157 321 1194 Dei
353 1157 527 1205 imperio
561 1165 814 1202 moveantur,
850 1164 888 1192 et
921 1155 978 1192 sic
1012 1156 1061 1193 de
1093 1154 1308 1191 animabus
1343 1156 1557 1191 brutorum

247 1224 286 1252 et
317 1215 543 1262 hominum,
579 1215 673 1252 licet
704 1216 880 1251 habeant
913 1213 1222 1250 inclinacionem
1257 1213 1477 1260 quamdam
1511 1212 1556 1249 li-

249 1274 431 1311 mitatam
467 1273 542 1310 sibi
575 1286 597 1310 a
626 1282 783 1320 natura,
820 1280 862 1308 ut
895 1280 977 1308 tam
1006 1270 1245 1308 intrinsecus
1269 1284 1390 1318 quam
1415 1271 1558 1307 extrin-

247 1344 362 1369 secus
397 1340 586 1369 moveant
618 1330 799 1368 subiecta
831 1343 902 1367 sua
935 1331 1157 1366 secundum
1183 1330 1291 1377 quod
1315 1331 1421 1366 Deus
1455 1329 1560 1365 limi-

247 1399 315 1428 tat.
351 1391 438 1427 Hoc
472 1399 609 1427 tamen
641 1402 722 1426 non
757 1389 862 1426 tollit
892 1388 953 1425 vel
995 1387 1184 1424 diminuit
1224 1388 1334 1436 quod
1368 1389 1475 1424 Deus
1509 1387 1559 1423 sit

247 1448 431 1486 omnium
468 1448 683 1485 mobilium
718 1447 873 1496 primus
908 1454 1056 1483 motor.

761 1631 956 1673 SERMO
991 1632 1057 1672 III.

306 1739 402 1776 Cum
431 1739 602 1776 audisset
632 1740 828 1776 Johannes
852 1739 888 1774 in
912 1738 1072 1775 vinculis
1095 1749 1214 1787 opera
1241 1735 1388 1774 Christi
1409 1737 1561 1774 mittens

245 1798 340 1834 duos
373 1798 418 1834 de
451 1797 646 1846 discipulis
678 1797 756 1833 suis
787 1797 840 1833 ait
871 1796 940 1833 illi.
975 1795 1141 1832 Matthei
1173 1796 1259 1841 XI⁰‚
1296 1806 1332 1842 2,
1370 1796 1404 1832 3.

1800 227 1842 265 15

302 1857 389 1892 Hoc
423 1855 672 1904 evangelium
707 1854 802 1891 facit
834 1854 1090 1891 mencionem
1131 1854 1178 1890 de
1216 1852 1349 1901 primo
1388 1853 1550 1890 illorum
1601 1859 1680 1887 This
1700 1860 1810 1896 gospel

245 1972 464 2020 precedens
497 1984 614 2008 suum
649 1970 924 2008 testimonium
954 1979 997 2006 ut
1021 1969 1258 2017 Baptistam‚
1295 1978 1333 2005 et
1361 1969 1555 2006 dividitur

246 2030 286 2067 in
319 2031 390 2066 hec
424 2029 521 2066 tria:
561 2030 698 2066 Primo
738 2037 926 2066 narratur
960 2029 1166 2076 quomodo
1198 2028 1392 2064 Johannes
1425 2028 1553 2065 vincu-

245 2088 348 2125 latus
379 2089 415 2125 in
448 2100 606 2125 carcere
637 2088 739 2124 misit
762 2088 858 2124 duos
881 2088 927 2123 de
949 2086 1148 2136 discipulis
1170 2086 1260 2133 suis,
1294 2094 1338 2122 ut
1361 2094 1558 2122 testentur

246 2146 384 2194 apcius
428 2146 638 2183 veritatem
684 2145 776 2182 fidei
823 2146 1017 2182 adventus
1052 2143 1215 2191 Christi,
1264 2153 1309 2180 ut
1352 2153 1433 2180 tam
1481 2143 1557 2192 ipsi

246 2217 368 2253 quam
403 2213 487 2242 tota
521 2204 691 2242 ecclesia
715 2204 881 2241 credant
904 2202 1051 2240 clarius
1075 2202 1195 2239 fidem
1220 2202 1339 2239 huius
1363 2203 1559 2238 adventus

247 2275 367 2311 quam
413 2272 530 2300 antea
567 2263 836 2310 trepidabant.
883 2262 1062 2310 Baptista
1107 2269 1241 2297 autem
1288 2260 1381 2297 licet
1420 2260 1561 2297 influc-

246 2329 406 2358 tuanter
438 2321 655 2358 crediderit
686 2320 797 2357 illam
831 2320 966 2367 fidem,
1006 2318 1133 2356 voluit
1167 2328 1301 2356 tamen
1334 2319 1443 2366 quod
1479 2327 1561 2355 tam

247 2379 308 2415 sui
351 2379 539 2428 discipuli
583 2391 704 2427 quam
749 2378 816 2416 alii
858 2378 1055 2415 increduli
1099 2377 1230 2414 forent
1274 2390 1318 2414 ex
1355 2376 1486 2413 verbis
1525 2385 1563 2413 et

317 2477 342 2507 3.
362 2479 411 2507 A:
433 2479 558 2515 aliquod
579 2478 840 2507 circumductum.
924 2487 953 2512 4.
975 2479 1022 2505 A:
1051 2478 1081 2505 in
1103 2477 1290 2505 mediatinis.
1364 2477 1392 2505 6.
1425 2475 1562 2504 Asszim-

247 2513 386 2549 pedierit.
459 2522 487 2550 7.
506 2515 554 2542 A:
576 2518 762 2542 vetarentur.
837 2521 878 2541 ιο.
899 2514 943 2540 A:
965 2514 1040 2542 alias
1061 2514 1156 2541 deest.
1219 2520 1252 2539 ιι.
1267 2511 1334 2540 BC:
1349 2512 1561 2547 undiquaque.

250 2557 285 2576 11.
307 2548 349 2575 B:
373 2548 415 2576 IV
435 2549 528 2576 deest.
645 2557 686 2583 ¹4-
710 2548 751 2576 C:
773 2549 878 2576 obviat
901 2549 1061 2584 quoniam.
1176 2555 1216 2582 ¹7-
1237 2549 1285 2574 A:
1311 2547 1492 2574 intrincicus
1508 2567 1514 2572 .
1532 2567 1538 2572 .
1555 2565 1561 2572 .

248 2584 451 2617 extrincicus;
475 2584 520 2610 sic
540 2587 570 2611 et
588 2583 618 2611 in
634 2584 780 2611 omnibus
799 2583 876 2611 locis
897 2583 1096 2619 sequentibus
1116 2582 1234 2609 codicis
1252 2582 1282 2609 A
1302 2583 1398 2609 lector
1416 2581 1562 2608 inveniet.

248 2618 289 2646 18.
310 2619 357 2646 A:
380 2618 558 2646 substancia
579 2626 647 2645 sua.
745 2626 787 2651 19.
810 2618 851 2646 C:
872 2618 952 2645 tollit
971 2620 1024 2645 sed
1045 2618 1154 2645 innuit.
1255 2624 1295 2650 19.
1311 2619 1356 2644 A:
1377 2617 1451 2652 quin
1467 2615 1562 2642 Deus.

247 2661 288 2680 22.
315 2653 346 2692 ’Β
374 2653 405 2681 in
434 2661 550 2688 marg.:
584 2653 748 2680 Dominica
774 2654 877 2680 tercia.
916 2653 1120 2687 Evangelium
1150 2652 1276 2679 Matthei
1303 2651 1354 2679 XI.
1388 2653 1432 2679 A:
1468 2658 1562 2685 opera

247 2687 364 2716 Christi
386 2694 442 2716 etc.
465 2687 574 2716 Cetera
596 2689 718 2716 desunt.
793 2695 839 2720 24.
859 2689 902 2715 A:
925 2688 1129 2715 mensionem.
1203 2685 1241 2714 31.
1264 2687 1309 2714 A:
1331 2685 1560 2714 influctualiter.

247 2722 290 2751 32.
310 2723 355 2751 A:
377 2723 518 2751 credidit.
609 2721 656 2756 34.
677 2724 723 2750 A:
745 2722 835 2750 factis
855 2730 883 2751 et
902 2723 1016 2750 verbis.

322 2818 372 2841 11.
397 2806 538 2840 Rectius
558 2806 693 2838 Baruch
712 2807 768 2840 111.
789 2806 828 2840 33
850 2811 884 2839 et
910 2806 1028 2839 obedit
1053 2806 1106 2838 illi
1131 2806 1165 2837 in
1193 2809 1361 2838 tremore.
1436 2803 1487 2836 23.
1511 2803 1561 2836 Cf.

250 2854 374 2887 Select.
397 2853 543 2897 English
562 2853 692 2886 Works
719 2852 759 2885 of
772 2852 862 2885 John
891 2853 1023 2896 Wyclif
1047 2853 1102 2884 ed.
1128 2852 1173 2895 by
1200 2851 1336 2884 Arnold
1364 2851 1386 2883 1.
1413 2851 1561 2893 ’γι-73.

245 1914 367 1950 trium
416 1913 563 1950 Christi
609 1914 854 1950 adventuum
901 1913 1123 1949 secundum
1174 1911 1454 1948 habitudinem
1500 1895 1852 1963 adffffissgffi‘ssssffi‘f,
