2017 3353
206 1035 230 1062 lt
250 1035 274 1061 is
296 1034 481 1061 incumbent

205 1077 245 1096 on
267 1077 282 1096 a
302 1070 435 1104 prophet
451 1073 480 1095 to

785 289 1007 321 JOHANNIS
1030 287 1214 321 WYCLIF
1242 287 1492 320 SERMONUM
1581 272 1733 331 [SERMO
1749 282 1799 310 111-

491 408 563 432 suo
602 395 773 444 analogo
811 395 994 431 homines
1033 407 1114 431 non
1152 403 1369 432 merentur.
1422 394 1535 429 Unus
1570 405 1676 429 enim
1712 400 1800 439 pot-

492 464 551 491 est
584 454 826 501 prophetare
859 465 903 489 ex
941 452 1212 490 instruccione
1252 451 1431 497 alterius,
1473 451 1577 487 sicut
1616 449 1801 486 homines

492 513 785 560 prophetarunt
819 523 861 547 ex
895 511 1166 548 instruccione
1206 509 1439 557 angelorum
1474 509 1532 545 vel
1572 507 1800 553 hominum,

492 580 536 607 ut
569 579 679 618 patet
712 571 759 606 de
791 569 1048 617 Evangelista
1081 578 1119 606 et
1143 569 1312 604 Baruch.
1348 568 1462 604 Unde
1486 567 1669 603 Christus
1703 565 1801 601 dicit

493 629 602 677 quod
634 638 818 675 tempore
850 627 949 676 legis
982 640 1083 664 nove
1117 625 1242 663 mittit
1278 625 1458 673 reprobis
1491 626 1723 672 prophetas,
1765 623 1836 660 et5

493 687 613 723 falsos
646 687 863 734 prophetas
897 686 1053 722 futuros
1086 685 1125 721 in
1159 684 1327 721 ecclesia
1351 683 1448 719 dicit
1482 696 1525 719 ex
1557 682 1681 731 signis
1715 694 1802 729 pre—

492 744 662 781 nosticis
708 745 988 781 attendendos.
1043 744 1157 780 Unde
1203 754 1342 778 omnes
1387 741 1456 790 qui
1502 740 1711 788 predicant
1745 752 1803 776 se-

494 803 671 839 cundum
705 803 873 850 gradum
905 801 1081 850 aliquem
1117 810 1208 837 sunt
1242 801 1450 848 prophete.
1483 801 1532 835 Et
1566 807 1805 847 argumenta

495 861 534 896 in
573 860 809 908 oppositum
855 860 1026 897 istorum
1072 872 1148 908 que
1194 868 1300 894 secte
1346 857 1542 905 replicant
1587 869 1667 892 non
1712 864 1805 892 sunt

496 918 617 966 digna
658 917 867 964 memoria,
914 931 1005 954 cum
1046 926 1190 954 sonant
1236 916 1276 952 in
1309 915 1549 951 divisionem
1593 924 1630 951 et
1665 921 1863 950 eorum10

496 976 792 1022 excellenciam,
826 988 905 1012 non
940 976 979 1011 in
1013 975 1236 1023 profectum
1272 973 1450 1010 ecclesie.

552 1035 682 1082 Vulgo
716 1034 822 1070 enim
858 1034 1061 1070 videretur
1092 1032 1378 1069 inconveniens
1413 1031 1522 1079 quod
1545 1030 1715 1079 quilibet
1755 1029 1806 1066 sit

220 1103 470 1139 speaktruthto
497 1093 695 1141 propheta
742 1092 811 1140 qui
852 1091 1041 1140 intelligit
1081 1090 1342 1138 propheciam
1390 1089 1610 1125 secundum
1658 1087 1805 1124 intelli-

248 1139 438 1166 edification.

497 1150 678 1200 genciam
720 1163 798 1198 que
837 1149 988 1197 plebeis
1027 1162 1106 1185 non
1146 1147 1344 1185 convenit.
1389 1148 1482 1183 Ideo
1521 1155 1720 1195 quantum
1755 1146 1803 1182 ad

496 1208 672 1245 officium
721 1209 928 1255 prophete,
974 1216 1084 1255 patet
1129 1207 1350 1243 secundum
1391 1205 1593 1252 exemplar
1625 1203 1805 1251 Baptiste
1827 1200 1862 1231 15

497 1277 534 1304 et
569 1266 719 1303 Christi
754 1267 863 1314 quod
896 1278 1025 1314 usque
1057 1265 1106 1301 ad
1140 1274 1310 1301 mortem
1346 1264 1462 1300 debet
1496 1262 1667 1311 quilibet
1707 1274 1805 1309 pro-

497 1326 617 1372 pheta
651 1324 782 1360 dicere
821 1324 973 1371 populo
1007 1322 1299 1359 edificatoriam
1335 1321 1560 1358 veritatem.
1624 1319 1807 1368 Baptista

498 1382 604 1419 enim
630 1382 902 1418 incarceratus
925 1382 1141 1429 languebat
1175 1380 1281 1417 circa
1304 1379 1525 1427 profectum
1551 1388 1588 1415 et
1611 1379 1805 1414 honorem

497 1452 642 1488 sponse
687 1453 758 1476 sue
802 1439 905 1476 sicut
952 1449 1043 1476 ante
1077 1439 1350 1475 conversando
1381 1447 1417 1474 et
1451 1449 1491 1473 se
1524 1437 1657 1484 ipsum
1691 1434 1808 1483 puni-

498 1500 602 1535 endo
626 1499 793 1535 eandem
818 1497 1063 1534 sentenciam
1087 1497 1269 1534 siciebat.
1304 1496 1419 1533 Unde
1443 1495 1601 1543 publice
1626 1493 1809 1541 Baptista
1826 1500 1867 1521 20

498 1557 704 1605 arguendo
728 1557 942 1602 Herodem,
968 1568 1013 1591 eo
1037 1556 1145 1603 quod
1169 1564 1310 1591 contra
1333 1554 1459 1602 legem
1484 1552 1620 1600 sponsi
1645 1551 1809 1588 ecclesie

498 1614 683 1661 faciebat,
729 1613 982 1661 decapitatus
1020 1613 1095 1649 fuit
1135 1616 1195 1658 (ut
1229 1622 1338 1659 patet
1378 1610 1502 1647 Marci
1542 1612 1641 1656 VI⁰)‚
1685 1619 1721 1646 et
1755 1609 1811 1645 sic

498 1673 672 1709 facerent
705 1671 938 1720 quicunque
970 1671 1183 1707 vendicant
1207 1669 1525 1717 originacionem
1560 1668 1622 1704 sui
1655 1667 1810 1704 ordinis

499 1744 521 1767 a
564 1729 762 1777 Baptista.
817 1730 893 1766 Sed
932 1730 980 1766 ab
1021 1728 1177 1777 origine
1218 1727 1361 1763 mundi
1400 1739 1480 1763 non
1521 1726 1682 1762 fuerunt
1723 1724 1811 1761 falsi

499 1789 707 1837 prophete,
739 1797 782 1824 ut
816 1796 926 1835 patet
960 1788 1008 1823 de
1041 1786 1160 1823 sectis
1194 1785 1362 1822 novellis
1388 1784 1556 1832 spissius
1580 1779 1869 1820 seminatist25

500 1847 651 1883 Omnes
675 1845 781 1882 enirn
816 1858 859 1882 ex
891 1845 981 1881 fuco
1014 1843 1243 1881 sanctitatis
1278 1842 1429 1880 Christi
1464 1852 1501 1879 et
1534 1843 1810 1878 membrorum

502 1917 668 1941 suorum
701 1903 761 1939 vel
795 1903 969 1940 aliorum
1005 1903 1074 1951 qui
1105 1910 1294 1938 emuntur
1323 1900 1474 1937 censeri
1508 1900 1548 1936 in
1581 1909 1811 1937 sanctorum

501 1962 686 2010 catalogo
722 1961 917 2009 colligunt
954 1960 1195 2009 temporalia
1226 1969 1263 1996 et
1291 1970 1463 2004 terrena,
1489 1959 1557 1994 sed
1581 1968 1813 1994 sanctorum

502 2021 665 2056 illorum
690 2019 867 2056 officium
891 2029 927 2056 et
950 2018 1177 2055 doctrinam
1200 2017 1395 2065 evangelii
1417 2016 1642 2053 vecorditer
1664 2025 1814 2063 preter-

503 2078 690 2123 mittunt3
725 2087 762 2114 et
796 2078 845 2114 ad
876 2077 1139 2113 colorandum
1174 2077 1249 2111 hoc
1281 2075 1436 2111 facinus
1469 2073 1666 2122 colligunt
1701 2085 1813 2109 mon·
1831 2069 1873 2101 30

502 2145 685 2172 struosos
729 2134 968 2171 Antichristi
1014 2133 1236 2181 discipulos
1277 2133 1499 2169 secundum
1553 2141 1814 2178 sumptuosas

504 2205 695 2241 expensas
729 2194 944 2229 domorum
979 2202 1015 2228 et
1049 2191 1221 2228 aliorum
1248 2190 1434 2227 fictorum
1470 2201 1554 2226 esse
1587 2188 1814 2225 necessaria

504 2253 554 2288 ad
580 2250 815 2298 religionem
841 2249 1005 2286 Christi.
1041 2250 1117 2285 Sed
1141 2258 1337 2296 punctum
1368 2247 1598 2284 sanctitatis
1632 2257 1669 2283 et
1702 2246 1814 2283 edifi-

505 2308 682 2346 cacionis
728 2308 893 2345 ecclesie
940 2317 984 2344 ut
1028 2306 1302 2343 Antichristus
1347 2306 1574 2353 aufugiunt.
1628 2306 1814 2353 Arguunt

505 2367 610 2404 enirn
635 2367 857 2403 secundum
882 2365 1001 2402 istam
1026 2364 1252 2401 fallaciam:
1278 2366 1384 2400 Deus
1408 2377 1488 2400 non
1512 2372 1644 2410 potest
1668 2364 1816 2399 habere
1832 2359 1872 2392 35

575 2463 594 2482 1.
609 2454 648 2482 C:
665 2455 776 2481 Servus
798 2454 889 2480 enim.
946 2455 973 2481 ὁ.
990 2455 1034 2480 A:
1056 2458 1083 2480 ct
1104 2453 1186 2480 dicit.
1208 2452 1230 2479 B
1252 2452 1282 2479 in
1304 2460 1420 2487 marga
1442 2451 1579 2479 Omnino
1600 2451 1694 2477 homo
1716 2455 1815 2484 potest

504 2498 572 2517 esse
592 2489 751 2525 propheta.
836 2496 864 2522 9.
886 2489 931 2515 A:
952 2496 1011 2524 que
1032 2487 1179 2521 sophiste.
1260 2495 1301 2514 10.
1323 2486 1393 2514 BC:
1414 2494 1521 2513 eorum
1543 2487 1637 2514 deest.
1711 2493 1744 2511 ιι.
1766 2487 1814 2512 A:

504 2526 679 2560 proiectum
703 2531 810 2551 eorum
832 2529 859 2550 et
880 2523 1015 2550 ecclesie.
1103 2530 1139 2550 12.
1164 2522 1204 2549 ΒΞ
1226 2522 1367 2554 videtur3
1398 2521 1437 2549 C:
1459 2520 1612 2548 videntur.
1708 2518 1746 2546 13.
1771 2520 1814 2547 C:

505 2561 578 2595 quia
598 2559 782 2593 intelligunt.
908 2556 945 2585 13.
968 2557 1036 2585 BC:
1059 2557 1230 2584 secundum
1253 2556 1484 2583 excellenciam.
1611 2563 1657 2587 14.
1677 2556 1722 2581 A:
1743 2554 1814 2581 ideo

505 2598 740 2629 consequenter.
849 2592 884 2620 15.
906 2594 951 2619 A:
982 2593 1140 2627 exemplar
1160 2591 1309 2619 Joliannis
1331 2596 1379 2624 et;
1411 2593 1439 2618 A
1460 2591 1489 2618 in
1517 2598 1634 2625 marg:
1668 2588 1815 2616 Officium

508 2630 680 2664 prophete:
710 2627 732 2654 B
754 2627 783 2654 in
805 2635 923 2661 marga
954 2626 1090 2662 Quilibet
1122 2635 1218 2662 usque
1238 2626 1276 2653 ad
1299 2631 1428 2653 mortem
1457 2625 1547 2653 debet
1576 2628 1677 2652 dicere
1698 2624 1816 2650 edifica-

507 2664 618 2691 toriam
640 2662 807 2690 veritatem.
880 2669 920 2697 19.
943 2663 990 2689 A:
1013 2662 1207 2697 perimendo.
1282 2668 1327 2687 20.
1351 2661 1488 2695 publice;
1510 2660 1552 2687 C:
1574 2661 1657 2694 sup²⁰
1675 2659 1720 2686 A:
1743 2658 1817 2693 Bap-

507 2700 578 2726 tista
598 2699 693 2725 deest.
767 2703 805 2723 21.
824 2695 891 2734 ss.C²
914 2704 1039 2731 sponse.
1115 2704 1157 2723 22.
1174 2699 1221 2723 A:
1245 2695 1342 2722 Marci
1362 2696 1384 2722 1.
1400 2695 1469 2722 BC:
1492 2700 1519 2722 et
1540 2694 1633 2722 deest.
1708 2694 1749 2721 23.
1765 2694 1817 2720 A:

531 2733 684 2768 uicunque
696 2733 943 2764 originacionem
957 2732 1003 2758 sui
1016 2731 1135 2758 ordinis
1149 2735 1288 2758 sumunt.
1362 2729 1404 2757 25.
1418 2730 1463 2757 A:
1479 2730 1633 2756 seminati.
1709 2728 1754 2755 26.
1770 2730 1815 2754 A:

540 2776 626 2795 mnes
647 2783 678 2787 -
694 2772 722 2794 et
742 2768 867 2799 erased;
940 2766 980 2793 ib.
1003 2767 1041 2792 3:
1057 2771 1084 2792 et
1098 2766 1238 2793 omitted.
1324 2772 1368 2797 27.
1389 2766 1435 2791 A:
1457 2764 1509 2799 qui
1529 2764 1670 2791 videntur
1683 2763 1816 2796 senseri3

508 2802 549 2829 B:
566 2802 688 2829 sinceri.
779 2801 824 2827 28.
846 2803 896 2827 A:
918 2802 1092 2834 canthalgo.
1184 2801 1221 2827 31.
1236 2802 1278 2827 A:
1300 2799 1484 2827 Anticliristi
1506 2799 1677 2833 discipulos
1699 2799 1815 2824 erased.

507 2837 548 2865 32.
570 2838 620 2864 At
642 2837 809 2864 domorum
832 2836 949 2862 erased.
1023 2834 1070 2867 34.
1092 2837 1137 2862 A:
1154 2836 1388 2867 Aniecliristus3
1409 2834 1438 2861 A
1453 2833 1482 2860 in
1507 2841 1622 2867 marg:
1644 2834 1816 2865 Argumen-

506 2877 590 2904 tum;
623 2871 644 2898 B
674 2873 704 2898 in
726 2878 844 2904 marg.:
876 2870 1141 2897 Deordinaciones
1170 2869 1384 2897 edificancium
1415 2867 1556 2896 basilicas
1584 2866 1817 2895 infundabiliter

507 2907 709 2934 introductas.
794 2905 839 2938 34.
858 2903 898 2932 35.
916 2904 982 2932 BC:
1004 2906 1147 2939 Arguunt
1162 2909 1279 2931 autem:
1301 2906 1344 2931 A:
1369 2903 1462 2930 illam.
