2017 3353
214 258 290 302 304
793 265 1016 298 JOHANNIS
1034 264 1216 297 WYCLIF
1237 265 1496 297 SERMONUM
1526 250 1678 309 [SERMO
1698 262 1805 290 XLVL

498 371 593 408 dicit
638 372 745 420 quod
789 371 892 408 lacio
944 383 1151 407 cereorum
1195 371 1235 407 in
1278 371 1527 407 fraternitate
1578 369 1807 407 huiusmodi

497 429 627 477 signat
661 428 1021 466 mortificacionem
1061 429 1293 466 dileccionis
1328 429 1475 466 Christi
1515 438 1551 465 et
1585 427 1808 465 communi-

499 487 609 524 cacio
642 487 903 536 capuciorum
936 487 1065 535 signat
1089 489 1195 536 quod
1219 487 1307 524 talis
1330 486 1557 523 fraternitas
1586 486 1809 535 capitaliter

497 547 565 582 sed
610 546 843 594 blaspheme
889 545 1089 581 extollitur
1127 558 1246 593 super
1278 547 1419 581 Deum.
1459 547 1507 580 Et
1540 544 1595 581 sic
1636 546 1683 580 de
1722 544 1809 580 aliis

498 603 728 640 racionibus
760 602 874 640 factis
907 603 1001 639 alibi
1036 612 1175 639 contra
1198 604 1339 640 fratres
1373 612 1408 639 et
1441 603 1496 639 sic
1529 602 1843 650 refrigescente5

499 661 664 699 caritate
704 662 924 697 multorum
963 674 1043 697 non
1077 662 1192 697 debet
1225 670 1331 698 secta
1364 660 1594 697 huiusmodi
1628 659 1808 705 inveniri,

498 721 566 756 sed
604 719 802 768 principia
843 719 1074 755 dileccionis
1107 719 1254 756 Christi
1286 720 1506 756 secundum
1541 731 1655 754 suum
1695 730 1810 755 evan-

498 777 643 825 gelium
684 777 867 814 roborari
906 786 948 813 ut
993 777 1239 825 predicando
1285 777 1547 814 dileccionem
1593 776 1675 813 eius
1715 775 1811 812 divi-

497 836 604 872 nitus
637 845 756 884 atque
789 835 1019 871 humanitus
1053 844 1090 872 et
1123 837 1329 884 quomodo
1362 837 1411 872 ad
1443 835 1571 883 ipsam
1597 833 1812 883 requiritur

498 893 905 942 proporcionabiliter
956 895 1006 930 ad
1049 894 1297 930 voluntatem
1343 893 1490 930 Christi
1541 892 1812 940 cuiuscunque
1832 906 1872 928 10

497 952 631 988 fratris
655 951 843 997 dileccio:
879 960 916 988 et
938 960 1048 1000 patet
1081 953 1189 1000 quod
1222 951 1421 999 ingressus
1460 964 1549 988 cum
1584 951 1632 987 sit
1664 949 1813 987 venalis

499 1019 556 1046 est
600 1009 867 1058 symoniacus,
912 1022 1146 1058 progressus
1191 1022 1281 1046 cum
1325 1009 1374 1045 sit
1418 1008 1712 1045 irracionabilis
1758 1016 1814 1044 est

497 1068 707 1116 fugiendus
741 1076 778 1104 et
811 1080 990 1116 egressus
1015 1081 1105 1104 cum
1139 1067 1188 1104 sit
1222 1067 1397 1116 iniquior
1427 1067 1647 1115 spoliorum
1679 1078 1813 1114 recep-

499 1126 631 1163 tabilis
665 1135 721 1163 est
754 1126 930 1175 iniquus.

974 1227 1167 1268 SERMO
1200 1228 1345 1267 XLVI.
1837 1221 1873 1253 ¹5

557 1324 662 1359 Dum
702 1324 775 1360 iret
810 1323 921 1359 Jesus
958 1323 993 1358 in
1035 1323 1266 1369 Jerusalem,
1310 1322 1499 1358 transihat
1532 1334 1607 1371 per
1650 1321 1815 1357 mediam

501 1382 721 1418 Samariam
754 1389 789 1418 et
825 1381 1028 1417 Galileam.
1064 1382 1168 1417 Luce
1200 1381 1338 1426 XV110‚
1379 1393 1439 1416 11.

559 1441 705 1476 Sensus
749 1439 865 1475 huius
909 1439 1101 1487 evangelii
1145 1447 1276 1486 potest
1320 1438 1532 1486 allegorice
1582 1437 1637 1474 sic
1684 1436 1816 1474 notari

502 1499 608 1547 quod
640 1499 751 1534 Jesus
784 1506 874 1545 post
904 1496 1230 1533 incarnacionem
1265 1497 1452 1532 tendebat
1474 1508 1608 1533 versus
1632 1497 1815 1532 celestem

501 1556 721 1592 Jerusalem
756 1564 792 1591 et
825 1556 1027 1602 transibat,
1059 1556 1219 1591 trahens
1243 1567 1378 1590 secum
1401 1563 1483 1591 tam
1508 1554 1674 1602 gentiles
1697 1566 1816 1602 quam
1836 1568 1877 1590 20

500 1615 658 1651 Judeos.
693 1613 873 1649 Samaria
897 1613 1002 1649 enim
1028 1625 1103 1661 que
1132 1612 1418 1661 interpretatur
1441 1612 1669 1648 custodiens
1693 1611 1819 1648 domi-

501 1685 599 1708 num
637 1671 766 1719 signat
804 1684 926 1719 genus
964 1671 1186 1718 gentilium,
1225 1671 1375 1706 Galilea
1413 1679 1546 1707 autem
1587 1683 1662 1718 que
1701 1670 1821 1706 inter-

221 1738 288 1766 Tnc
308 1742 358 1766 ten
378 1738 478 1773 lepers
502 1739 683 1778 pretatur
720 1729 894 1766 volubile
932 1729 1061 1777 signat
1100 1738 1257 1777 gentem
1289 1728 1512 1774 Judaicam,
1552 1729 1753 1779 ingressus
1785 1728 1820 1763 in

213 1773 338 1835 ἓξῆῃέξξ
359 1773 492 1843 ἔῗὲῗῑιῗὲ
503 1788 701 1824 castellum
735 1787 864 1835 signat
897 1787 1105 1823 ecclesiam
1140 1799 1261 1835 quam
1285 1786 1466 1823 Christus
1492 1795 1608 1823 vocat
1631 1786 1818 1834 pusillum

214 1843 388 1905 mercysissozr
410 1838 489 1870 {heir
503 1858 676 1894 gregem.
712 1847 788 1882 Sed
822 1846 949 1882 decem
985 1845 1060 1881 viri
1091 1845 1235 1894 leprosi
1271 1853 1361 1881 sunt
1398 1844 1634 1881 universitas
1666 1843 1821 1892 generis
1838 1847 1877 1879 25

314 1898 318 1904 ⁵
366 1898 388 1904 “¹
503 1912 762 1952 peccatorum
797 1916 872 1952 que
905 1903 1110 1939 humiliter
1142 1902 1262 1951 peciit
1295 1902 1614 1939 misericordiam
1649 1903 1696 1939 de
1731 1914 1820 1950 pec-

504 1962 614 1998 catis.
650 1961 830 1998 Christus
863 1971 997 1998 autem
1022 1960 1130 1997 dedit
1153 1960 1427 1997 sacerdotibus
1455 1973 1567 1997 suam
1591 1960 1820 2009 potenciam

503 2019 733 2057 remittendi
773 2028 809 2056 et
847 2019 903 2056 sic
942 2019 1222 2067 peccatoribus
1260 2018 1439 2067 precepit
1478 2027 1522 2054 ut
1553 2018 1661 2066 ipsos
1693 2030 1821 2055 sacer—

504 2080 616 2114 dotes
656 2078 921 2114 consulerent.
971 2078 1047 2113 Sed
1092 2078 1141 2113 ad
1181 2078 1454 2113 denotandum
1495 2078 1603 2125 quod
1641 2076 1724 2124 ipse
1766 2084 1823 2112 est

505 2135 572 2184 qui
604 2136 709 2172 tollit
740 2144 906 2184 peccata
939 2134 1079 2171 mundi
1108 2144 1145 2171 et
1175 2134 1414 2171 auctoritate
1446 2134 1627 2180 absolvit,
1651 2135 1751 2183 fecit
1784 2141 1823 2169 ut
1839 2138 1880 2170 30

505 2195 594 2230 dum
628 2194 727 2230 irent
759 2202 975 2242 antequam
1008 2194 1236 2229 sacerdotes
1259 2192 1498 2239 attingerent
1528 2200 1615 2228 sunt
1637 2192 1820 2228 mundati.

224 2258 292 2287 The
312 2259 382 2287 nine
401 2259 482 2287 Jews
505 2254 607 2288 Nam
643 2252 802 2288 Psalmo
835 2252 991 2297 XXX10,
1030 2252 1064 2297 5,
1103 2250 1308 2286 scribitur:
1348 2250 1467 2286 Dixi:
1505 2250 1723 2300 Coifitehor
1754 2250 1822 2285 ad-

217 2294 490 2363 S{}{ftf¹{‘{⁵tel1g{g¹‘i³s
506 2322 659 2345 versum
693 2322 752 2345 me
788 2309 1014 2345 iniusticiam
1049 2321 1171 2344 meam
1206 2308 1373 2343 Domino
1406 2315 1439 2343 et
1472 2315 1510 2343 tu
1544 2308 1726 2344 remisisti
1755 2307 1823 2343 ini-

216 2364 491 2434 gffsshffgt‘n'igreffisslsy
505 2367 685 2416 quitatem
714 2367 866 2416 peccati
886 2367 969 2402 mei.
1005 2367 1081 2402 Sed
1114 2365 1293 2414 bipartiti
1325 2374 1416 2401 sunt
1449 2365 1505 2401 illi
1539 2379 1708 2414 quorum
1734 2377 1824 2414 pec-

263 2433 447 2461 absolution.
507 2434 596 2461 cata
627 2433 718 2461 sunt
750 2424 882 2461 taliter
914 2423 1095 2469 remissa,
1129 2432 1172 2459 ut
1200 2423 1255 2459 illi
1279 2424 1452 2459 zelantes
1476 2436 1548 2471 pro
1572 2424 1674 2460 fastu
1696 2425 1880 2460 sacer-35

507 2484 646 2519 dotum
687 2495 767 2519 non
807 2483 1031 2518 concedunt
1070 2483 1177 2530 quod
1223 2481 1305 2517 sine
1344 2481 1600 2518 absolucione
1645 2482 1822 2529 ipsorum

506 2550 640 2588 posset
674 2539 761 2589 quis
794 2553 815 2576 a
849 2548 1015 2588 peccato
1049 2538 1213 2575 absolvi.
1254 2541 1301 2575 Et
1334 2539 1389 2575 illi
1423 2548 1514 2575 sunt
1546 2539 1658 2575 Judei
1693 2538 1825 2575 multi-

507 2599 629 2646 plices
662 2598 701 2634 in
735 2597 1046 2646 comparacione
1085 2598 1134 2634 ad
1175 2597 1451 2634 Samaritanos
1484 2597 1523 2632 in
1556 2597 1824 2645 proporcionc

577 2719 606 2743 4.
628 2711 671 2736 A:
694 2714 721 2736 et
742 2709 930 2745 blaspheme.
1031 2709 1054 2736 5.
1077 2709 1114 2735 B:
1137 2714 1253 2744 septem
1275 2709 1460 2736 rat-ionibus.
1562 2716 1595 2735 Η.
1620 2707 1657 2734 13:
1681 2712 1711 2734 ut
1732 2711 1821 2742 patet.

510 2743 547 2771 13.
570 2753 611 2776 14.
633 2746 676 2771 A:
699 2744 873 2779 portibulus
894 2748 956 2773 est:
979 2743 1018 2770 C:
1042 2744 1261 2778 recepciabilis.
1343 2743 1379 2770 15.
1402 2743 1452 2770 BC
1474 2743 1501 2769 in
1525 2751 1637 2776 marg:
1662 2741 1821 2768 bominica

509 2778 596 2817 ¹XIV:
627 2779 667 2805 (j.-
690 2784 759 2814 post
780 2778 953 2806 Trinitatis.
1055 2778 1101 2805 30.
1124 2780 1168 2805 A:
1191 2779 1416 2805 antonomatice
1437 2777 1584 2804 absolxil:
1608 2777 1671 2803 HC:
1694 2776 1821 2802 autho&¹

508 2813 553 2841 fio.
576 2813 613 2839 [ὴ.
635 2815 678 2840 A:
701 2814 732 2840 tit
753 2818 783 2840 ut
804 2813 890 2840 dum.
966 2811 1012 2846 34.
1035 2813 1100 2840 BC:
1124 2812 1289 2848 dispartiri.

585 2883 631 2916 16.
660 2884 712 2916 Cf.
732 2884 902 2926 Wyclif's
929 2885 1097 2915 Sermons
1126 2885 1177 2915 ed.
1207 2885 1251 2926 by
1278 2884 1411 2915 Arnold
1439 2884 1462 2921 1,
1492 2883 1543 2923 34.
