2017 3353
182 278 318 306 SERMO
339 268 432 325 rvr]
687 282 826 314 PRIMA
857 282 984 315 PARS.

179 388 286 434 quod
320 388 538 423 secundum
571 387 837 435 Augustinum
871 387 1001 436 ipsum
1034 401 1114 424 non
1151 400 1294 436 manet,
1329 391 1420 428 licet
1444 394 1492 428 ab

179 443 248 480 illo
286 443 444 480 obiecto
484 444 614 493 rapiat
654 445 754 482 mira
793 444 996 482 celeritate
1035 446 1186 494 species
1232 457 1268 484 et
1315 449 1490 495 effectus,

178 510 214 538 et
253 501 308 538 sic
347 504 552 550 peccando
590 503 629 539 in
664 505 802 549 Deum,
844 503 1025 551 eligendo
1071 505 1219 541 bonum
1265 508 1372 554 quod
1418 507 1491 543 sibi

177 559 332 596 videtur
356 560 590 597 delectabile
616 560 739 608 magis
772 569 923 608 peccat.
959 563 1051 598 Ideo
1086 563 1283 600 medicina
1317 565 1489 601 salubris

146 617 278 654 5foret
317 619 477 655 obstare
515 618 735 667 principiis,
774 618 959 655 videlicet
997 632 1046 656 ne
1085 620 1219 658 anima
1252 621 1308 658 sic
1341 622 1491 670 fragilis

177 674 215 711 in
249 675 415 713 obiectis
448 676 591 712 creatis
623 676 792 712 nimium
825 676 1061 714 inmoretur.

234 736 323 770 Non
360 743 495 771 tamen
532 733 835 782 intelligendum
876 744 932 771 est
972 737 1080 784 quod
1118 736 1243 773 virtus
1276 737 1408 774 anime
1442 738 1490 774 sit

176 791 347 839 qualitas
386 805 409 829 a
446 792 675 829 substancia
715 792 796 829 eius
836 793 1042 840 egrediens
1076 803 1112 831 et
1145 795 1381 843 qualitatem
1421 798 1490 833 ob-

176 848 266 885 iecti
306 849 489 887 distantis
528 863 663 887 secum
702 850 861 899 rapiens
901 851 983 888 sine
1027 852 1207 890 subiecta
1245 854 1487 901 substancia,

121 921 160 943 10
175 909 241 943 sed
275 907 362 956 ipsa
394 908 623 945 substancia
657 908 788 945 anime
818 909 872 945 sic
902 910 1193 958 multiplicatur
1226 911 1488 959 spiritualiter

117 1200 153 1233 15

77 1352 152 1384 Foh

76 1398 153 1430 183c

113 1502 153 1523 20

109 1781 147 1813 25

106 2071 148 2104 30

173 967 393 1002 secundum
432 968 637 1015 quoddam
683 979 766 1003 esse
817 976 853 1003 et
904 967 957 1003 ibi
1008 968 1254 1006 intenciones
1299 979 1335 1006 et
1375 979 1487 1006 actus

173 1023 279 1060 elicit
319 1037 419 1073 quos
458 1025 577 1061 habet
615 1023 741 1061 eciam
780 1024 821 1061 in
859 1025 1031 1062 obiecto.
1078 1028 1127 1062 Et
1172 1027 1226 1063 sic
1267 1030 1485 1064 secundum

170 1081 437 1130 Augustinum
471 1091 508 1119 et
540 1082 640 1119 alios
673 1082 842 1119 scientes
875 1092 957 1120 tam
990 1083 1216 1121 intellectus
1246 1099 1366 1134 quam
1400 1099 1486 1122 sen-

170 1153 235 1175 sus
274 1139 417 1188 singuli
455 1149 546 1177 sunt
586 1140 716 1177 activi.
756 1141 1002 1189 Accipiendo
1048 1151 1182 1179 autem
1222 1156 1380 1180 sensum
1420 1157 1486 1192 ag-

169 1198 370 1246 gregative
408 1211 482 1247 pro
526 1211 678 1247 organo
723 1208 760 1236 et
802 1199 960 1245 virtute,
1001 1199 1057 1236 sic
1096 1200 1310 1249 paciuntur
1348 1215 1485 1238 sensus

169 1257 217 1292 ab
257 1256 415 1293 obiecto
454 1270 567 1293 suam
607 1256 781 1305 speciem
820 1257 859 1293 in
897 1257 985 1306 ipso
1023 1271 1175 1306 organo
1214 1259 1483 1308 imprimente.

168 1314 396 1351 Intellectus
446 1324 579 1351 autem
631 1324 713 1351 tam
764 1316 962 1352 humanus
1007 1329 1128 1365 quam
1173 1317 1375 1365 angelicus
1427 1327 1483 1354 est

168 1371 347 1420 passivus
380 1373 494 1419 adeo,
529 1373 597 1409 sed
629 1373 753 1409 virtus
785 1374 845 1410 vel
877 1373 1035 1411 intellec
1064 1369 1070 1428 Ι
1098 1373 1177 1411 tiva
1206 1376 1265 1411 vel
1299 1375 1484 1412 sensitiva

168 1430 407 1467 abstractive
438 1430 641 1467 intellecta
673 1444 755 1468 non
778 1431 930 1479 patitur
962 1433 1011 1468 ab
1044 1431 1203 1469 obiecto
1236 1432 1414 1470 inferiori
1445 1434 1484 1470 in

167 1497 310 1525 natura
348 1488 488 1537 pocius
526 1501 647 1537 quam
686 1491 791 1526 Deus
832 1489 982 1537 patitur
1027 1491 1075 1526 ab
1116 1490 1278 1527 homine
1324 1504 1484 1539 presen-

166 1555 276 1582 tante
314 1546 388 1583 sibi
428 1546 627 1593 meritum,
668 1549 736 1584 sed
769 1550 874 1584 Deus
909 1556 1040 1584 movet
1071 1547 1259 1585 virtutem
1293 1559 1482 1596 creatam,

167 1613 208 1640 ut
253 1614 418 1652 propter
462 1604 608 1641 obiecti
653 1605 903 1654 presenciam
942 1605 1029 1654 ipsa
1067 1605 1191 1643 virtus
1229 1607 1361 1644 eliciat
1401 1617 1482 1644 tam

166 1662 340 1710 speciem
384 1675 505 1711 quam
550 1672 697 1709 actum,
744 1673 780 1700 et
825 1664 1000 1712 glossam
1032 1664 1259 1701 Aristotelis
1298 1665 1482 1713 arguitis-i

166 1733 256 1756 cum
281 1720 361 1756 suis
395 1720 631 1769 sequacibus
664 1720 704 1757 in
728 1723 800 1758 hac
825 1731 938 1770 parte
961 1721 1143 1771 relinquo
1166 1735 1234 1759 sue
1257 1732 1375 1769 secte,
1407 1736 1482 1772 que

164 1778 289 1814 nescit
328 1791 369 1815 se
408 1779 575 1815 fundare
614 1779 654 1815 in
687 1779 848 1816 racione
881 1793 953 1817 nec
985 1779 1041 1816 sic
1073 1779 1114 1816 in
1146 1780 1234 1817 aliis
1267 1794 1307 1817 se
1341 1781 1482 1818 melius

164 1848 376 1885 occupare.
418 1838 494 1873 Sed
533 1837 710 1873 fautores
751 1850 890 1874 eorum
937 1837 1074 1874 dicunt
1113 1840 1221 1886 quod
1266 1841 1481 1876 extendunt

164 1894 247 1942 pati
281 1903 317 1931 et
352 1894 502 1931 moveri
535 1897 585 1931 ad
618 1908 778 1932 omnem
804 1895 1075 1932 mutacionem
1099 1896 1351 1944 spiritualem
1384 1911 1481 1946 quo-

164 1953 285 1989 modo
329 1952 528 2001 scriptura
572 1952 667 1989 dicit
713 1955 819 2002 quod
859 1956 964 1990 Deus
1010 1963 1066 1990 est
1117 1967 1271 1991 summe
1323 1955 1481 1991 mobilis

162 2009 255 2046 licet
288 2010 508 2058 perfeccius
542 2020 578 2047 et
612 2011 737 2059 magis
777 2011 967 2060 equivoce
1002 2025 1123 2061 quam
1164 2012 1242 2049 alia
1278 2022 1479 2058 creatura:

163 2068 218 2104 sic
247 2077 381 2105 autem
408 2068 541 2105 anima
570 2078 627 2106 est
656 2083 726 2117 per
754 2082 794 2106 se
810 2070 969 2107 mobilis
985 2079 1021 2107 et
1043 2072 1261 2107 secundum
1277 2070 1479 2108 racionem

163 2126 283 2163 aliam
316 2128 365 2163 ab
399 2127 570 2164 obiecto.
617 2129 693 2164 Sed
727 2136 856 2164 totum
890 2128 1010 2165 istum
1044 2137 1261 2165 tractatum
1297 2129 1480 2178 relinquo

162 2184 426 2233 philosophis,
468 2187 689 2222 concedens
729 2188 836 2234 quod
871 2186 1004 2223 anima
1043 2200 1065 2223 a
1105 2196 1270 2234 peccato
1309 2187 1480 2224 vincitur

163 2251 200 2279 et
246 2244 352 2279 bono
404 2253 539 2280 creato
583 2243 623 2279 in
680 2257 759 2293 quo
809 2244 1036 2281 inordinate
1091 2244 1271 2293 quiescit.
1318 2248 1366 2282 Et
1422 2245 1479 2282 sic

163 2302 268 2337 Deus
308 2313 398 2336 cum
437 2301 506 2337 illo
540 2303 646 2338 bono
679 2311 814 2339 creato
848 2302 994 2339 dicitur
1028 2315 1186 2339 movere
1219 2303 1395 2340 animam
1429 2305 1477 2340 ad

163 2358 402 2395 eliciendum
437 2359 558 2395 talem
591 2369 738 2400 actum,
774 2360 885 2397 cuius
916 2374 1036 2397 causa
1066 2360 1277 2409 culpabilis
1307 2371 1363 2398 est
1393 2361 1478 2410 ipsa

162 2416 297 2453 anima
330 2429 406 2465 que
438 2416 614 2454 indebite
647 2418 795 2454 recedit
829 2432 850 2455 a
884 2421 980 2455 Deo.

220 2476 297 2510 Sed
320 2473 445 2510 tercio
470 2474 676 2512 dubitatur
698 2477 786 2524 plus
810 2477 1036 2525 theologice
1057 2478 1263 2525 quomodo
1285 2477 1479 2514 suscitan-

163 2533 235 2568 dus
279 2532 318 2568 in
363 2532 545 2580 proximo
584 2546 703 2582 quem
743 2536 848 2571 Deus
889 2535 1060 2572 destinat
1099 2536 1147 2571 ad
1189 2534 1477 2571 beatitudinem

232 2640 251 2658 1.
273 2632 316 2658 A:
340 2637 458 2660 monet:
489 2632 530 2659 ib.
553 2633 580 2660 A
601 2633 629 2660 iu
653 2642 766 2672 marg:
789 2634 992 2668 Augustiuus.
1059 2643 1084 2662 2.
1108 2635 1172 2662 tul:
1195 2635 1328 2661 effectus
1394 2633 1418 2661 3.
1445 2635 1476 2661 X·

162 2671 188 2693 et
209 2666 301 2693 deest.
374 2676 403 2701 4.
427 2667 448 2693 Β
469 2667 498 2694 iu
522 2676 634 2702 marga
656 2668 808 2695 Medlcunu
831 2674 1024 2703 peccatorum
1047 2670 1126 2696 circa
1149 2669 1309 2704 principia.
1383 2678 1411 2706 9.
1433 2670 1476 2696 A:

162 2701 306 2728 subiecta.
399 2709 436 2728 12.
458 2702 502 2729 A:
525 2703 671 2729 subiecto.
772 2702 808 2730 13.
830 2704 858 2730 A
879 2703 907 2730 iu
930 2712 1045 2739 marg:
1066 2704 1270 2739 Augustinus.
1313 2737 1317 2741 .
1369 2708 1409 2730 10.
1432 2705 1475 2731 A:

161 2735 230 2770 ipso
252 2735 352 2764 deest:
383 2735 422 2762 ib.
444 2737 488 2763 A:
510 2737 711 2771 imprime-uti.
800 2746 837 2772 17-
862 2738 925 2765 HC:
948 2743 1048 2765 autem
1071 2739 1172 2771 deest:
1202 2739 1240 2765 ib.
1262 2738 1290 2765 A
1312 2745 1340 2764 111
1363 2746 1475 2773 marg:

160 2770 350 2803 Intellectus;
373 2771 392 2796 Β
414 2771 443 2797 in
465 2780 578 2807 marg:
602 2772 717 2799 Seusus
738 2776 765 2799 et
785 2773 954 2800 intellectus
974 2773 1132 2808 quomodo
1154 2778 1224 2800 suut
1244 2772 1332 2799 activi
1355 2777 1381 2799 et
1402 2781 1477 2808 quo-

162 2805 256 2831 modo
278 2805 402 2840 passivi.
495 2814 536 2842 19.
559 2806 623 2833 BC:
647 2807 799 2833 inferiore.
875 2806 916 2834 23.
938 2809 981 2834 A:
1004 2808 1146 2835 armum-i
1169 2808 1262 2834 deest.
1339 2815 1386 2842 24.
1411 2808 1474 2835 tC:

161 2847 195 2866 ac
216 2839 289 2866 suis.
376 2839 422 2867 26.
446 2840 484 2867 3:
506 2841 685 2868 ascendunt.
771 2841 816 2868 30.
835 2841 898 2869 ssC:
921 2851 937 2869 a
959 2851 1006 2876 se:
1028 2828 1067 2869 iF.
1084 2843 1127 2869 A:
1150 2847 1176 2869 et
1199 2842 1291 2869 deest.
1374 2841 1413 2870 31.
1430 2844 1474 2870 A:

160 2878 257 2901 totum
280 2874 380 2909 deest:
402 2875 441 2902 ib.
463 2876 491 2902 A
511 2875 540 2902 in
563 2884 676 2910 marg:
698 2876 822 2903 Anima.
905 2875 948 2904 32.
971 2876 1011 2904 C:
1033 2877 1226 2904 convincitur
1247 2882 1287 2904 ut.
1362 2876 1406 2912 37.
1427 2877 1472 2905 38.

161 2908 226 2936 BC:
250 2909 483 2937 sustinendum:
505 2911 547 2937 A.
572 2909 782 2939 sustinendus.
804 2911 840 2937 cf.
866 2919 932 2945 pag.
955 2910 1016 2944 1372.
1039 2920 1078 2946 ¹7-

1273 2961 1343 3002 24÷÷

1523 744 1590 773 The
1613 756 1716 782 power
1737 749 1771 775 ot·

1515 780 1563 807 the
1585 783 1649 810 sou}
1672 783 1698 809 is
1719 788 1770 810 not

1526 819 1555 841 to
1578 817 1612 843 be
1633 817 1761 851 thought

1504 850 1582 877 ofas
1594 859 1609 878 a
1623 852 1780 891 separable

1582 887 1707 923 qualuy.

1535 1199 1614 1226 How
1635 1200 1680 1227 fai·
1701 1201 1749 1228 the

1536 1234 1667 1262 intellect
1688 1236 1746 1263 aud

1554 1277 1658 1297 seuses
1679 1279 1728 1297 are

1562 1305 1657 1331 active
1678 1314 1713 1331 ον

1570 1340 1702 1374 passim.

1564 2475 1627 2502 Can
1650 2476 1698 2503 the

1529 2511 1733 2548 predestiuate

1512 2553 1557 2572 sm
1580 2547 1721 2582 1110111111)Α
1733 2552 1743 2573 ,²
