2017 3353
198 284 253 323 32
771 293 995 324 JOHANNIS
1022 292 1204 325 WYCLIF
1231 292 1489 324 SERMONUM
1581 277 1736 335 [SERMO
1759 287 1798 313 V-

487 398 691 446 sapiencia
724 399 784 434 vel
824 399 957 447 gracia
995 411 1077 435 non
1117 408 1173 435 est
1207 411 1343 435 verum
1377 399 1487 446 quod
1521 398 1639 434 habet
1674 396 1795 433 talem

488 456 708 493 subiective
741 456 780 492 in
813 456 902 504 ipso
937 457 1005 493 sed
1026 469 1115 493 vere
1149 466 1206 493 est
1240 455 1443 504 sapiencia
1477 455 1544 492 illa
1578 465 1614 492 et
1648 453 1795 502 gracia.

210 529 235 548 2·
260 521 329 548 The
356 521 461 558 know·
548 515 777 551 Secundum
811 527 935 562 genus
968 513 1167 562 sapiencie
1201 524 1259 551 est
1283 513 1459 562 qualitas
1492 513 1532 549 in
1565 512 1701 549 anima
1726 512 1798 547 do-

202 555 472 624 ffiftgffmbgsfffflffl
490 572 587 608 mini
632 572 856 609 subiectata
900 585 980 621 qua
1023 582 1219 620 perpetuo
1264 572 1361 607 vidit
1411 571 1451 607 in
1495 572 1615 607 verbo
1662 570 1799 606 omnia

255 625 302 653 ¹¹³⁵
323 624 414 659 sight.
489 629 710 677 presencia,
744 629 937 677 preterita
968 630 1029 666 vel
1062 630 1208 666 futura.
1244 630 1344 665 Cum
1375 629 1481 665 enim
1516 642 1538 665 a
1570 628 1704 676 primo
1739 627 1832 670 in-5

490 687 613 724 stanti
658 700 727 724 sue
772 687 1070 725 incarnacionis
1115 687 1274 735 plenius
1319 686 1468 723 sanctis
1501 686 1714 733 spiritibus
1748 685 1797 721 sit

490 747 645 792 beatus,
679 744 781 782 sicut
804 745 881 794 ipsi
902 746 1040 782 vident
1074 745 1113 781 in
1136 746 1256 781 verbo
1282 744 1432 790 omnia,
1458 743 1514 780 sic
1538 754 1575 780 et
1600 743 1797 781 Christus

205 813 237 851 3.Α
259 812 327 852 The
357 811 475 839 fuiness
548 802 736 839 Tercium
770 816 894 852 genus
927 803 1077 840 noticie
1101 813 1158 839 est
1182 816 1263 851 quo
1298 803 1520 838 secundum
1545 801 1706 838 habitus
1740 800 1798 836 in—

202 846 476 910 otgiftgrfgtcimthe
491 861 601 898 fusos
634 874 726 909 pars
749 861 936 909 superior
958 861 1091 898 anime
1116 861 1262 897 Christi
1287 870 1344 896 est
1374 859 1492 907 plena
1516 858 1800 896 carismatibus

491 932 514 956 a
547 932 620 955 suo
655 919 787 967 primo
822 919 1009 966 instanti3
1043 919 1147 955 sicut
1169 919 1274 955 enim
1295 917 1477 965 Baptista
1499 927 1536 954 et
1565 916 1642 953 alie
1664 926 1800 953 sancte
1823 938 1859 960 ,0

221 974 451 1037 C'glffisenfflsffi·
492 977 625 1014 anime
658 978 806 1014 habent
846 978 946 1014 tales
979 977 1142 1013 habitus
1187 975 1550 1024 supernaturaliter
1582 975 1636 1011 eis
1670 975 1799 1020 datos,

282 1052 398 1072 crease.
493 1035 549 1071 sic
582 1045 618 1072 et
651 1035 787 1072 anima
820 1035 968 1072 Christi
1008 1047 1099 1071 cum
1140 1047 1211 1071 nec
1250 1033 1380 1070 caruit
1424 1033 1613 1080 potencia
1645 1033 1705 1069 vel
1744 1032 1802 1068 in-

494 1093 657 1130 tellectu
691 1093 878 1141 possibili
912 1106 983 1130 nec
1016 1093 1091 1129 fuit
1113 1105 1239 1129 vacua
1262 1092 1399 1140 quoad
1423 1091 1526 1129 illas.
1571 1093 1620 1127 Et
1662 1102 1801 1127 secun-

495 1152 590 1187 dum
626 1150 702 1188 ista
735 1151 813 1188 tria
846 1164 992 1199 genera
1024 1150 1173 1187 noticie
1208 1149 1391 1186 Christus
1425 1161 1506 1185 non
1540 1148 1676 1195 crevit,
1711 1161 1801 1184 cum

495 1209 749 1256 impossibile
782 1209 857 1245 fuit
891 1209 931 1245 in
965 1209 1052 1256 ipso
1088 1221 1225 1245 eorum
1259 1207 1427 1255 aliquod
1461 1206 1664 1255 adaugeri.
1825 1218 1859 1250 15

223 1264 469 1335 iie'drgsehszssssssvg-
554 1268 631 1303 Sed
664 1277 854 1315 quartum
877 1279 1001 1315 genus
1035 1266 1205 1303 sciencie
1226 1276 1284 1302 est
1305 1265 1458 1302 noticia
1482 1263 1804 1312 experimentalis

290 1335 404 1362 rience.
496 1338 617 1374 quam
653 1324 789 1361 anima
812 1325 961 1361 Christi
995 1324 1167 1373 quesivit
1200 1333 1244 1360 ut
1276 1323 1444 1372 relique.
1479 1321 1521 1360 Si
1544 1322 1649 1358 enim
1684 1323 1802 1358 habet

494 1382 727 1431 potenciam
758 1383 1049 1430 disciplinalem
1072 1383 1292 1418 secundum
1324 1394 1446 1430 quam
1480 1390 1615 1428 potest
1636 1380 1803 1417 virtutes

496 1440 724 1489 adquirere,
759 1440 857 1489 quid
903 1440 1118 1488 impediret
1163 1441 1274 1488 quod
1319 1452 1408 1476 cum
1449 1438 1643 1486 predictis
1677 1437 1805 1474 tribus

226 1509 252 1537 5.
272 1508 340 1536 The
359 1509 465 1535 know·
499 1498 714 1546 sapienciis
758 1498 953 1535 noticiam
988 1498 1108 1535 talem
1142 1497 1394 1546 adquireret?
1448 1497 1644 1541 Quintum
1684 1508 1806 1544 genus
1823 1518 1864 1539 20

210 1544 482 1615 cosseedsggytggssse'
498 1556 702 1604 sapiencie
736 1567 792 1593 est
825 1556 980 1593 noticia
1004 1556 1219 1603 sensuali53
1243 1568 1336 1592 nam
1362 1556 1632 1592 convertendo
1667 1553 1806 1590 oculos

497 1616 547 1651 ad
581 1614 789 1651 sensibilia
814 1615 914 1651 vidit
948 1624 984 1651 et
1018 1614 1130 1651 novit
1155 1614 1424 1661 corporaliter
1451 1614 1454 1661 Ι
1484 1625 1561 1661 que
1585 1622 1703 1648 antea
1725 1624 1807 1648 non

495 1673 552 1708 sic
575 1672 674 1708 vidit
709 1682 746 1709 et
779 1672 834 1709 sic
868 1672 1108 1720 intelligitur
1141 1672 1294 1709 dictum
1329 1670 1506 1719 apostoli
1545 1671 1594 1707 ad
1628 1671 1807 1706 Hebreos

494 1732 562 1776 V0,
588 1732 625 1777 8,
649 1732 759 1778 quod
789 1731 920 1766 didicit
951 1743 1001 1767 ex
1032 1731 1083 1766 eis
1115 1742 1184 1780 que
1210 1742 1350 1780 passus
1372 1737 1446 1775 est,·
1469 1738 1506 1765 et
1540 1728 1617 1765 ista
1649 1727 1809 1764 videtur

497 1788 703 1825 sentencia
734 1788 940 1825 Ambrosii
975 1798 1011 1825 et
1045 1788 1199 1825 domini
1231 1787 1462 1825 Armacani.
1824 1797 1864 1830 25

567 1847 645 1883 Sed
678 1856 820 1883 contra
853 1846 953 1882 illud
988 1846 1166 1883 obicitur
1204 1847 1313 1894 quod
1354 1844 1567 1893 superfluit
1602 1843 1805 1880 Christum

305 1949 309 1953 ι
365 1949 370 1954 .
497 1905 644 1941 habere
678 1914 760 1940 tam
794 1903 943 1941 multas
975 1904 1162 1951 noticias,
1188 1917 1279 1940 cum
1313 1916 1394 1940 una
1427 1915 1497 1950 per
1528 1914 1569 1939 se
1592 1901 1805 1938 sufficeret.

210 1949 483 2011 1.i)ii³ei}{ti22iso³us
569 1963 646 1999 Sed
679 1962 735 1998 sic
768 1962 991 1999 obicientes
1026 1961 1235 2010 implicant
1268 1962 1379 2010 quod
1402 1960 1615 2008 superfluit
1649 1960 1806 1996 verbum

211 2018 748 2088 feiggesssrfessssggassumpsisse
791 2033 931 2070 corpus
973 2028 1008 2056 et
1053 2021 1234 2064 animam,
1279 2032 1368 2055 cum
1416 2019 1549 2065 ipsum
1583 2018 1804 2054 secundum

294 2088 405 2116 fluous.
499 2078 689 2115 deitatem
723 2091 794 2125 per
815 2091 855 2115 se
879 2078 1063 2124 sufficiat,
1089 2088 1126 2115 et
1159 2090 1229 2125 per
1260 2077 1366 2113 idem
1391 2075 1602 2123 superfluit
1627 2075 1804 2112 animam
1823 2087 1864 2119 30

499 2148 645 2183 corpus
689 2148 906 2181 assumere,
953 2149 1043 2172 cum
1089 2136 1176 2183 ipsa
1221 2134 1272 2171 sit
1316 2146 1387 2181 per
1430 2146 1470 2170 se
1516 2132 1715 2169 sufficiens
1755 2133 1804 2168 ad

499 2194 713 2242 agendum,
767 2194 868 2230 sicut
914 2206 1007 2241 ergo
1054 2192 1237 2240 oportuit
1289 2193 1453 2228 verbum
1507 2190 1802 2227 humanitatem

499 2264 715 2297 assumere,
749 2251 805 2287 sic
838 2251 1020 2298 oportuit
1064 2251 1196 2298 ipsum
1242 2250 1423 2297 accipere
1467 2248 1695 2285 accidencia
1728 2260 1805 2295 que

213 2320 290 2359 *Th-e
310 2327 395 2358 same
416 2320 468 2346 ob·
499 2319 710 2357 peccatum
744 2321 826 2345 non
858 2309 1021 2356 sapiunt
1055 2310 1121 2344 sed
1147 2318 1385 2356 sequuntur.
1420 2309 1468 2343 Et
1491 2306 1594 2342 sicut
1618 2305 1803 2353 oportuit

212 2354 633 2417 ffi‘ffifflomffiffifitsffiipsum
666 2379 806 2403 sensus
839 2368 984 2403 habere
1019 2376 1056 2403 et
1089 2379 1241 2414 organa
1274 2366 1351 2402 alia
1384 2377 1432 2400 ne
1456 2364 1505 2401 sit
1537 2364 1724 2409 colobon,
1749 2363 1806 2399 sic
1822 2376 1861 2409 35

215 2423 685 2495 §Jgffiffffssoffisspfflfflit
718 2424 851 2472 ipsum
899 2426 1044 2461 habere
1082 2424 1249 2460 virtutes
1297 2422 1507 2470 organicas
1553 2432 1589 2458 et
1634 2421 1806 2458 noticias

501 2482 736 2530 cognitivas.
770 2485 818 2519 Et
852 2482 954 2519 sicut
987 2481 1133 2519 noticie
1158 2480 1383 2517 divinitatis
1407 2493 1477 2516 sue
1506 2493 1586 2516 non
1612 2488 1807 2527 repugnat

501 2539 655 2577 noticia
693 2553 764 2577 sua
800 2541 991 2586 humana,
1032 2539 1088 2576 sic
1126 2539 1277 2587 duplici
1323 2538 1472 2575 noticie
1519 2550 1587 2574 sue
1633 2539 1807 2573 humane

1853 1589 1928 1620 Fol.

1859 1636 1936 1676 145⁸*

571 2661 597 2689 3.
618 2663 646 2689 A
666 2662 696 2689 in
718 2671 833 2698 marg.:
854 2663 882 2690 b.
1009 2662 1036 2690 6.
1058 2661 1099 2689 C:
1121 2661 1282 2695 spiritibus
1303 2661 1428 2688 sanctis.
1545 2668 1572 2695 7.
1592 2661 1636 2686 At
1657 2658 1808 2686 viderunt.

504 2696 530 2724 8.
551 2699 580 2724 A
600 2697 630 2724 in
651 2705 772 2732 marg:
793 2697 950 2725 viderunt.
1040 2705 1081 2724 ιο.
1103 2696 1174 2724 BC:
1195 2697 1277 2724 enim
1299 2697 1392 2724 deest.
1485 2704 1519 2723 ii.
1539 2697 1584 2723 A:
1607 2694 1809 2729 spiritualiter

504 2731 557 2759 eis.
631 2739 669 2759 12.
691 2735 734 2760 A:
757 2734 898 2759 caruerit.
971 2739 1013 2766 ¹4·
1036 2732 1084 2759 A:
1105 2732 1165 2759 illa.
1245 2731 1288 2759 16.
1308 2732 1337 2758 A
1356 2733 1389 2758 in
1410 2738 1525 2765 marg:
1547 2731 1577 2757 d.
1662 2736 1709 2755 20.
1729 2729 1758 2755 A
1779 2729 1807 2754 in

504 2774 619 2801 marg.:
641 2775 664 2793 e.
737 2766 780 2794 23.
802 2768 853 2794 A:
875 2766 1033 2799 Hebreos;
1054 2767 1194 2801 sequitur
1214 2766 1333 2793 lacuna.
1419 2773 1464 2797 24·
1486 2766 1539 2792 A:
1561 2764 1622 2791 illa.
1707 2763 1749 2790 25.
1771 2763 1807 2789 ss:

503 2801 714 2835 Armachaniz
736 2801 774 2830 C:
796 2801 1003 2835 Ardinacani3
1025 2801 1054 2828 A
1074 2802 1103 2827 in
1126 2809 1240 2835 marg:
1263 2801 1412 2828 Obieccio
1434 2800 1545 2836 prima.
1664 2796 1709 2824 28.
1731 2798 1759 2824 A
1780 2797 1810 2824 in

503 2843 618 2870 marga
640 2836 830 2872 Responsio3
852 2838 872 2863 Β
893 2836 924 2863 in
947 2844 1062 2870 marg:
1085 2836 1234 2863 Obieccio
1255 2843 1344 2863 vana.
1451 2835 1489 2861 31.
1511 2835 1555 2861 A:
1576 2840 1690 2867 corpus
1711 2847 1743 2852 —
1763 2839 1810 2858 ac-

503 2871 606 2905 cipere
625 2871 725 2900 added
746 2873 776 2899 in
798 2872 919 2906 margin
940 2875 1000 2898 and
1021 2871 1191 2897 corrected.
1317 2870 1357 2898 35.
1378 2868 1416 2896 B:
1438 2869 1580 2903 colebon,
1601 2868 1741 2899 colotus,
1764 2874 1808 2901 gr.

503 2905 655 2942 κόλοβος
675 2908 704 2935 id
727 2911 772 2935 est
792 2907 930 2934 mutilus.
1038 2902 1082 2939 37.
1105 2905 1152 2932 C:
1175 2905 1306 2932 deitatis.
