2017 3353
147 305 217 339 138

165 706 231 733 The
253 706 376 735 Church

170 741 274 777 falling
294 742 373 781 from

204 785 293 811 grace
313 785 339 804 is

137 811 284 846 prepared
300 816 331 838 to
347 811 381 838 be
394 820 409 838 a

137 850 202 873 nest
213 845 247 873 of
258 846 307 874 the
319 846 407 875 devii.

135 1168 297 1204 garnislicd
336 1168 406 1195 with

184 1203 360 1230 nnsoundcd

173 1242 372 1265 sacraincnts.

723 312 946 345 JOHANNIS
973 311 1158 344 wvcrir
1185 311 1443 344 SERMONUM
1497 297 1652 355 [SERMO
1675 308 1739 336 xx.

426 420 512 455 huic
542 421 718 468 pessime.
759 421 806 454 Et
846 431 867 454 a
906 417 1105 466 probabili
1146 427 1202 454 est
1244 420 1290 454 de
1324 417 1551 454 christianis
1584 417 1741 454 confor-

427 477 543 513 miter
566 477 838 513 senciendum.
864 476 1044 512 Christus
1070 475 1173 512 enim
1209 476 1271 512 cui
1306 477 1452 512 demon
1481 476 1570 523 plus
1593 474 1741 511 invidet

425 544 481 571 est
516 535 703 572 continue
737 534 776 570 in
810 533 942 570 medio
975 533 1101 581 gentis
1135 546 1222 574 sue:
1263 533 1352 570 ideo
1385 534 1556 582 superba
1594 532 1742 569 invidia
1757 559 1818 591 FO!

425 592 554 640 ipsum
588 592 813 637 necessitat,
838 600 880 628 ut
904 600 1072 640 temptet
1096 591 1355 639 multiplicius
1384 587 1388 644 l
1417 591 1534 627 istam
1568 599 1740 639 gentem,
1762 583 1838 637 1563’

425 659 460 686 et
494 651 585 687 licet
618 651 703 698 ipsa
736 658 826 698 post
860 658 1030 686 mortem
1056 648 1202 685 Christi
1229 649 1365 685 habuit
1399 658 1478 686 tam
1515 649 1554 685 in
1587 648 1742 696 sapien-
1782 653 1797 684 5

425 709 485 745 cia
524 722 643 757 quam
683 708 723 744 in
760 707 895 756 gracia
933 707 1128 756 ampliora
1170 707 1383 744 carismata
1422 720 1542 756 quam
1582 705 1741 755 pagani,

424 775 558 803 tamen
592 779 635 803 ex
668 765 954 814 ingratitudine
996 774 1032 801 et
1070 764 1308 801 introductis
1333 765 1484 813 legibus
1507 763 1742 801 Antichristi

425 833 480 860 est
529 837 635 861 nunc
686 823 923 872 disposicior
979 832 1020 859 ut
1080 823 1128 859 sit
1172 823 1356 871 specialis
1406 823 1522 859 nidus
1573 821 1742 861 diaboli:

424 895 515 918 nam
552 883 802 919 decidentem
829 894 851 918 a
875 881 1018 918 maiori
1048 881 1183 929 gracia
1212 890 1371 929 oportet
1395 893 1562 929 peccare
1584 879 1742 928 gravius

425 940 599 977 Domino
643 941 732 988 plus
777 940 943 987 ingrate.
978 941 1069 976 Ideo
1115 940 1360 976 attendendo
1410 941 1458 976 ad
1504 939 1652 975 factum
1705 946 1801 974 etio

425 998 626 1035 racionem
687 997 940 1046 superiorum
1001 999 1255 1034 sacerdotum
1314 1010 1433 1034 nemo
1491 997 1531 1032 in
1590 997 1741 1032 mundo

424 1056 580 1092 videtur
630 1068 798 1104 peccare
848 1055 1006 1103 gravius
1057 1064 1123 1092 aut
1175 1055 1334 1092 Christo
1385 1054 1598 1103 ingracius,
1650 1066 1739 1090 cum

424 1115 680 1150 adversantes
725 1113 872 1150 Christi
917 1113 1169 1149 ordinacioni
1214 1126 1295 1150 non
1338 1122 1559 1161 sequuntur
1609 1111 1739 1160 ipsum

424 1172 463 1207 in
516 1172 696 1208 moribus
749 1173 816 1208 sed
871 1180 1176 1219 contempnunt.
1238 1171 1348 1207 Licet
1400 1172 1543 1208 domus
1602 1182 1740 1206 eorum

423 1230 549 1279 scopis
587 1231 798 1266 mundatur
835 1239 871 1266 et
910 1229 1173 1266 sacramentis
1212 1228 1526 1265 infundabilibus
1565 1230 1799 1274 ornatur‚15

424 1289 492 1324 sed
524 1297 638 1324 vacat
671 1289 720 1324 ab
754 1287 888 1324 officio
922 1287 1138 1335 primitivo,
1162 1287 1253 1323 ideo
1285 1295 1444 1335 oportet
1478 1287 1585 1335 quod
1617 1285 1742 1322 novis-

423 1346 519 1382 sima
554 1346 669 1382 huius
703 1345 858 1394 generis
890 1345 963 1381 sint
990 1346 1125 1394 peiora
1153 1345 1364 1394 prioribus.

483 1405 530 1440 Et
583 1417 673 1440 cum
727 1403 910 1440 diabolus
963 1416 1008 1440 ac
1062 1404 1242 1440 membra
1300 1415 1371 1439 sua
1423 1403 1648 1450 procedunt
1704 1400 1742 1437 in

425 1461 598 1498 deterius
657 1462 968 1510 augmentando,
1028 1460 1237 1509 probabile
1289 1460 1444 1497 videtur
1502 1460 1609 1508 quod
1669 1458 1743 1495 ista

365 1534 372 1539 ’
425 1519 736 1556 christianorum
802 1519 1014 1567 generacio
1078 1528 1134 1555 est
1198 1518 1310 1566 peior
1373 1531 1493 1567 quam
1563 1516 1801 1565 predicta20

184 1804 241 1832 His
260 1804 361 1839 ciglith

143 1839 404 1867 commandment.

165 1982 283 2017 Spcech
305 1982 330 2009 is
351 1981 385 2008 os

138 2018 219 2045 three
246 2017 352 2048 kinds:
380 2016 408 2043 in

179 2052 318 2090 thought.
341 2051 370 2078 in

144 2086 230 2120 dced,
252 2095 282 2114 in
303 2086 400 2113 word.

425 1577 635 1625 generacio
668 1579 901 1614 Judeorum.
935 1579 983 1612 Et
1017 1589 1086 1626 per
1119 1576 1223 1612 idem
1259 1585 1363 1613 secte
1402 1584 1580 1612 recentes
1619 1574 1742 1611 intro-

426 1637 543 1672 ducte
575 1635 760 1672 videntur
793 1647 935 1671 sonare
969 1634 1154 1677 deterius,
1196 1634 1288 1682 quia
1322 1647 1365 1670 ex
1399 1634 1554 1670 cautela
1593 1632 1742 1669 diaboli

426 1706 495 1741 per
533 1693 749 1741 ypocrisim
784 1701 1001 1741 preparant
1034 1692 1107 1728 sibi
1142 1693 1288 1735 locum,
1327 1692 1428 1728 sicut
1468 1691 1506 1727 in
1545 1689 1741 1739 superiori

426 1750 689 1787 similitudine
722 1760 805 1787 erat
839 1751 1003 1787 dictum.

483 1809 599 1845 Circa
633 1810 707 1845 hoc
740 1809 987 1856 evangelium
1030 1817 1085 1844 est
1124 1808 1346 1844 notandum
1387 1809 1494 1855 quod
1532 1805 1742 1855 generacio
1760 1809 1799 1842 25

425 1867 605 1914 predicta
644 1866 816 1914 pessima
855 1866 1010 1902 videtur
1049 1867 1166 1914 plane
1205 1866 1356 1902 solvere
1401 1874 1586 1901 octavum
1633 1877 1743 1900 man—

425 1926 561 1961 datum
588 1924 787 1972 decalogi:
812 1937 905 1961 nam
930 1924 1053 1960 Exodi
1069 1926 1171 1969 XX0‚
1204 1925 1248 1959 16
1272 1923 1476 1960 scribitur:
1506 1924 1591 1958 Non
1615 1924 1741 1970 loque-

425 1983 480 2018 ris
523 1990 657 2018 contra
698 1982 926 2031 proximum
972 1990 1076 2017 ticum
1116 1982 1270 2030 falsum
1321 1981 1587 2017 testimonium.
1641 1981 1740 2016 Cum

425 2040 530 2076 enim
583 2040 631 2076 sit
682 2040 821 2088 triplex
873 2039 1042 2085 locucio,
1094 2039 1245 2076 scilicet
1291 2039 1487 2084 mentalis,
1539 2038 1656 2075 realis
1706 2046 1742 2074 et

424 2098 586 2143 vocalis,
633 2107 669 2134 et
714 2098 856 2134 iterum
897 2110 987 2134 cum
1028 2097 1158 2134 omnis
1192 2097 1309 2144 culpa
1340 2096 1483 2133 viantis
1521 2096 1569 2132 sit
1603 2104 1742 2132 contra
1758 2097 1801 2130 30

426 2155 645 2204 quemlibet
684 2168 822 2192 eorum
862 2155 988 2192 eciam
1029 2164 1169 2192 contra
1208 2167 1247 2190 se
1293 2154 1437 2202 ipsum,
1484 2162 1591 2202 patet
1635 2154 1742 2202 quod

425 2213 556 2250 omnis
596 2226 766 2261 peccans
806 2213 1058 2261 culpabiliter
1103 2212 1280 2260 loquitur
1331 2221 1470 2249 contra
1515 2211 1741 2259 proximum

426 2284 541 2307 suum
575 2272 717 2307 falsum
751 2270 1041 2316 testimonium,
1077 2280 1112 2307 et
1145 2270 1200 2306 sic
1225 2271 1299 2306 hoc
1323 2272 1556 2306 mandatum
1591 2278 1633 2305 ut
1665 2268 1743 2305 alia

426 2341 471 2365 ac
511 2341 649 2365 eorum
689 2328 875 2376 opposita
913 2338 1003 2364 sunt
1042 2341 1230 2365 connexa.
1271 2328 1311 2364 Si
1351 2327 1455 2364 enim
1496 2328 1616 2363 frater
1654 2335 1743 2363 tuus

426 2386 474 2422 sit
514 2395 621 2422 extra
660 2386 835 2433 graciam
877 2399 920 2422 ex
960 2388 1118 2434 loquela
1157 2394 1223 2422 tua
1267 2385 1589 2433 dampnificatus,
1635 2393 1743 2432 patet
1758 2387 1799 2421 35

426 2445 534 2492 quod
568 2444 606 2479 in
640 2444 745 2480 facto
779 2444 967 2492 culpabili
998 2444 1173 2492 loqueris
1203 2452 1342 2480 contra
1374 2443 1500 2479 illum.
1536 2443 1575 2479 Si
1609 2451 1740 2479 autem

426 2502 475 2538 sit
514 2501 552 2537 in
590 2501 737 2549 gracia,
779 2515 868 2538 curn
916 2502 1060 2538 iterum
1100 2503 1219 2538 debes
1262 2501 1335 2538 sibi
1381 2501 1588 2549 proficere,
1635 2508 1743 2547 patet

427 2561 533 2608 quod
572 2561 753 2596 vacando
792 2561 841 2596 ab
880 2560 955 2596 isto
1002 2560 1181 2608 profectu
1220 2559 1394 2608 loqueris
1431 2558 1557 2595 eciam
1603 2566 1742 2595 contra

496 2692 520 2720 3.
542 2693 585 2721 A:
609 2691 764 2727 superbia.
843 2701 872 2731 4.
895 2693 938 2719 A:
961 2697 1098 2727 temptat.
1181 2692 1208 2719 6.
1232 2691 1271 2719 C:
1293 2691 1323 2719 in
1345 2691 1445 2721 deest:
1472 2691 1511 2718 ib.
1534 2691 1554 2717 B
1575 2691 1604 2718 in
1626 2699 1739 2726 marg:

428 2727 560 2754 Gravius
582 2731 688 2762 peccat
730 2731 778 2753 ost
800 2735 915 2754 maiora
936 2727 1098 2754 carismata
1120 2726 1170 2762 qni
1192 2726 1351 2761 delinquit.
1460 2734 1488 2760 9.
1512 2725 1550 2753 C:
1573 2725 1739 2753 decidente.

430 2771 468 2789 io.
493 2762 529 2788 B:
554 2763 621 2796 plus
642 2766 670 2788 ct
692 2770 710 2796 p
726 2770 771 2788 us.
861 2761 901 2788 16.
924 2762 967 2788 A:
991 2766 1087 2796 vagat.
1169 2761 1208 2788 18.
1231 2760 1297 2788 BC:
1320 2761 1461 2787 diabolus
1481 2764 1517 2787 et.
1602 2760 1644 2788 25.
1668 2760 1689 2787 Β
1711 2760 1739 2787 in

428 2805 541 2831 marg..-
566 2796 707 2823 Ouestio.
799 2795 845 2822 26.
868 2796 911 2822 A:
935 2796 1159 2830 predictorum:
1186 2795 1225 2822 ib.
1247 2796 1274 2822 A
1295 2795 1323 2821 in
1347 2803 1459 2829 marg:
1483 2795 1633 2822 Octavum
1657 2803 1740 2822 man-

428 2831 543 2858 datnm.
575 2821 703 2865 †i·iplex
730 2830 865 2860 locucio:
899 2831 937 2857 ib.
960 2830 981 2856 Β
1004 2830 1031 2856 in
1055 2839 1167 2865 marg:
1197 2829 1264 2858 Non
1285 2830 1421 2865 loqueris
1441 2832 1548 2856 contra
1567 2830 1740 2864 proximum

427 2864 641 2899 tuum-falsum
663 2865 875 2892 testimonium.
897 2864 1030 2891 Locucio
1052 2864 1171 2899 triplex.
1236 2864 1281 2891 28.
1302 2865 1345 2891 A:
1368 2868 1453 2891 tuum
1475 2864 1567 2890 deest.
1626 2872 1671 2898 20.
1694 2865 1736 2890 A:

427 2904 453 2926 et
476 2899 626 2926 mentalis.
685 2899 723 2927 31.
746 2898 810 2926 BC:
833 2903 859 2925 et
880 2903 994 2926 contra.
1052 2898 1093 2926 33.
1117 2899 1156 2925 C:
1180 2907 1268 2925 suum
1290 2898 1383 2925 deest.
1434 2897 1476 2925 35.
1499 2897 1538 2925 C:
1561 2902 1587 2924 ct
1609 2898 1636 2924 lo
1664 2899 1737 2924 uela.

426 2933 469 2969 37.
483 2935 525 2961 A:
542 2934 660 2968 iterim3
677 2934 715 2961 B:
732 2933 869 2966 interi1n3
886 2934 929 2961 A:
946 2933 1002 2960 sibi
1019 2933 1112 2960 deest.
1151 2933 1196 2961 38.
1211 2933 1250 2960 C:
1268 2933 1459 2967 loquentum
1475 2933 1518 2960 A:
1534 2932 1628 2960 eciam
1667 2937 1737 2959 cest.
