2017 3353
150 287 227 322 242
720 286 944 318 JOHANNIS
963 285 1146 318 wvctir
1165 286 1419 318 SERMONUM
1447 272 1597 330 [SERMO
1612 282 1752 310 xxxx-1.

156 399 222 426 The
244 399 360 426 reward
383 399 418 425 os
437 392 678 437 Mensarum,
724 391 865 440 inquit,
912 392 1047 427 bonam
1093 399 1128 428 et
1171 393 1386 441 confertam
1437 400 1471 428 et
1516 392 1750 442 coagitatam

228 442 341 469 mei-cy.
436 457 470 485 et
508 450 844 500 supereffluentem
880 450 1022 485 dabunt
1054 450 1090 486 in
1127 451 1250 486 sinum
1285 458 1467 486 vestrum.
1508 452 1608 486 Nam
1656 450 1752 486 fides

436 508 655 544 sentenciat
701 509 807 556 quod
855 507 965 555 egeni
1011 508 1247 556 recipientes
1294 508 1552 544 elemosinam
1601 509 1751 543 dabunt

436 567 740 614 quodammodo
773 565 1083 602 retribucionem
1118 566 1376 602 beatitudinis
1408 578 1496 615 que,
1531 566 1625 613 quia
1661 579 1752 613 pro-

437 624 766 672 porcionabiliter
799 625 848 660 ad
884 623 1070 660 meritum
1106 623 1278 660 hominis
1315 624 1624 665 mensurabitur,
1662 623 1785 659 ideofi

437 683 583 718 dicitur
623 695 808 718 mensura
847 694 923 730 que
963 691 1019 718 est
1059 683 1176 728 bona,
1218 683 1311 731 quia
1344 684 1391 718 de
1425 684 1542 718 rebus
1575 681 1750 729 optimis.

437 742 622 776 Secundo
656 749 712 777 est
746 740 936 785 conferta,
972 739 1066 788 quia
1099 740 1182 776 sine
1213 740 1412 777 vacuitate
1446 740 1537 775 boni
1579 739 1752 776 extranei

437 799 562 846 replet
607 807 795 835 mentem.
828 797 972 834 Tercio
1018 806 1075 834 est
1119 798 1332 846 coagitata,
1379 798 1472 846 quia
1511 799 1559 834 ad
1598 806 1751 834 tantam

438 856 711 893 constanciam
765 857 919 893 inheret
970 855 1137 902 homini,
1189 866 1231 892 ut
1281 858 1330 893 ab
1388 869 1434 892 eo
1491 869 1572 891 non
1629 854 1753 903 possit

436 914 626 962 separari.
668 916 714 950 Et
754 922 898 962 quarto
937 923 994 950 est
1033 914 1321 962 supereffluens
1358 913 1605 950 beatitudine
1650 912 1752 949 acci-
1775 928 1812 950 10

437 972 599 1009 dentali.
640 974 687 1008 Et
726 972 820 1020 quia
859 980 987 1008 totum
1024 973 1099 1008 hoc
1130 985 1211 1008 non
1245 981 1301 1008 est
1335 973 1382 1008 de
1416 971 1593 1008 essencia
1626 970 1753 1007 homi-

436 1031 496 1066 nis
554 1031 622 1066 sed
687 1032 908 1067 secundum
967 1029 1132 1066 virtutes
1196 1043 1273 1078 que
1331 1039 1422 1065 sunt
1487 1029 1753 1065 instrumenta

437 1101 508 1125 sua
553 1088 638 1136 ipsa
684 1088 838 1136 recipit,
884 1088 973 1124 ideo
1019 1087 1164 1124 dicitur
1209 1089 1330 1124 homo
1376 1088 1414 1124 in
1461 1087 1591 1123 sinum
1637 1100 1752 1123 suum

437 1147 523 1194 ipsa
562 1146 752 1194 recipere.
798 1148 845 1182 Et
884 1146 1012 1182 simile
1049 1146 1206 1182 videtur
1245 1146 1284 1181 in
1323 1145 1466 1181 modiis
1504 1146 1564 1181 vel
1610 1144 1753 1181 instru-

439 1204 581 1241 mentis
634 1204 720 1240 aliis
766 1204 805 1240 in
850 1204 995 1253 quibus
1040 1204 1167 1240 farina
1216 1205 1276 1240 vel
1327 1216 1495 1251 granum
1550 1203 1811 1251 recipitur.15

438 1263 572 1299 Primo
625 1262 728 1298 enim
781 1271 944 1299 notatur
995 1263 1102 1310 quod
1153 1262 1283 1310 ipsum
1329 1262 1368 1298 in
1413 1270 1558 1298 natura
1597 1274 1667 1297 sua
1706 1260 1755 1296 sit

438 1323 601 1366 bonum,
647 1322 822 1357 secundo
865 1328 1030 1357 notatur
1074 1322 1181 1368 quod
1220 1320 1531 1356 instrumentum
1571 1319 1673 1356 vasis
1706 1317 1756 1354 sit

439 1379 664 1416 confertum
714 1379 775 1415 vel
824 1391 949 1426 usque
1006 1379 1056 1414 ad
1113 1391 1224 1414 oram
1278 1378 1489 1426 repletum,
1542 1386 1578 1414 et
1628 1376 1753 1413 tercio

438 1446 495 1474 est
531 1437 661 1485 ipsum
703 1446 745 1473 ut
780 1437 962 1472 excludat
1004 1449 1149 1484 corpus
1185 1444 1415 1472 extraneum
1461 1435 1670 1483 agitatum,
1717 1443 1753 1470 et

439 1504 583 1544 quarto
619 1503 675 1531 est
710 1494 840 1542 ipsum
876 1495 1093 1530 secundum
1131 1493 1233 1530 vasis
1269 1494 1534 1542 capacitatem
1570 1492 1753 1541 superius
1770 1508 1812 1530 20

196 1559 263 1588 The
285 1567 397 1599 same*
439 1554 701 1589 cumulatum.
736 1553 885 1588 Eadem
916 1552 1054 1601 quippe
1076 1564 1256 1588 mensura
1290 1564 1362 1600 qua
1397 1552 1523 1587 viator
1555 1563 1753 1587 mensura-

149 1599 537 1660 fflfissfgssfssffissssverit
581 1611 620 1647 in
664 1612 770 1647 bono
808 1611 869 1646 vel
908 1610 1014 1646 malo
1058 1609 1241 1657 proximo
1285 1622 1371 1655 suo,
1418 1610 1645 1645 remecietur
1687 1608 1759 1644 sibi

193 1665 384 1700 proportion.
440 1670 659 1706 secundum
693 1667 982 1716 omnipotentis
1015 1667 1317 1704 misericordem
1352 1667 1563 1704 iusticiam.
1604 1668 1755 1703 Eadem

441 1727 544 1772 dico,
579 1740 658 1763 non
698 1739 865 1763 numero
904 1727 972 1762 sed
1006 1726 1287 1774 proporcione,
1322 1738 1402 1762 non
1435 1725 1490 1761 sic
1530 1726 1638 1773 quod
1671 1734 1757 1760 tan-

441 1795 525 1821 tum
571 1797 670 1833 pene
716 1784 880 1832 recipiet
925 1793 1119 1832 quantum
1167 1783 1261 1820 mali
1300 1784 1448 1820 fecerat
1487 1792 1556 1820 aut
1600 1791 1755 1819 tantum
1776 1788 1814 1820 25

440 1843 585 1892 premii
618 1852 812 1891 quantum
846 1842 953 1888 boni,
994 1843 1062 1878 sed
1099 1841 1507 1890 proporcionabiliter
1539 1842 1756 1877 secundum

442 1900 817 1949 supereffluenciam
853 1899 1123 1936 misericordis
1157 1899 1241 1936 Dei.
1277 1901 1354 1936 Sed
1398 1899 1491 1948 quia
1531 1899 1605 1936 ista
1650 1899 1759 1935 scola

443 1959 560 1995 nimis
595 1967 848 1996 extraneatur
887 1971 909 1995 a
941 1958 1093 2007 populo
1134 1966 1299 2006 propter
1338 1958 1536 1994 defectum
1579 1956 1759 1993 doctrine

443 2018 712 2061 sacerdotum,
776 2016 1054 2064 phariseorum
1117 2024 1154 2052 et
1216 2015 1452 2060 scribarum,
1516 2014 1605 2051 ideo
1663 2014 1759 2050 dicit

444 2075 626 2112 Christus
659 2076 730 2111 sub
763 2073 1025 2110 similitudine
1058 2075 1264 2121 quomodo
1289 2073 1363 2110 ista
1393 2072 1595 2109 sentencia
1619 2073 1759 2109 debeat
1777 2078 1818 2110 30

444 2133 482 2169 in
522 2134 672 2181 populo
718 2131 920 2177 seminari,
966 2140 1110 2167 notans
1155 2131 1286 2179 primo
1333 2132 1538 2179 quomodo
1584 2131 1759 2178 prelatus

445 2204 560 2228 cecus
593 2191 632 2226 in
666 2190 800 2227 anima
834 2203 924 2226 cum
955 2191 1117 2225 duceret
1142 2202 1211 2237 per
1242 2198 1369 2226 artam
1394 2188 1541 2225 Christi
1572 2189 1755 2224 semitam

444 2248 667 2285 subiectum
702 2249 897 2296 populum
922 2249 1048 2295 legem
1067 2247 1227 2283 Domini
1253 2247 1501 2295 ignorantem
1528 2259 1570 2282 ex
1594 2246 1760 2282 cecitate

445 2306 647 2343 evidenter
692 2305 887 2342 exorbitat
933 2314 969 2342 et
1016 2314 1228 2353 utramque
1273 2314 1426 2353 partem
1473 2305 1681 2340 cadentem
1722 2303 1760 2339 in

446 2365 600 2401 foveam
640 2363 793 2412 peccati
837 2363 1039 2411 illaqueat.
1079 2364 1127 2399 Et
1166 2372 1275 2411 patet
1314 2364 1434 2411 quod,
1475 2362 1575 2398 sicut
1615 2362 1760 2398 cecitas
1778 2367 1816 2400 35

158 2430 321 2457 blindness
350 2432 431 2467 most
446 2422 486 2458 in
531 2422 734 2458 intellectu
780 2430 816 2457 et
855 2421 999 2457 affectu
1037 2420 1148 2456 ducis
1187 2420 1406 2469 spiritualis
1444 2432 1514 2468 per
1552 2433 1669 2468 quem
1704 2419 1760 2455 iu-

158 2466 606 2534 Ἶῇξῖξζῇἳῆᾛὶᾒέῗςγεπετωι·
645 2479 817 2527 populus
864 2480 912 2515 ad
960 2479 1086 2514 celum
1134 2487 1191 2514 est
1231 2478 1355 2526 magis
1390 2478 1626 2526 periculosa„
1667 2477 1761 2526 quia
1779 2506 1837 2537 Fol

447 2537 704 2575 beatitudinis
739 2533 742 2589 Ι
778 2536 958 2584 corporis
1009 2545 1045 2572 et
1090 2536 1223 2572 anime
1272 2549 1314 2573 ex
1364 2535 1596 2583 ignorancia
1647 2529 1857 2587 huius1502=

447 2595 646 2633 sentencie
691 2593 900 2643 perditun,
946 2593 1000 2630 sic
1050 2594 1257 2631 caritativa
1301 2593 1528 2642 speculacio
1578 2593 1617 2629 in
1663 2595 1761 2629 duce
1826 2588 1837 2594 ”

516 2741 540 2769 3.
562 2742 590 2769 A
611 2742 639 2768 in
663 2749 774 2775 marga
798 2749 817 2768 1.
891 2749 916 2775 7.
938 2741 965 2767 Α
987 2740 1015 2767 iu
1038 2749 1151 2775 marg:
1174 2748 1198 2767 2.
1278 2741 1304 2766 S.
1326 2741 1354 2767 A
1376 2740 1405 2766 in
1427 2747 1541 2774 marg:
1563 2738 1587 2766 3.
1666 2747 1693 2773 9.
1716 2738 1758 2764 A:

449 2777 575 2811 poterit:
599 2777 636 2803 B:
665 2780 771 2802 wosset.
865 2783 905 2808 14.
928 2776 970 2802 A:
993 2775 1076 2810 ipsa:
1105 2776 1144 2802 ib.
1166 2776 1209 2802 A:
1237 2775 1345 2801 cx'idct.
1441 2774 1481 2801 16.
1502 2775 1530 2801 A
1552 2774 1581 2800 in
1603 2781 1716 2806 marga
1740 2781 1759 2798 1.

449 2819 486 2845 ¹7·
505 2811 569 2838 BC:
592 2816 634 2837 cst
678 2819 790 2840 onum:
812 2810 851 2836 ib.
867 2811 893 2836 A
915 2810 943 2836 in
967 2818 1080 2843 marga
1102 2818 1125 2836 2.
1185 2810 1282 2836 18.A:
1305 2810 1396 2840 hora:
1418 2809 1458 2836 C:
1480 2809 1605 2839 horam:
1627 2808 1665 2834 ib.
1681 2808 1708 2833 A
1731 2807 1757 2832 iu

449 2854 560 2879 marg:
582 2845 606 2872 3.
671 2854 712 2880 ις).
736 2845 801 2871 BC:
822 2849 849 2871 ct
869 2844 962 2871 deest.
1026 2853 1071 2870 20.
1094 2845 1120 2871 A
1142 2845 1169 2871 iu
1193 2852 1306 2878 marga
1326 2854 1355 2877 4.
1419 2843 1466 2873 36,
1487 2842 1531 2877 37.
1551 2844 1594 2869 A:
1617 2842 1759 2869 minorat.

448 2879 490 2914 37.
514 2883 538 2906 A
563 2881 590 2906 iu
614 2888 709 2914 marg.
732 2880 784 2905 ius.
809 2879 857 2905 fol.
881 2878 964 2905 iliN‘l:
997 2879 1077 2905 lmus
1104 2879 1276 2905 eternaliter
1301 2883 1345 2905 cst
1373 2878 1549 2905 misericors
1569 2876 1650 2911 quod
1673 2880 1758 2902 sonat

449 2915 476 2940 iu
500 2915 648 2944 habitum,
671 2915 722 2940 scd
744 2913 952 2948 temporaliter
972 2918 1014 2939 cst
1038 2914 1208 2939 miserator⁴
1271 2912 1316 2948 39.
1341 2913 1378 2939 13:
1400 2913 1428 2939 iu
1451 2913 1542 2939 duee:
1565 2912 1601 2938 ib.
1625 2910 1758 2937 indubie.
