2017 3353
198 1659 269 1690 Fol.

193 1703 269 1736 161b

296 285 432 314 SERMo
448 277 586 334 xxvii]
802 292 943 324 PRIMA
975 292 1099 324 PARS.
1825 303 1833 325 ¹
1848 303 1898 337 79

294 396 333 432 in
364 395 484 444 signis
516 395 743 432 extrinsecis
768 396 940 433 dimissis
964 410 1084 446 opere
1109 406 1144 435 et
1170 398 1314 435 virtute
1338 401 1445 448 quod
1470 401 1508 436 in
1534 401 1609 437 illis
1628 410 1726 450 These
1753 416 1832 439 sects
1857 418 1899 439 set

294 463 330 490 et
363 465 442 489 non
475 455 524 490 ad
559 453 662 490 intra
696 453 734 490 in
764 454 898 492 anima
922 457 997 503 (vel
1027 458 1075 493 ad
1102 465 1208 493 extra
1233 457 1270 492 in
1294 459 1430 506 opere)
1457 468 1609 507 ponunt
1666 447 1866 509 gfffffsstffiffvoff

293 510 609 559 adquisicionem
645 520 682 548 et
717 512 903 549 meritum
938 513 1196 550 beatitudinis
1226 515 1354 552 finalis
1379 516 1607 553 consistere.
1655 516 1734 549 ³00³
1758 517 1868 543 “0¹⁴⁸-

351 571 398 604 Et
431 568 524 617 quia
559 570 726 607 materia
759 570 834 607 ista
867 580 923 607 est
956 571 1195 608 insensibilis
1219 582 1255 609 et
1278 574 1363 610 sola
1388 574 1464 611 fide
1487 574 1611 623 scrip-

259 626 379 663 Sture
412 639 455 663 ex
488 627 659 664 falsitate
693 628 980 675 convincimus,
1014 629 1104 666 ideo
1140 630 1299 678 sapiunt
1334 632 1452 668 fidem
1487 632 1609 681 scrip-

291 693 377 721 ture
410 697 500 721 cum
534 684 693 733 quantis
726 686 891 723 cautelis
924 687 1125 724 sufficiunt
1159 698 1195 725 et
1229 689 1487 737 magnificant
1516 692 1610 727 doc-

291 751 397 778 tores
430 755 522 779 suos
557 744 735 780 novellos
768 745 834 792 qui
869 745 973 781 trahi
1006 754 1195 794 poterunt
1228 748 1277 783 ad
1312 749 1413 784 hanc
1437 757 1608 797 partem.

290 802 337 836 Et
368 799 524 837 videtur
557 801 692 837 multis
723 801 918 849 fidelibus,
945 816 1034 840 cum
1058 804 1238 841 versucia
1262 805 1460 842 dictarum
1484 815 1609 843 secta-

290 871 376 894 rum
411 857 460 894 sit
493 866 574 894 tam
609 859 835 907 periculosa
869 870 905 897 et
938 870 1093 898 tantum
1128 874 1315 900 excecans
1339 865 1534 912 populum
1559 866 1608 901 ad

236 926 274 947 10
289 916 466 964 regulam
490 916 560 952 Dei
595 919 932 965 cognoscendum,
966 921 1074 968 quod
1097 920 1333 969 precipuum
1358 935 1458 970 opus
1482 924 1608 959 Evan-
1623 931 1690 971 The
1720 932 1785 973 best
1811 935 1896 973 way-1<

288 973 425 1021 geliste
470 974 571 1011 foret
615 974 720 1023 ipsas
765 985 892 1013 sectas
938 978 1142 1015 destruere
1187 988 1223 1015 et
1269 992 1358 1016 cum
1405 980 1607 1017 adiutorio
1623 967 1896 1030 otxgguffivagiegsskst

288 1031 470 1079 parcium
520 1031 701 1080 priorum
752 1034 917 1071 ecclesie
968 1037 1017 1072 ad
1068 1036 1250 1073 ordinem
1297 1051 1440 1086 purum
1488 1051 1605 1087 quem
1635 1037 1878 1100 ffiffgilltfshffijdss

288 1090 469 1126 Christus
513 1090 684 1127 instituit
729 1091 967 1129 militantem
1008 1094 1217 1131 ecclesiam
1258 1108 1458 1133 revocare.
1505 1097 1605 1133 Cum
1713 1093 1717 1097 ⁴
1846 1086 1887 1100 μ’

288 1147 393 1184 enim
433 1160 476 1184 ex
516 1148 592 1185 fide
625 1148 805 1186 Christus
838 1151 971 1199 posuit
1009 1161 1135 1189 totam
1177 1153 1386 1190 ecclesiam
1420 1167 1532 1190 suam
1567 1154 1606 1190 in

235 1205 487 1252 15mensura‚
527 1219 696 1243 numero
734 1217 771 1244 et
804 1210 993 1256 pondere,
1040 1219 1149 1258 patet
1188 1213 1296 1259 quod
1336 1224 1515 1248 excessus
1547 1213 1607 1249 vel

288 1264 463 1300 defectus
503 1263 542 1300 in
581 1265 760 1313 quolibet
805 1267 949 1303 horum
994 1268 1115 1304 trium
1155 1278 1312 1317 saperet
1357 1269 1604 1306 debilitatem

288 1330 324 1357 et
356 1321 631 1359 tardacionem
665 1323 813 1360 Christi
845 1324 1022 1362 ecclesie.
1058 1329 1146 1363 Non
1179 1326 1283 1363 enirn
1327 1336 1384 1363 est
1417 1327 1606 1376 possibile

287 1380 495 1417 ecclesiam
529 1380 703 1417 viantem
738 1382 919 1429 deficere,
953 1383 1029 1420 nisi
1064 1385 1112 1421 de
1141 1393 1293 1433 quanto
1317 1385 1605 1434 presumpserit

286 1437 478 1485 primarie
501 1438 752 1476 ordinacioni
769 1440 930 1477 Domini
955 1441 1168 1479 contraire.
1193 1442 1336 1480 Videat
1360 1456 1454 1492 ergo
1478 1444 1605 1480 fidelis

230 1505 271 1526 20
287 1508 362 1543 que
400 1495 472 1532 fuit
505 1496 616 1544 prior
648 1498 796 1534 Christi
835 1498 1043 1536 ordinacio
1083 1509 1120 1537 et
1158 1501 1313 1538 laboret
1347 1501 1528 1547 fideliter,
1563 1511 1604 1538 ut

287 1553 354 1590 fiat
386 1553 466 1590 sive
499 1555 686 1591 addendo
720 1556 917 1593 diminuta
950 1557 1030 1595 sive
1053 1560 1271 1596 resecando
1295 1560 1496 1608 superflua
1522 1559 1604 1596 eius

285 1611 510 1653 restitucio:
544 1621 581 1649 et
619 1613 725 1650 idem
759 1615 876 1651 debet
908 1628 992 1653 esse
1024 1616 1218 1653 iudicium
1253 1618 1300 1654 de
1334 1618 1498 1654 novellis
1532 1618 1603 1653 mi-

285 1669 418 1706 nistris
451 1679 488 1707 et
521 1670 600 1707 suis
632 1671 926 1709 variacionibus
959 1674 1064 1711 intro
1093 1673 1097 1726 Ι
1127 1675 1268 1714 ductis.

749 1798 944 1839 SERMO
977 1800 1144 1842 XXVII.

229 1891 268 1923 25
343 1890 541 1927 Modicum
574 1899 609 1928 et
642 1905 714 1928 non
748 1893 922 1930 videbitis
953 1907 1022 1930 me.
1056 1895 1143 1930 Joh.
1178 1897 1299 1941 XV10‚
1341 1897 1401 1933 16.

343 1950 509 1985 Constat
543 1962 586 1986 ex
620 1950 754 1987 multis
794 1951 979 2000 capitulis
1012 1952 1051 1988 in
1086 1952 1148 1989 die
1182 1966 1276 1990 cene
1307 1954 1469 1990 Domini
1503 1968 1600 2003 quo-
1639 1961 1741 2001 These
1761 1963 1865 1990 words

285 2008 407 2042 modo
441 2007 622 2044 Christus
655 2010 886 2046 consolatus
920 2018 977 2046 est
1010 2023 1103 2046 suos
1143 2012 1350 2059 apostolos
1390 2025 1432 2049 ex
1466 2014 1600 2049 turba-
1616 1998 1694 2059 83ῂῇ
1709 1998 1891 2067 Z'psfffi‘gfle

285 2063 398 2101 cione
445 2065 578 2102 futura
623 2067 836 2115 multiplici
882 2081 1002 2116 quam
1036 2068 1149 2105 scivit
1190 2069 1244 2106 eis
1284 2082 1327 2106 ex
1366 2083 1435 2107 sua
1468 2083 1599 2119 perse-

283 2122 450 2159 cucione
496 2123 574 2160 iam
619 2125 801 2173 proxima
846 2126 1014 2162 evenire.
1064 2126 1169 2163 Dicit
1214 2140 1307 2176 ergo
1354 2129 1486 2176 primo
1525 2142 1598 2177 pro

225 2181 266 2213 3⁷0
282 2179 350 2217 illo
391 2180 614 2219 meditullio
661 2184 854 2232 temporis
899 2197 978 2232 quo
1024 2193 1108 2221 erat
1154 2194 1353 2222 mortuus:
1401 2187 1598 2223 AIodicum

281 2246 316 2274 et
361 2239 435 2275 iam
481 2252 553 2276 non
600 2241 774 2278 videbitis
817 2254 886 2278 me.
940 2244 1055 2279 Unde
1094 2244 1145 2279 ad
1186 2245 1460 2280 denotandum
1502 2245 1599 2281 illud

280 2296 459 2332 triduum
494 2297 641 2335 instare
674 2299 713 2335 in
748 2300 944 2347 proximo,
980 2300 1073 2349 quia
1106 2301 1145 2337 in
1180 2302 1279 2338 hora
1312 2304 1487 2339 secunda
1521 2303 1597 2339 diei

281 2354 465 2395 crastine,
498 2355 687 2393 inchoare
715 2357 811 2394 dicit
844 2358 918 2394 iam
943 2371 1016 2394 non
1051 2359 1225 2396 videbitis
1256 2373 1336 2405 me;
1367 2360 1598 2409 incipiendo

280 2421 413 2449 autern
468 2413 572 2450 diem
626 2417 853 2452 naturalem
907 2429 928 2453 a
983 2416 1115 2453 medio
1168 2417 1299 2454 noctis
1352 2421 1410 2465 (ut
1462 2419 1597 2455 fideles

349 2511 433 2551 ¹:C3
455 2520 565 2548 opera:
587 2514 626 2541 ib.
648 2516 692 2542 A:
714 2515 797 2554 quod
818 2520 873 2543 est.
948 2524 973 2544 2.
995 2516 1061 2544 BC:
1084 2517 1127 2543 vel
1150 2532 1182 2535 —
1202 2526 1296 2552 opera
1317 2517 1410 2556 deest.
1480 2518 1508 2546 (j.
1532 2518 1596 2545 BC:

279 2550 520 2581 magmncantes.
610 2557 636 2584 7.
659 2550 699 2577 C:
727 2555 813 2577 istos.
906 2560 946 2578 ιο.
968 2552 1011 2579 A:
1040 2552 1175 2586 regulam
1204 2552 1304 2582 deest:
1331 2561 1361 2579 in
1382 2553 1450 2580 cod.
1473 2553 1596 2585 lacuna:

278 2581 317 2607 lb.
334 2582 377 2608 A:
400 2581 515 2611 Deum:
536 2583 575 2610 ib.
592 2584 636 2611 A:
658 2585 739 2619 quod
756 2590 856 2620 potest
871 2586 973 2621 ipsum
989 2595 1079 2622 opus.
1137 2594 1175 2613 12.
1191 2588 1234 2614 A:
1258 2587 1381 2622 prioris.
1440 2588 1480 2617 ω’,
1498 2596 1536 2622 17.
1552 2589 1596 2614 A:

279 2616 472 2643 debelitatem
494 2618 708 2646 tau-dicionem.
806 2628 850 2647 22.
871 2623 914 2648 A:
937 2621 1103 2648 resitando.
1209 2630 1252 2650 22.
1275 2621 1317 2649 23.
1339 2623 1382 2649 A:
1405 2623 1595 2649 ministeriis.

278 2649 321 2677 23.
342 2652 385 2678 A:
407 2651 590 2679 introductis
612 2658 666 2680 etc.
724 2661 771 2688 24.
794 2656 821 2682 A
842 2655 871 2682 in
895 2663 1007 2691 marg:
1030 2656 1140 2684 Sermo
1161 2656 1303 2686 XXVIM
1326 2657 1364 2683 ib.
1383 2657 1406 2684 C
1428 2657 1456 2683 in
1480 2665 1593 2690 marga:

280 2685 442 2712 Dominica
463 2687 555 2713 tercia
577 2692 647 2722 post
668 2688 772 2715 Pasea.
854 2690 901 2717 26.
924 2690 963 2717 C:
986 2691 1091 2718 multis
1112 2691 1223 2718 causis.
1298 2699 1344 2727 29.
1367 2691 1433 2719 BC:
1457 2692 1595 2726 proxima

278 2719 371 2746 deest.
464 2720 503 2748 31.
524 2722 567 2748 A:
590 2730 649 2749 non
672 2728 727 2750 etc.
818 2722 861 2751 32.
884 2724 921 2751 B:
944 2725 1055 2759 iustam
1083 2726 1122 2752 ib.
1147 2726 1184 2753 R:
1205 2726 1342 2753 triduum
1365 2726 1394 2752 in
1416 2731 1515 2754 textu:
1537 2731 1595 2752 tru-

278 2754 376 2781 ditum
398 2755 427 2782 in
450 2764 546 2791 marg.

352 2816 400 2848 15.
435 2816 486 2848 Cf.
514 2817 592 2859 Sap.
618 2817 676 2857 XI,
707 2828 761 2851 21.
793 2818 845 2850 Cf.
871 2819 922 2850 De
958 2820 1055 2852 Statu
1089 2820 1300 2852 Innocencie
1334 2830 1408 2863 cap.
1436 2820 1461 2851 ΙΙ
1488 2821 1593 2862 (Ms):

276 2861 408 2893 Dicitur
423 2863 515 2905 (Sap.
530 2863 589 2902 XI)
605 2863 811 2896 Trinitatem
827 2866 947 2898 omnia
976 2867 1009 2897 in
1024 2877 1201 2908 mensura,
1223 2877 1370 2898 numero
1391 2873 1423 2898 et
1438 2867 1593 2909 pondere

277 2908 438 2949 posuisse
454 2908 661 2952 (Matthew).
714 2910 765 2942 25.
782 2911 833 2943 Cf.
844 2911 1003 2954 Wyclif‘s
1019 2914 1186 2944 Sermons
1202 2913 1255 2944 ed.
1271 2913 1315 2955 by
1333 2913 1593 2953 Arnold1,141.

1394 2970 1462 3002 12÷÷
