2017 3353
238 223 372 253 SERMO
386 214 444 269 11.]
749 224 887 256 PRIMA
909 223 1033 255 PARs.
1790 226 1834 264 13

241 332 394 370 scilicet
426 339 509 368 tota
532 329 710 367 Trinitas
744 329 782 366 in
817 331 958 366 mundi
992 328 1192 377 principio
1217 328 1324 365 venit
1356 328 1396 364 in
1430 340 1546 364 mun·
1562 325 1837 387 iffissresziitorihewfi'res't

241 391 350 437 dum,
394 398 431 426 et
463 387 621 425 videtur
653 388 761 436 quod
795 387 865 435 sic,
906 387 1001 436 quia
1035 389 1140 424 Deus
1175 395 1232 423 est
1266 398 1429 434 presens
1464 399 1545 422 cui·
1562 395 1673 433 atdvent
1695 395 1835 428 (ofcrea-

241 447 336 484 libet
367 446 473 499 parti
508 446 660 493 mundi,
696 455 733 482 et
765 458 845 482 non
878 444 935 482 sic
958 445 1032 482 fuit
1055 453 1146 482 ante
1169 444 1253 481 eius
1286 429 1837 499 principium,lfssffiitssgm‘ggffi‘}

243 518 335 554 ergo
358 505 465 542 venit
497 504 537 541 in
571 505 781 540 mundum.
817 503 882 540 Sic
906 503 1011 540 enim
1035 503 1263 540 concedunt
1294 501 1414 551 logici
1439 502 1547 549 quod
1580 503 1610 525 ¹⁰
1632 499 1680 525 ΗΝ·
1701 498 1810 526 world.

209 563 393 604 5m0bile
426 562 644 611 pertransit
678 561 860 610 spacium
894 574 968 610 pro
1002 570 1186 610 ternpore
1219 573 1293 609 pro
1327 572 1407 608 quo
1448 559 1547 595 illud

243 621 425 670 spacium
466 629 691 669 generatur,
732 620 836 657 sicut
882 621 1005 656 horno
1045 619 1263 668 pertransit
1300 627 1459 666 tempus
1511 625 1549 653 et

243 679 402 728 attingit
435 680 484 715 ad
518 679 683 726 instans,
718 678 812 715 licet
845 677 978 726 ipsum
1004 678 1114 726 prius
1147 689 1228 714 non
1251 675 1437 713 habuerit
1460 687 1548 723 per-

244 737 512 783 manenciam,
544 746 759 785 antequam
786 744 1027 774 transeatur.
1064 737 1198 781 Quare
1222 747 1315 783 ergo
1339 746 1420 771 non
1442 733 1550 769 venit

243 796 374 844 prima
414 795 618 843 sapiencia
656 795 712 832 sic
751 794 791 831 in
831 794 1051 831 mundum?
1099 794 1159 830 Ad
1191 794 1267 830 hoc
1301 792 1407 830 enirn
1441 792 1550 840 quod

187 872 226 894 10
243 854 291 890 sit
325 853 365 890 in
400 854 553 890 mundo
586 852 829 901 preexigitur
861 852 1003 890 mundi
1037 851 1264 889 existencia.
1319 852 1421 887 Nam
1455 862 1549 897 sup·
1566 845 1836 874 W.thinksitdjd.

242 913 376 960 posito
409 912 518 960 quod
551 911 680 948 dictus
716 912 911 948 adventus
945 910 1018 947 Dei
1050 923 1131 947 non
1154 909 1252 946 dicit
1274 909 1358 946 eius
1393 917 1548 945 motum

241 969 452 1018 proprium
488 971 555 1006 sed
588 968 932 1018 permanenciam,
968 968 1224 1005 manifestum
1252 966 1410 1004 videtur
1441 966 1550 1015 quod

242 1037 326 1065 tota
358 1028 537 1064 Trinitas
570 1027 678 1064 venit
716 1027 756 1064 in
796 1027 1019 1076 quamlibet
1061 1035 1217 1075 partem
1264 1024 1418 1062 mundi.
1472 1024 1550 1060 Sed

243 1086 460 1123 difficultas
492 1086 652 1123 videtur
682 1094 817 1122 utrum
853 1085 965 1134 prius
990 1087 1096 1122 Deus
1119 1084 1358 1122 naturaliter
1390 1082 1441 1120 sit
1473 1082 1549 1119 ibi-

189 1145 348 1191 15dem,
388 1153 605 1193 antequam
652 1144 816 1192 aliquod
856 1157 1002 1192 corpus
1036 1143 1085 1180 sit
1119 1143 1282 1189 ibidem,
1324 1150 1362 1178 et
1393 1141 1551 1178 videtur

241 1203 484 1251 ponentibus
527 1214 699 1239 vacuum
735 1203 844 1250 quod
889 1202 958 1249 sic,
1006 1202 1099 1249 quia
1133 1203 1240 1238 Deus
1286 1207 1422 1248 posset
1465 1211 1550 1236 esse

242 1260 405 1312 ibidem,
440 1262 646 1298 destructo
676 1273 918 1309 quocunque
954 1272 1123 1308 corpore
1146 1259 1206 1296 vel
1237 1271 1408 1306 corpore
1441 1258 1550 1306 quod

241 1319 362 1356 situm
396 1329 567 1367 occupat
600 1332 681 1356 non
714 1319 932 1367 product03
981 1318 1091 1366 prius
1137 1330 1231 1366 ergo
1277 1317 1411 1365 quoad
1456 1328 1550 1352 con-

243 1378 501 1426 sequenciam
536 1386 596 1414 est
627 1379 734 1414 Deus
774 1377 813 1413 in
846 1377 923 1413 situ
964 1377 1082 1413 huius
1117 1375 1298 1424 corporis
1331 1387 1452 1423 quam
1493 1382 1552 1410 est

187 1455 227 1477 20
243 1436 319 1472 hoc
352 1448 509 1484 corpus.
545 1435 610 1472 Sic
643 1435 749 1472 enim
783 1435 940 1472 videtur
963 1436 1071 1483 quod
1104 1433 1215 1482 prius
1240 1433 1397 1481 replens
1430 1432 1550 1469 situm

243 1494 398 1530 inducit
431 1507 577 1542 corpus
611 1502 789 1530 creatum
827 1502 863 1530 et
896 1493 1017 1530 situm
1052 1492 1283 1541 punctalem
1309 1491 1441 1540 primo
1465 1503 1550 1527 om-

244 1551 369 1590 nium.
419 1552 493 1589 Hic
542 1551 702 1598 dicitur,
751 1552 1004 1588 admittendo
1053 1552 1161 1599 quod
1201 1553 1308 1586 Deus
1356 1549 1465 1587 venit
1512 1549 1552 1585 in

246 1611 442 1646 mundum
477 1618 515 1647 et
547 1611 656 1658 quod
700 1622 781 1646 non
826 1619 884 1646 est
929 1609 1120 1657 possibile
1154 1621 1239 1645 esse
1271 1620 1444 1644 vacuum
1478 1619 1551 1643 nec

245 1668 355 1716 prius
389 1668 629 1705 naturaliter
661 1676 718 1704 est
750 1668 848 1705 situs
882 1668 947 1704 ille
981 1680 1101 1715 quam
1137 1679 1283 1714 corpus
1324 1666 1456 1714 ipsum
1492 1678 1550 1701 re-

189 1738 229 1770 25
246 1726 453 1774 plendum,
488 1739 580 1763 curn
604 1725 704 1763 situs
733 1726 1008 1763 individuatur
1040 1727 1088 1762 ab
1122 1725 1190 1762 illo
1215 1737 1399 1772 corpore,
1435 1732 1473 1760 et
1495 1723 1551 1760 sic

246 1783 356 1831 prius
389 1784 628 1821 naturaliter
661 1793 718 1821 est
750 1797 874 1832 genus
907 1783 1091 1831 corporis
1126 1795 1247 1832 quam
1281 1795 1405 1831 genus
1438 1781 1550 1828 situs,

245 1854 326 1878 non
360 1843 494 1890 quoad
528 1842 865 1890 consequenciam
913 1843 982 1879 sed
1017 1843 1152 1889 quoad
1185 1853 1372 1887 causam;
1420 1848 1457 1876 et
1495 1839 1552 1876 sic

245 1899 338 1936 licet
360 1902 468 1937 Deus
501 1900 612 1948 prius
636 1900 876 1937 naturaliter
898 1901 1032 1949 quoad
1057 1912 1221 1936 causam
1256 1899 1306 1935 sit
1338 1898 1378 1934 in
1406 1899 1429 1934 b
1460 1898 1550 1944 situ,

246 1970 366 2006 quam
417 1959 554 1995 datum
601 1971 761 2006 corpus,
814 1971 895 1995 non
940 1967 1076 1995 tamen
1109 1965 1271 2006 oportet
1303 1957 1412 2005 quod
1445 1957 1552 1992 Deus

188 2028 229 2061 30
246 2016 373 2063 possit
396 2029 480 2053 esse
507 2018 530 2053 b
550 2017 589 2053 in
613 2016 692 2053 situ
715 2017 798 2053 sine
817 2017 893 2054 hoc
910 2029 1099 2064 corpore;
1123 2016 1224 2052 situs
1244 2024 1381 2052 tamen
1406 2014 1553 2050 dicitur

246 2074 488 2112 individuari
522 2088 544 2111 a
578 2075 711 2122 specie
744 2075 926 2124 corporis
965 2074 1022 2111 sic
1056 2074 1230 2123 figurati.
1285 2073 1363 2110 Sed
1396 2071 1552 2120 primus

245 2131 344 2169 situs
370 2142 429 2169 est
451 2132 665 2181 punctalis,
692 2133 796 2170 sicut
818 2132 1051 2170 substancia
1076 2131 1299 2169 materialis
1324 2143 1401 2179 que
1419 2131 1552 2178 primo

245 2199 404 2228 creatur
434 2200 493 2229 est
525 2191 737 2240 punctalis,
771 2200 809 2228 et
841 2204 987 2240 corpus
1021 2190 1154 2238 primo
1188 2198 1368 2227 creatum
1394 2197 1452 2225 est
1484 2188 1553 2224 tri-

245 2249 451 2297 punctale;
499 2250 605 2286 unde
650 2249 787 2286 omnia
827 2249 987 2287 liniaria
1027 2258 1065 2285 et
1103 2249 1241 2285 omnia
1281 2246 1553 2295 superficialia

187 2307 465 2355 35improprie
498 2318 589 2344 sunt
623 2316 769 2354 creata,
812 2308 906 2356 quia
951 2307 1051 2343 fiunt
1092 2305 1356 2343 materialiter
1389 2317 1432 2342 ex
1471 2304 1552 2341 suis

244 2365 440 2412 partibus.
465 2367 543 2402 Sed
566 2374 659 2402 sunt
681 2365 749 2402 illa
773 2366 979 2414 punctalia
1003 2378 1080 2413 que
1103 2365 1265 2413 proprie
1289 2372 1381 2400 sunt
1404 2372 1551 2409 creata,

245 2431 282 2459 et
314 2424 445 2460 adhuc
469 2424 549 2471 illa,
584 2436 675 2460 cum
701 2433 1002 2473 componuntur
1025 2436 1068 2460 ex
1091 2436 1237 2472 genere
1261 2431 1299 2459 et
1322 2420 1554 2458 differencia

244 2491 430 2518 creantur
487 2483 709 2519 secundum
770 2482 1042 2519 extencionem
1097 2482 1315 2529 quandam,
1376 2489 1414 2516 et
1471 2491 1555 2515 esse

313 2613 333 2633 1.
355 2604 422 2632 BC:
444 2604 559 2634 scilicet
579 2607 680 2640 deest;
719 2605 761 2633 ib.
784 2605 826 2634 C:
846 2605 956 2633 veniet.
1046 2612 1076 2640 7.
1101 2606 1144 2632 A:
1167 2604 1274 2637 attigit.
1379 2611 1405 2637 7.
1426 2603 1472 2630 A:
1494 2609 1554 2629 non

243 2639 386 2668 habuerit
406 2641 502 2680 prius.
638 2648 675 2668 12.
691 2640 732 2668 C:
754 2642 868 2668 malum
901 2641 1031 2667 videtur.
1158 2640 1195 2668 13.
1227 2640 1265 2666 ss:
1301 2639 1436 2674 qualibet
1458 2641 1554 2672 parte.

244 2683 287 2708 ¹4·
308 2675 374 2703 BC:
396 2683 482 2710 prius
503 2676 596 2703 Deus.
671 2676 711 2703 18.
727 2676 772 2703 A:
793 2680 974 2710 occupatur.
1047 2682 1092 2702 20.
1115 2674 1155 2703 C:
1177 2674 1259 2701 enirn
1281 2674 1376 2700 deest.
1450 2679 1488 2698 21.
1513 2670 1553 2698 C:

243 2710 347 2744 primo
373 2713 570 2746 oppositum;
602 2711 641 2737 B:
669 2711 811 2738 omnium
838 2718 918 2737 corr.
947 2718 984 2737 ex
1008 2711 1207 2745 oppositum;
1240 2711 1268 2736 A
1300 2709 1330 2735 in
1360 2715 1473 2741 marga
1491 2706 1554 2745 ‘Re-

243 2748 385 2780 sponsio.
418 2747 440 2773 B
461 2754 491 2773 1n
513 2754 627 2782 marg:
650 2745 787 2774 Solucio.
861 2752 908 2779 24.
931 2744 972 2773 C:
996 2745 1176 2779 replendum
1199 2744 1292 2771 deest.
1368 2742 1413 2769 28.
1436 2743 1452 2768 b
1474 2746 1554 2773 situ3

243 2778 282 2807 B:
309 2781 339 2807 in
361 2781 485 2808 minori.
613 2780 655 2808 33.
677 2781 698 2807 B
720 2782 749 2807 in
772 2788 887 2815 marg.:
922 2779 1044 2815 Quibus
1072 2779 1258 2814 corporibus
1288 2786 1336 2805 res
1363 2780 1556 2813 creantur-et

242 2816 325 2878 quod
355 2824 422 2843 esse
454 2820 499 2844 est
531 2816 632 2851 primo
665 2815 807 2843 omnium
837 2819 1022 2843 creatorum.
1060 2816 1105 2842 A:
1139 2819 1184 2842 est
1211 2815 1313 2847 deest;
1347 2813 1393 2839 A:
1426 2811 1554 2838 lunaria.

260 2849 286 2878 5.
308 2849 348 2877 B:
369 2851 442 2887 quia
461 2855 533 2878 sunt
552 2850 690 2879 materia.
796 2850 843 2885 37.
865 2852 910 2878 A:
931 2850 1031 2878 adhuc
1052 2854 1089 2876 et.
