2017 3353
304 292 439 321 samio
455 278 580 336 xxix]
811 290 949 321 PRIMA
977 288 1102 319 PARS.
1838 275 1906 319 ¹95

362 402 442 437 Nec
493 407 550 435 est
600 396 804 433 dissonum
858 396 979 431 modo
1033 392 1222 442 loquendi
1268 391 1464 440 scripture
1516 392 1623 439 quod

305 457 485 494 Christus
524 465 660 492 eterna
699 453 963 502 generacione
1004 451 1119 488 exivit
1153 465 1174 488 a
1208 453 1305 491 Deo,
1341 463 1429 486 cum
1466 450 1624 485 Psalmo

305 517 422 560 C1X0,
461 514 477 550 3
527 513 622 550 dicit
666 521 811 549 natura
844 511 976 548 divina
1008 511 1129 546 verbo
1161 522 1251 545 suo:
1295 509 1363 544 Ex
1395 516 1503 544 utero
1541 514 1627 542 ante

304 574 530 622 Luciferum
563 571 683 622 genui
712 579 758 606 le.
795 571 893 605 Cum
928 581 1022 616 ergo
1057 568 1159 604 filius
1192 566 1241 602 sit
1275 579 1317 603 ex
1345 574 1470 614 patre,
1496 573 1626 613 potest

272 630 437 667 5x‘ocari
463 630 529 666 illa
553 639 689 666 eterna
722 628 820 664 lucis
845 626 1054 664 emanacio
1088 625 1211 662 exitus
1245 637 1266 661 a
1290 627 1386 660 Deo.
1423 623 1486 659 Sic
1520 622 1624 658 enim

305 698 470 726 vocatur
503 686 649 723 Christi
690 685 920 722 incarnacio
953 697 1024 721 sua
1057 682 1263 720 descensio
1296 682 1357 718 vel
1390 679 1625 725 exinanicio,

306 760 394 783 cum
430 756 564 782 tamen
605 756 676 780 nec
716 745 765 780 ad
807 742 1131 779 incarnacionem
1170 741 1405 777 movebatur
1438 738 1627 774 divinitus

305 817 433 853 neque
467 802 710 840 humanitus.
744 801 906 850 Triplex
940 809 1074 837 autem
1108 798 1287 848 predicta
1313 796 1458 833 Christi
1495 795 1626 832 mocio
1702 790 1850 855 Ῑῗῖιῑῑεῑὲὲὲιὲ

306 862 537 899 humanitus
569 860 720 897 scilicet
753 860 803 896 ad
837 859 1019 905 limbum,
1054 871 1076 894 a
1109 857 1233 893 limbo
1267 857 1315 892 ad
1352 856 1559 899 mundum,
1591 862 1628 889 et
1719 863 1845 889 motion.

251 934 327 957 loa
362 921 511 956 mundo
544 920 593 956 ad
628 919 756 955 celum
790 917 862 954 fuit
902 929 1079 953 consona
1111 914 1312 960 Trinitati,
1355 926 1442 950 cum
1485 912 1628 960 duplex

307 978 416 1027 prior
456 977 588 1014 mocio
628 976 699 1012 fuit
739 988 916 1012 consona
955 973 1217 1023 spiritualiter
1251 971 1357 1009 Patri
1392 980 1428 1008 et
1462 969 1627 1018 Spiritui

308 1039 469 1076 Sancto,
503 1036 571 1072 sed
612 1034 736 1071 tercia
768 1033 840 1069 fuit
883 1045 1058 1069 consona
1092 1030 1245 1068 homini
1279 1029 1502 1066 incarnato.
1538 1027 1629 1064 Dia-

307 1096 420 1130 bolus
461 1103 592 1130 autem
634 1091 908 1140 irregulariter
946 1090 1029 1127 sine
1068 1088 1311 1138 pausacione
1353 1088 1556 1123 fructuosa
1590 1084 1629 1120 in

308 1152 440 1189 medio
486 1153 533 1187 de
574 1150 666 1187 celis
705 1151 964 1186 descenderat
1009 1149 1057 1185 ad
1096 1147 1268 1185 inferna:
1314 1146 1404 1182 ideo
1447 1150 1501 1189 (ut
1535 1143 1630 1179 dicit

254 1210 486 1259 15quidam)
520 1209 592 1245 iste
616 1208 688 1244 fuit
711 1208 834 1245 saltus
867 1206 1102 1243 diabolicus
1120 1206 1197 1242 Sed
1230 1204 1269 1240 in
1302 1212 1408 1240 textu
1438 1200 1631 1249 evangelii

308 1268 506 1317 sequitur:
533 1267 676 1303 Dicunt
699 1266 733 1302 ei
755 1265 934 1315 disciptcli
954 1265 1053 1301 eius:
1075 1264 1176 1300 Ecce
1198 1275 1295 1298 nunc
1315 1262 1446 1311 palam
1464 1259 1632 1309 loqueris

309 1335 343 1363 et
382 1325 633 1376 proverbium
679 1324 824 1359 nullum
866 1323 970 1359 dicis.
1011 1321 1051 1358 Si
1086 1334 1179 1369 ergo
1213 1333 1285 1368 pro
1325 1332 1429 1355 nunc
1469 1318 1631 1366 quando

308 1397 445 1420 sumus
479 1382 702 1431 inepciores
737 1381 792 1417 sic
825 1380 1014 1429 loqueris,
1050 1380 1176 1415 multo
1211 1377 1437 1415 evidencius
1471 1376 1510 1411 in
1534 1376 1632 1411 hora

308 1443 440 1478 futura
464 1445 519 1487 (ut
535 1440 691 1486 asseris)
710 1440 870 1488 quando
887 1438 1034 1475 erimus
1058 1437 1252 1486 apciores.
1275 1438 1389 1472 Nunc
1413 1429 1632 1484 (inquiunt)

252 1515 293 1536 20
310 1513 399 1537 cum
436 1498 616 1547 prevenis
650 1511 722 1534 nos
755 1497 794 1533 in
828 1496 1106 1533 declaracione
1146 1494 1256 1531 dubii
1291 1507 1410 1542 quam
1445 1506 1467 1529 a
1499 1501 1536 1528 te
1572 1504 1632 1527 ra-

308 1557 559 1595 cionabiliter
592 1566 831 1604 peteremus,
864 1555 1006 1591 scimus
1027 1554 1113 1603 quia
1142 1554 1216 1589 scis
1254 1552 1379 1588 omnia
1412 1558 1446 1587 et
1478 1563 1550 1586 non
1578 1556 1633 1585 est

217 1597 294 1675 5603]ss
309 1629 403 1666 opus
437 1623 474 1651 ut
507 1615 590 1664 quis
620 1623 658 1651 te
691 1613 925 1662 temptative
952 1613 1179 1662 interroget.
1214 1612 1262 1646 Et
1284 1610 1339 1646 sic
1364 1610 1472 1646 eleva
1500 1604 1504 1661 Ι
1535 1606 1632 1644 ciori

309 1673 459 1710 noticia
492 1672 747 1709 crediderunt
780 1671 970 1708 deitatem
1006 1669 1167 1706 Domini
1207 1681 1328 1717 quam
1368 1675 1545 1715 perante.
1592 1666 1633 1701 In
1663 1660 1905 1723 Τῑὲίιξεῑῒὲῖῐῑιξέῗὲ

311 1733 381 1768 hoc
416 1730 632 1779 (inquiunt)
665 1730 860 1766 credimus
898 1729 983 1777 quia
1016 1741 1037 1763 α
1071 1729 1155 1763 Deo
1194 1727 1335 1772 exiisti,
1380 1726 1487 1774 quod
1533 1724 1634 1759 foret
1679 1730 1784 1758 Christ
1804 1739 1889 1758 came

254 1794 293 1825 25
311 1789 430 1826 nimis
464 1788 668 1824 modicum
701 1787 776 1823 nisi
810 1786 1075 1834 intelligerent
1109 1786 1156 1821 de
1188 1793 1324 1821 eterna
1357 1783 1439 1819 eius
1472 1794 1634 1830 genera-
1649 1765 1922 1827 fossgstlfsmtfffflgd

313 1848 439 1892 cione,
474 1846 568 1895 quia
607 1845 835 1894 philosophi
876 1844 1005 1881 sciunt
1041 1843 1080 1879 in
1113 1843 1245 1891 primo
1278 1841 1428 1877 lumine
1460 1838 1634 1876 naturali
1720 1836 1869 1897 ξῑὲιῑῧῃῖῗὲῃ

314 1907 421 1954 quod
454 1904 585 1941 omnis
618 1912 802 1940 creatura
835 1912 871 1939 et
905 1901 1132 1950 specialiter
1166 1902 1288 1936 homo
1319 1899 1519 1935 virtuosus
1544 1909 1635 1945 pro-
1692 1878 1726 1905 gt
1875 1890 1881 1895 ’

314 1963 418 2000 cedit
457 1975 479 1999 a
513 1965 595 1998 Deo
635 1960 855 1998 efficiencia
894 1959 1089 2009 graciosa.
1144 1959 1243 1995 Cum
1279 1970 1371 2005 ergo
1405 1955 1527 1992 nichil
1560 1954 1636 1991 exit

314 2035 336 2058 a
369 2020 541 2058 termino
565 2033 587 2057 a
610 2032 702 2068 quo,
735 2019 811 2055 nisi
835 2018 952 2055 fuerit
985 2018 1024 2053 in
1057 2018 1212 2063 eodem,
1247 2024 1356 2064 patet
1388 2015 1497 2063 quod
1535 2013 1637 2049 sicut

258 2082 300 2115 30
317 2079 497 2116 Christus
531 2078 621 2114 exiit
654 2091 676 2114 a
709 2086 822 2126 patre
856 2076 922 2125 qui
956 2085 1013 2112 est
1046 2075 1185 2121 deitas,
1220 2074 1276 2110 sic
1309 2073 1382 2109 fuit
1408 2071 1638 2109 eternaliter

316 2138 356 2174 in
393 2138 547 2174 eadem.
594 2139 683 2172 Non
723 2135 827 2172 enim
868 2143 924 2171 est
963 2133 1054 2170 talis
1092 2133 1216 2169 exitus
1250 2131 1383 2168 mocio
1416 2129 1638 2166 successiva

315 2196 376 2232 vel
420 2194 564 2240 subita,
615 2196 683 2230 sed
728 2203 864 2230 eterna
908 2191 1120 2241 generacio
1165 2191 1203 2226 in
1249 2199 1420 2237 utroque
1464 2186 1637 2224 termino

316 2253 505 2290 stabilita.
552 2255 656 2289 Nota
694 2253 913 2288 secundum
947 2249 1228 2298 Augustinum‚
1263 2251 1315 2284 ΙΙΟ
1355 2247 1458 2283 libro
1498 2254 1637 2282 contra

317 2314 521 2357 Faustum,
558 2311 666 2359 quod
700 2309 912 2346 occasione
946 2308 1009 2345 hic
1043 2307 1244 2343 dictorum
1279 2315 1316 2342 et
1344 2305 1383 2341 in
1406 2302 1638 2353 precedenti

261 2373 301 2406 35
318 2381 502 2406 sermone
547 2370 593 2404 de
638 2368 706 2404 illo
747 2367 923 2416 capitulo
962 2365 1162 2403 Manichei
1208 2364 1389 2400 dixerunt
1434 2362 1638 2410 apostolos

318 2440 398 2463 non
442 2426 637 2474 recepisse
671 2425 864 2474 Spiritum
906 2426 1112 2470 Sanctum,
1159 2421 1251 2472 quia
1295 2431 1390 2458 tunc
1433 2419 1639 2457 scivissent

390 2580 409 2599 1.
430 2573 475 2599 A:
496 2571 577 2607 quod
599 2579 644 2598 ex.
706 2579 731 2598 2.
752 2572 797 2598 A:
819 2570 963 2598 Christus
984 2569 1077 2596 deest.
1135 2577 1164 2602 4.
1185 2569 1230 2595 A:
1252 2567 1342 2602 genui
1363 2571 1390 2593 te
1411 2566 1511 2597 deest:
1532 2565 1572 2592 ib.
1594 2565 1638 2591 A:

321 2607 357 2634 sit
379 2607 473 2633 deest.
564 2606 588 2633 5.
610 2607 653 2633 A:
675 2606 757 2632 enim
777 2605 871 2632 deest.
964 2604 991 2631 6.
1012 2605 1057 2631 A:
1080 2611 1134 2630 sua
1155 2602 1281 2630 desicio.
1367 2610 1394 2636 7.
1415 2602 1460 2628 A:
1483 2599 1637 2627 diviuitas.

320 2642 346 2669 8.
381 2642 418 2668 14:
459 2649 513 2668 nec
545 2640 739 2673 humanitus;
778 2640 818 2666 ib.
852 2641 896 2667 A:
929 2644 1029 2666 autem
1063 2638 1163 2669 deest:
1188 2637 1228 2664 ib.
1262 2637 1380 2670 mocio;
1412 2636 1456 2662 A:
1490 2635 1519 2661 in
1543 2633 1638 2660 necio.

321 2685 350 2713 93
366 2676 430 2703 BC:
451 2681 479 2702 et
500 2676 593 2702 dees-t.
645 2683 685 2701 10.
702 2675 766 2701 BC:
789 2674 845 2701 fuit
866 2674 958 2701 deest.
1012 2681 1049 2700 12.
1068 2673 1131 2699 BC:
1153 2672 1245 2699 tercia
1266 2680 1348 2698 vero.
1401 2679 1441 2704 14.
1458 2670 1501 2696 A:
1524 2669 1638 2695 dicunt.

321 2715 362 2738 ιο.
384 2712 426 2737 A:
450 2710 584 2745 loqueris
604 2714 658 2736 etc.
723 2718 760 2744 17.
782 2710 825 2736 A:
847 2717 919 2744 crgo
941 2708 1085 2743 providit.
1143 2709 1182 2734 ιδ,
1202 2708 1247 2734 Α;
1269 2714 1305 2733 ne
1331 2706 1440 2733 ciores.
1509 2712 1548 2739 19.
1573 2702 1638 2729 BC:

321 2750 353 2772 ut
373 2746 402 2772 in
430 2745 525 2772 uiunt.
570 2752 609 2771 21.
630 2745 672 2771 A:
696 2744 810 2770 scimus
831 2743 923 2778 quod.
969 2742 1066 2769 2315:
1088 2742 1119 2768 In
1142 2742 1235 2768 deest.
1281 2749 1295 2767 2
1322 2762 1327 2766 .
1348 2742 1392 2767 A:
1415 2747 1492 2774 puro
1514 2738 1638 2764 lumine.

322 2779 366 2807 30.
389 2780 410 2806 B
449 2790 454 2806 :
476 2780 552 2812 exit:
583 2779 622 2805 ib.
645 2778 710 2806 BC:
732 2778 887 2805 divinitas.
967 2777 1005 2804 31.
1026 2778 1070 2804 A:
1092 2776 1173 2803 enim
1195 2776 1287 2803 deest.
1361 2773 1403 2802 33.
1425 2775 1452 2800 A
1474 2773 1502 2800 in
1526 2780 1638 2805 marga

322 2814 533 2849 Augusti1ms3
555 2814 596 2841 ib.
611 2815 654 2841 A:
677 2814 706 2840 in
727 2813 816 2840 libro.
889 2812 932 2840 35.
955 2812 993 2839 B:
1015 2812 1083 2838 isto.
1157 2810 1203 2838 30.
1224 2812 1268 2838 A:
1290 2810 1429 2837 fuissent.

397 2908 448 2942 33.
476 2907 662 2951 Augustini
690 2907 781 2950 Opp.
811 2907 896 2947 VIII,
925 2917 968 2950 49
995 2916 1094 2949 seqq.

1442 2959 1501 2991 13*
