<?xml version="1.0" encoding="UTF-8"?>
<!DOCTYPE html PUBLIC "-//W3C//DTD XHTML 1.0 Transitional//EN"
    "http://www.w3.org/TR/xhtml1/DTD/xhtml1-transitional.dtd">
<html xmlns="http://www.w3.org/1999/xhtml" xml:lang="en" lang="en">
 <head>
  <title>
</title>
<meta http-equiv="Content-Type" content="text/html;charset=utf-8" />
  <meta name='ocr-system' content='tesseract 3.04.00' />
  <meta name='ocr-capabilities' content='ocr_page ocr_carea ocr_par ocr_line ocrx_word'/>
</head>
<body>
  <div class='ocr_page' id='page_1' title='image "./iohanniswyclifse0701wycl_0276.png"; bbox 0 0 2017 3353; ppageno 0'>
   <div class='ocr_carea' id='block_1_1' title="bbox 139 282 220 318">
    <p class='ocr_par' dir='ltr' id='par_1_1' title="bbox 139 282 220 318">
     <span class='ocr_line' id='line_1_1' title="bbox 139 282 220 318; baseline 0 -10"><span class='ocrx_word' id='word_1_1' title='bbox 139 282 220 318; x_wconf 84' lang='lat'><strong>224</strong></span> 
     </span>
    </p>
   </div>
   <div class='ocr_carea' id='block_1_2' title="bbox 135 395 411 534">
    <p class='ocr_par' dir='ltr' id='par_1_2' title="bbox 136 395 411 423">
     <span class='ocr_line' id='line_1_2' title="bbox 136 395 411 423; baseline -0.011 0"><span class='ocrx_word' id='word_1_2' title='bbox 136 395 233 423; x_wconf 77' lang='lat' dir='ltr'><strong>What</strong></span> <span class='ocrx_word' id='word_1_3' title='bbox 262 402 306 422; x_wconf 82' lang='lat' dir='ltr'><strong>we</strong></span> <span class='ocrx_word' id='word_1_4' title='bbox 336 395 411 422; x_wconf 73' lang='lat' dir='ltr'><strong>have</strong></span> 
     </span>
    </p>

    <p class='ocr_par' dir='ltr' id='par_1_3' title="bbox 135 429 410 457">
     <span class='ocr_line' id='line_1_3' title="bbox 135 429 410 457; baseline -0.004 0"><span class='ocrx_word' id='word_1_5' title='bbox 135 435 166 457; x_wconf 87' lang='lat' dir='ltr'><strong>to</strong></span> <span class='ocrx_word' id='word_1_6' title='bbox 191 429 283 457; x_wconf 80' lang='lat' dir='ltr'>dread</span> <span class='ocrx_word' id='word_1_7' title='bbox 307 429 334 457; x_wconf 83' lang='lat' dir='ltr'><strong>is</strong></span> <span class='ocrx_word' id='word_1_8' title='bbox 361 430 410 456; x_wconf 80' lang='lat' dir='ltr'><strong>the</strong></span> 
     </span>
    </p>

    <p class='ocr_par' dir='ltr' id='par_1_4' title="bbox 147 464 391 534">
     <span class='ocr_line' id='line_1_4' title="bbox 147 464 391 498; baseline -0.004 -6"><span class='ocrx_word' id='word_1_9' title='bbox 147 465 241 492; x_wconf 77' lang='lat' dir='ltr'><strong>abiise</strong></span> <span class='ocrx_word' id='word_1_10' title='bbox 262 464 296 492; x_wconf 84' lang='lat' dir='ltr'><strong>of</strong></span> <span class='ocrx_word' id='word_1_11' title='bbox 312 464 391 498; x_wconf 73' lang='lat' dir='ltr'><strong>good</strong></span> 
     </span>
     <span class='ocr_line' id='line_1_5' title="bbox 217 499 330 534; baseline -0.009 -8"><span class='ocrx_word' id='word_1_12' title='bbox 217 499 330 534; x_wconf 80' lang='lat' dir='ltr'>things.</span> 
     </span>
    </p>
   </div>
   <div class='ocr_carea' id='block_1_3' title="bbox 709 268 1742 326">
    <p class='ocr_par' dir='ltr' id='par_1_5' title="bbox 709 268 1742 326">
     <span class='ocr_line' id='line_1_6' title="bbox 709 268 1742 326; baseline 0.002 -14"><span class='ocrx_word' id='word_1_13' title='bbox 709 281 932 312; x_wconf 83' lang='lat' dir='ltr'>JOHANNIS</span> <span class='ocrx_word' id='word_1_14' title='bbox 951 282 1135 314; x_wconf 84' lang='lat' dir='ltr'><strong>WYCLIF</strong></span> <span class='ocrx_word' id='word_1_15' title='bbox 1155 283 1415 315; x_wconf 77' lang='lat' dir='ltr'>SERMONUM</span> <span class='ocrx_word' id='word_1_16' title='bbox 1438 268 1589 326; x_wconf 80' lang='lat' dir='ltr'>[SERMO</span> <span class='ocrx_word' id='word_1_17' title='bbox 1605 280 1742 308; x_wconf 81' lang='lat' dir='ltr'>XXXIII·</span> 
     </span>
    </p>
   </div>
   <div class='ocr_carea' id='block_1_4' title="bbox 424 387 1750 1481">
    <p class='ocr_par' dir='ltr' id='par_1_6' title="bbox 424 387 1750 1481">
     <span class='ocr_line' id='line_1_7' title="bbox 484 387 1745 438; baseline 0.002 -16"><span class='ocrx_word' id='word_1_18' title='bbox 484 389 532 423; x_wconf 89' lang='lat' dir='ltr'><strong>Et</strong></span> <span class='ocrx_word' id='word_1_19' title='bbox 577 400 620 423; x_wconf 83' lang='lat' dir='ltr'><strong>ex</strong></span> <span class='ocrx_word' id='word_1_20' title='bbox 656 387 733 423; x_wconf 87' lang='lat' dir='ltr'><strong>isto</strong></span> <span class='ocrx_word' id='word_1_21' title='bbox 771 387 976 434; x_wconf 88' lang='lat' dir='ltr'><strong>evangelio</strong></span> <span class='ocrx_word' id='word_1_22' title='bbox 1020 389 1155 436; x_wconf 85' lang='lat' dir='ltr'><strong>palam</strong></span> <span class='ocrx_word' id='word_1_23' title='bbox 1201 388 1462 434; x_wconf 83' lang='lat' dir='ltr'><strong>convincitur,</strong></span> <span class='ocrx_word' id='word_1_24' title='bbox 1507 402 1589 425; x_wconf 89' lang='lat' dir='ltr'><strong>non</strong></span> <span class='ocrx_word' id='word_1_25' title='bbox 1637 391 1745 438; x_wconf 89' lang='lat' dir='ltr'><strong>quod</strong></span> 
     </span>
     <span class='ocr_line' id='line_1_8' title="bbox 425 444 1745 495; baseline 0.002 -15"><span class='ocrx_word' id='word_1_26' title='bbox 425 445 603 481; x_wconf 87' lang='lat' dir='ltr'><strong>virtuosa</strong></span> <span class='ocrx_word' id='word_1_27' title='bbox 635 444 812 482; x_wconf 91' lang='lat' dir='ltr'><strong>induicio</strong></span> <span class='ocrx_word' id='word_1_28' title='bbox 847 457 893 480; x_wconf 88' lang='lat' dir='ltr'><strong>ac</strong></span> <span class='ocrx_word' id='word_1_29' title='bbox 933 445 1062 493; x_wconf 89' lang='lat' dir='ltr'><strong>pastio</strong></span> <span class='ocrx_word' id='word_1_30' title='bbox 1095 446 1144 482; x_wconf 87' lang='lat' dir='ltr'><strong>sit</strong></span> <span class='ocrx_word' id='word_1_31' title='bbox 1178 448 1435 495; x_wconf 88' lang='lat' dir='ltr'><strong>dampnanda</strong></span> <span class='ocrx_word' id='word_1_32' title='bbox 1463 448 1571 492; x_wconf 85' lang='lat' dir='ltr'><strong>(cum</strong></span> <span class='ocrx_word' id='word_1_33' title='bbox 1596 448 1671 483; x_wconf 91' lang='lat' dir='ltr'><strong>hoc</strong></span> <span class='ocrx_word' id='word_1_34' title='bbox 1695 447 1745 483; x_wconf 86' lang='lat' dir='ltr'><strong>sit</strong></span> 
     </span>
     <span class='ocr_line' id='line_1_9' title="bbox 426 503 1746 553; baseline 0.002 -15"><span class='ocrx_word' id='word_1_35' title='bbox 426 503 631 550; x_wconf 85' lang='lat' dir='ltr'><strong>possibile)</strong></span> <span class='ocrx_word' id='word_1_36' title='bbox 666 504 735 539; x_wconf 88' lang='lat' dir='ltr'><strong>sed</strong></span> <span class='ocrx_word' id='word_1_37' title='bbox 768 503 876 550; x_wconf 91' lang='lat' dir='ltr'><strong>quod</strong></span> <span class='ocrx_word' id='word_1_38' title='bbox 909 505 1081 551; x_wconf 85' lang='lat' dir='ltr'><strong>superba</strong></span> <span class='ocrx_word' id='word_1_39' title='bbox 1114 513 1151 540; x_wconf 86' lang='lat' dir='ltr'><strong>et</strong></span> <span class='ocrx_word' id='word_1_40' title='bbox 1189 504 1392 553; x_wconf 84' lang='lat' dir='ltr'><strong>superflua</strong></span> <span class='ocrx_word' id='word_1_41' title='bbox 1429 513 1466 540; x_wconf 88' lang='lat' dir='ltr'><strong>et</strong></span> <span class='ocrx_word' id='word_1_42' title='bbox 1504 506 1746 553; x_wconf 75' lang='lat' dir='ltr'><strong>voluptuosa</strong></span> 
     </span>
     <span class='ocr_line' id='line_1_10' title="bbox 426 560 1746 610; baseline 0.002 -13"><span class='ocrx_word' id='word_1_43' title='bbox 426 560 566 597; x_wconf 86' lang='lat' dir='ltr'><strong>talium</strong></span> <span class='ocrx_word' id='word_1_44' title='bbox 612 573 745 597; x_wconf 89' lang='lat' dir='ltr'><strong>rerum</strong></span> <span class='ocrx_word' id='word_1_45' title='bbox 791 560 931 596; x_wconf 82' lang='lat' dir='ltr'>abusio</span> <span class='ocrx_word' id='word_1_46' title='bbox 975 561 1025 596; x_wconf 86' lang='lat' dir='ltr'><strong>sit</strong></span> <span class='ocrx_word' id='word_1_47' title='bbox 1069 574 1091 598; x_wconf 94' lang='lat' dir='ltr'><strong>a</strong></span> <span class='ocrx_word' id='word_1_48' title='bbox 1136 562 1319 598; x_wconf 82' lang='lat' dir='ltr'><strong>fidelibus</strong></span> <span class='ocrx_word' id='word_1_49' title='bbox 1363 562 1562 610; x_wconf 83' lang='lat' dir='ltr'><strong>fugienda,</strong></span> <span class='ocrx_word' id='word_1_50' title='bbox 1610 572 1646 599; x_wconf 86' lang='lat' dir='ltr'><strong>et</strong></span> <span class='ocrx_word' id='word_1_51' title='bbox 1690 563 1746 599; x_wconf 89' lang='lat' dir='ltr'><strong>sic</strong></span> 
     </span>
     <span class='ocr_line' id='line_1_11' title="bbox 426 618 1747 669; baseline 0.001 -14"><span class='ocrx_word' id='word_1_52' title='bbox 426 619 677 656; x_wconf 88' lang='lat' dir='ltr'><strong>mendicacio</strong></span> <span class='ocrx_word' id='word_1_53' title='bbox 714 618 775 654; x_wconf 76' lang='lat' dir='ltr'><strong>vel</strong></span> <span class='ocrx_word' id='word_1_54' title='bbox 815 628 962 654; x_wconf 83' lang='lat' dir='ltr'><strong>rerum&#39;</strong></span> <span class='ocrx_word' id='word_1_55' title='bbox 983 621 1278 656; x_wconf 86' lang='lat' dir='ltr'><strong>mundanarum</strong></span> <span class='ocrx_word' id='word_1_56' title='bbox 1319 620 1481 668; x_wconf 89' lang='lat' dir='ltr'><strong>egencia</strong></span> <span class='ocrx_word' id='word_1_57' title='bbox 1514 620 1642 669; x_wconf 90' lang='lat' dir='ltr'><strong>qualis</strong></span> <span class='ocrx_word' id='word_1_58' title='bbox 1674 621 1747 657; x_wconf 90' lang='lat' dir='ltr'><strong>fuit</strong></span> 
     </span>
     <span class='ocr_line' id='line_1_12' title="bbox 425 676 1747 724; baseline 0.002 -12"><span class='ocrx_word' id='word_1_59' title='bbox 425 676 466 713; x_wconf 89' lang='lat' dir='ltr'><strong>in</strong></span> <span class='ocrx_word' id='word_1_60' title='bbox 506 678 657 713; x_wconf 84' lang='lat' dir='ltr'>Lazaro</span> <span class='ocrx_word' id='word_1_61' title='bbox 695 688 777 712; x_wconf 91' lang='lat' dir='ltr'><strong>non</strong></span> <span class='ocrx_word' id='word_1_62' title='bbox 815 685 873 712; x_wconf 88' lang='lat' dir='ltr'><strong>est</strong></span> <span class='ocrx_word' id='word_1_63' title='bbox 911 689 981 724; x_wconf 90' lang='lat' dir='ltr'><strong>per</strong></span> <span class='ocrx_word' id='word_1_64' title='bbox 1018 690 1058 713; x_wconf 90' lang='lat' dir='ltr'><strong>se</strong></span> <span class='ocrx_word' id='word_1_65' title='bbox 1098 677 1323 724; x_wconf 84' lang='lat' dir='ltr'><strong>laudabilis,</strong></span> <span class='ocrx_word' id='word_1_66' title='bbox 1363 679 1432 715; x_wconf 85' lang='lat' dir='ltr'><strong>sed</strong></span> <span class='ocrx_word' id='word_1_67' title='bbox 1471 680 1554 715; x_wconf 91' lang='lat' dir='ltr'><strong>Deo</strong></span> <span class='ocrx_word' id='word_1_68' title='bbox 1588 680 1638 715; x_wconf 92' lang='lat' dir='ltr'><strong>ad</strong></span> <span class='ocrx_word' id='word_1_69' title='bbox 1672 680 1747 715; x_wconf 89' lang='lat' dir='ltr'><strong>hoc</strong></span> 
     </span>
     <span class='ocr_line' id='line_1_13' title="bbox 425 735 1746 784; baseline 0.002 -14"><span class='ocrx_word' id='word_1_70' title='bbox 425 735 689 771; x_wconf 83' lang='lat' dir='ltr'><strong>necessitante</strong></span> <span class='ocrx_word' id='word_1_71' title='bbox 722 742 760 770; x_wconf 86' lang='lat' dir='ltr'><strong>et</strong></span> <span class='ocrx_word' id='word_1_72' title='bbox 791 746 915 781; x_wconf 84' lang='lat' dir='ltr'><strong>egeno</strong></span> <span class='ocrx_word' id='word_1_73' title='bbox 948 735 1152 772; x_wconf 90' lang='lat' dir='ltr'><strong>humiliter</strong></span> <span class='ocrx_word' id='word_1_74' title='bbox 1192 745 1426 784; x_wconf 80' lang='lat' dir='ltr'>acceptante</span> <span class='ocrx_word' id='word_1_75' title='bbox 1468 745 1525 772; x_wconf 90' lang='lat' dir='ltr'><strong>est</strong></span> <span class='ocrx_word' id='word_1_76' title='bbox 1555 736 1746 773; x_wconf 71' lang='lat' dir='ltr'><strong>virtuosa.</strong></span> 
     </span>
     <span class='ocr_line' id='line_1_14' title="bbox 426 793 1748 842; baseline 0.002 -14"><span class='ocrx_word' id='word_1_77' title='bbox 426 794 474 828; x_wconf 84' lang='lat' dir='ltr'><strong>Et</strong></span> <span class='ocrx_word' id='word_1_78' title='bbox 507 794 557 828; x_wconf 89' lang='lat' dir='ltr'><strong>ad</strong></span> <span class='ocrx_word' id='word_1_79' title='bbox 591 793 695 829; x_wconf 89' lang='lat' dir='ltr'><strong>hunc</strong></span> <span class='ocrx_word' id='word_1_80' title='bbox 728 804 889 829; x_wconf 84' lang='lat' dir='ltr'><strong>sensum</strong></span> <span class='ocrx_word' id='word_1_81' title='bbox 923 795 1180 830; x_wconf 87' lang='lat' dir='ltr'><strong>commendat</strong></span> <span class='ocrx_word' id='word_1_82' title='bbox 1212 795 1289 831; x_wconf 89' lang='lat' dir='ltr'><strong>hoc</strong></span> <span class='ocrx_word' id='word_1_83' title='bbox 1322 794 1570 842; x_wconf 78' lang='lat' dir='ltr'><strong>evangelium</strong></span> <span class='ocrx_word' id='word_1_84' title='bbox 1595 794 1748 831; x_wconf 88' lang='lat' dir='ltr'><strong>mendi-</strong></span> 
     </span>
     <span class='ocr_line' id='line_1_15' title="bbox 426 849 1747 901; baseline 0.002 -15"><span class='ocrx_word' id='word_1_85' title='bbox 426 850 588 887; x_wconf 80' lang='lat' dir='ltr'>citatem</span> <span class='ocrx_word' id='word_1_86' title='bbox 614 849 753 887; x_wconf 79' lang='lat' dir='ltr'>Lazari</span> <span class='ocrx_word' id='word_1_87' title='bbox 777 858 815 886; x_wconf 87' lang='lat' dir='ltr'><strong>et</strong></span> <span class='ocrx_word' id='word_1_88' title='bbox 837 852 1027 898; x_wconf 88' lang='lat' dir='ltr'><strong>reprobat</strong></span> <span class='ocrx_word' id='word_1_89' title='bbox 1051 852 1368 900; x_wconf 87' lang='lat' dir='ltr'><strong>superfluitatem</strong></span> <span class='ocrx_word' id='word_1_90' title='bbox 1402 852 1545 898; x_wconf 81' lang='lat' dir='ltr'><strong>divitis,</strong></span> <span class='ocrx_word' id='word_1_91' title='bbox 1570 853 1747 901; x_wconf 91' lang='lat' dir='ltr'><strong>primum</strong></span> 
     </span>
     <span class='ocr_line' id='line_1_16' title="bbox 424 907 1747 958; baseline 0.002 -14"><span class='ocrx_word' id='word_1_92' title='bbox 424 908 638 945; x_wconf 86' lang='lat' dir='ltr'><strong>nominans</strong></span> <span class='ocrx_word' id='word_1_93' title='bbox 661 909 729 944; x_wconf 87' lang='lat' dir='ltr'><strong>sed</strong></span> <span class='ocrx_word' id='word_1_94' title='bbox 752 907 1078 946; x_wconf 87' lang='lat' dir='ltr'><strong>nominacionem</strong></span> <span class='ocrx_word' id='word_1_95' title='bbox 1103 910 1266 946; x_wconf 84' lang='lat' dir='ltr'><strong>secundi</strong></span> <span class='ocrx_word' id='word_1_96' title='bbox 1289 910 1522 958; x_wconf 85' lang='lat' dir='ltr'><strong>preteriens,</strong></span> <span class='ocrx_word' id='word_1_97' title='bbox 1548 912 1597 947; x_wconf 89' lang='lat' dir='ltr'><strong>ad</strong></span> <span class='ocrx_word' id='word_1_98' title='bbox 1626 912 1747 948; x_wconf 91' lang='lat' dir='ltr'><strong>deno-</strong></span> 
     </span>
     <span class='ocr_line' id='line_1_17' title="bbox 425 966 1746 1016; baseline 0.002 -14"><span class='ocrx_word' id='word_1_99' title='bbox 425 967 591 1002; x_wconf 89' lang='lat' dir='ltr'><strong>tandum</strong></span> <span class='ocrx_word' id='word_1_100' title='bbox 625 967 734 1015; x_wconf 86' lang='lat' dir='ltr'><strong>quod</strong></span> <span class='ocrx_word' id='word_1_101' title='bbox 766 967 865 1003; x_wconf 88' lang='lat' dir='ltr'><strong>tales</strong></span> <span class='ocrx_word' id='word_1_102' title='bbox 888 966 1064 1004; x_wconf 79' lang='lat' dir='ltr'>virtuose</span> <span class='ocrx_word' id='word_1_103' title='bbox 1088 976 1245 1016; x_wconf 82' lang='lat' dir='ltr'><strong>egentes</strong></span> <span class='ocrx_word' id='word_1_104' title='bbox 1269 977 1360 1004; x_wconf 84' lang='lat' dir='ltr'><strong>sunt</strong></span> <span class='ocrx_word' id='word_1_105' title='bbox 1382 969 1432 1005; x_wconf 88' lang='lat' dir='ltr'><strong>ad</strong></span> <span class='ocrx_word' id='word_1_106' title='bbox 1457 968 1746 1005; x_wconf 81' lang='lat' dir='ltr'><strong>beatitudinem</strong></span> 
     </span>
     <span class='ocr_line' id='line_1_18' title="bbox 426 1024 1745 1074; baseline 0.002 -14"><span class='ocrx_word' id='word_1_107' title='bbox 426 1026 509 1060; x_wconf 91' lang='lat' dir='ltr'><strong>Deo</strong></span> <span class='ocrx_word' id='word_1_108' title='bbox 541 1024 626 1061; x_wconf 91' lang='lat' dir='ltr'><strong>noti</strong></span> <span class='ocrx_word' id='word_1_109' title='bbox 662 1033 698 1061; x_wconf 92' lang='lat' dir='ltr'><strong>et</strong></span> <span class='ocrx_word' id='word_1_110' title='bbox 731 1025 830 1061; x_wconf 88' lang='lat' dir='ltr'><strong>tales</strong></span> <span class='ocrx_word' id='word_1_111' title='bbox 863 1025 1002 1061; x_wconf 85' lang='lat' dir='ltr'><strong>mundi</strong></span> <span class='ocrx_word' id='word_1_112' title='bbox 1035 1032 1217 1074; x_wconf 83' lang='lat' dir='ltr'><strong>potentes</strong></span> <span class='ocrx_word' id='word_1_113' title='bbox 1250 1034 1341 1062; x_wconf 90' lang='lat' dir='ltr'><strong>sunt</strong></span> <span class='ocrx_word' id='word_1_114' title='bbox 1374 1027 1424 1062; x_wconf 90' lang='lat' dir='ltr'><strong>ad</strong></span> <span class='ocrx_word' id='word_1_115' title='bbox 1457 1026 1745 1063; x_wconf 84' lang='lat' dir='ltr'><strong>beatitudinem</strong></span> 
     </span>
     <span class='ocr_line' id='line_1_19' title="bbox 426 1081 1748 1130; baseline 0.003 -13"><span class='ocrx_word' id='word_1_116' title='bbox 426 1084 509 1118; x_wconf 91' lang='lat' dir='ltr'><strong>Deo</strong></span> <span class='ocrx_word' id='word_1_117' title='bbox 542 1081 748 1130; x_wconf 81' lang='lat' dir='ltr'><strong>incogniti.</strong></span> <span class='ocrx_word' id='word_1_118' title='bbox 781 1083 944 1118; x_wconf 76' lang='lat' dir='ltr'><strong>Factum</strong></span> <span class='ocrx_word' id='word_1_119' title='bbox 978 1091 1033 1119; x_wconf 83' lang='lat' dir='ltr'><strong>est</strong></span> <span class='ocrx_word' id='word_1_120' title='bbox 1064 1091 1190 1120; x_wconf 81' lang='lat' dir='ltr'><strong>autem</strong></span> <span class='ocrx_word' id='word_1_121' title='bbox 1230 1091 1270 1119; x_wconf 82' lang='lat' dir='ltr'><strong>ut</strong></span> <span class='ocrx_word' id='word_1_122' title='bbox 1301 1092 1522 1120; x_wconf 76' lang='lat' dir='ltr'><strong>moreretur</strong></span> <span class='ocrx_word' id='word_1_123' title='bbox 1553 1085 1748 1121; x_wconf 80' lang='lat' dir='ltr'><strong>mendicus</strong></span> 
     </span>
     <span class='ocr_line' id='line_1_20' title="bbox 425 1141 1749 1191; baseline 0.002 -16"><span class='ocrx_word' id='word_1_124' title='bbox 425 1147 460 1175; x_wconf 82' lang='lat' dir='ltr'><strong>et</strong></span> <span class='ocrx_word' id='word_1_125' title='bbox 491 1141 650 1189; x_wconf 78' lang='lat' dir='ltr'><strong>spiritus</strong></span> <span class='ocrx_word' id='word_1_126' title='bbox 683 1141 762 1176; x_wconf 83' lang='lat' dir='ltr'><strong>eius</strong></span> <span class='ocrx_word' id='word_1_127' title='bbox 782 1141 970 1189; x_wconf 77' lang='lat' dir='ltr'><strong>ferretur</strong></span> <span class='ocrx_word' id='word_1_128' title='bbox 1006 1141 1041 1177; x_wconf 83' lang='lat' dir='ltr'><strong>in</strong></span> <span class='ocrx_word' id='word_1_129' title='bbox 1075 1142 1198 1178; x_wconf 79' lang='lat' dir='ltr'><strong>sinum</strong></span> <span class='ocrx_word' id='word_1_130' title='bbox 1214 1142 1382 1189; x_wconf 57' lang='lat' dir='ltr'><strong>Abrahae,</strong></span> <span class='ocrx_word' id='word_1_131' title='bbox 1415 1142 1482 1190; x_wconf 88' lang='lat' dir='ltr'><strong>qui</strong></span> <span class='ocrx_word' id='word_1_132' title='bbox 1513 1142 1749 1191; x_wconf 79' lang='lat' dir='ltr'><strong>intelligitur</strong></span> 
     </span>
     <span class='ocr_line' id='line_1_21' title="bbox 426 1197 1746 1248; baseline 0.003 -15"><span class='ocrx_word' id='word_1_133' title='bbox 426 1197 571 1234; x_wconf 84' lang='lat' dir='ltr'><strong>limbus</strong></span> <span class='ocrx_word' id='word_1_134' title='bbox 610 1207 771 1247; x_wconf 89' lang='lat' dir='ltr'><strong>patrum</strong></span> <span class='ocrx_word' id='word_1_135' title='bbox 809 1197 850 1235; x_wconf 91' lang='lat' dir='ltr'><strong>in</strong></span> <span class='ocrx_word' id='word_1_136' title='bbox 891 1212 969 1247; x_wconf 88' lang='lat' dir='ltr'><strong>quo</strong></span> <span class='ocrx_word' id='word_1_137' title='bbox 1002 1199 1264 1248; x_wconf 81' lang='lat' dir='ltr'><strong>predestinati</strong></span> <span class='ocrx_word' id='word_1_138' title='bbox 1297 1208 1388 1236; x_wconf 88' lang='lat' dir='ltr'><strong>ante</strong></span> <span class='ocrx_word' id='word_1_139' title='bbox 1421 1200 1746 1237; x_wconf 85' lang='lat' dir='ltr'><strong>incarnacionem</strong></span> 
     </span>
     <span class='ocr_line' id='line_1_22' title="bbox 425 1255 1750 1308; baseline 0.002 -16"><span class='ocrx_word' id='word_1_140' title='bbox 425 1257 646 1292; x_wconf 88' lang='lat' dir='ltr'><strong>secundum</strong></span> <span class='ocrx_word' id='word_1_141' title='bbox 680 1255 858 1293; x_wconf 87' lang='lat' dir='ltr'><strong>animam</strong></span> <span class='ocrx_word' id='word_1_142' title='bbox 883 1257 1131 1306; x_wconf 86' lang='lat' dir='ltr'><strong>quieverunt.</strong></span> <span class='ocrx_word' id='word_1_143' title='bbox 1157 1258 1234 1294; x_wconf 82' lang='lat' dir='ltr'><strong>Sed</strong></span> <span class='ocrx_word' id='word_1_144' title='bbox 1257 1258 1362 1294; x_wconf 73' lang='lat' dir='ltr'><strong>dives</strong></span> <span class='ocrx_word' id='word_1_145' title='bbox 1384 1266 1558 1295; x_wconf 81' lang='lat' dir='ltr'><strong>mortuus</strong></span> <span class='ocrx_word' id='word_1_146' title='bbox 1579 1259 1750 1308; x_wconf 80' lang='lat' dir='ltr'><strong>sepultus</strong></span> 
     </span>
     <span class='ocr_line' id='line_1_23' title="bbox 426 1314 1749 1365; baseline 0.003 -16"><span class='ocrx_word' id='word_1_147' title='bbox 426 1321 481 1349; x_wconf 83' lang='lat' dir='ltr'><strong>est</strong></span> <span class='ocrx_word' id='word_1_148' title='bbox 513 1314 548 1350; x_wconf 86' lang='lat' dir='ltr'><strong>in</strong></span> <span class='ocrx_word' id='word_1_149' title='bbox 581 1315 747 1363; x_wconf 82' lang='lat' dir='ltr'><strong>inferno,</strong></span> <span class='ocrx_word' id='word_1_150' title='bbox 780 1314 874 1363; x_wconf 88' lang='lat' dir='ltr'><strong>quia</strong></span> <span class='ocrx_word' id='word_1_151' title='bbox 905 1317 1125 1352; x_wconf 80' lang='lat' dir='ltr'><strong>secundum</strong></span> <span class='ocrx_word' id='word_1_152' title='bbox 1159 1315 1336 1352; x_wconf 86' lang='lat' dir='ltr'><strong>animam</strong></span> <span class='ocrx_word' id='word_1_153' title='bbox 1364 1316 1404 1353; x_wconf 89' lang='lat' dir='ltr'><strong>in</strong></span> <span class='ocrx_word' id='word_1_154' title='bbox 1428 1328 1531 1364; x_wconf 89' lang='lat' dir='ltr'><strong>pena</strong></span> <span class='ocrx_word' id='word_1_155' title='bbox 1554 1325 1749 1365; x_wconf 88' lang='lat' dir='ltr'><strong>perpetua</strong></span> 
     </span>
     <span class='ocr_line' id='line_1_24' title="bbox 426 1372 1746 1423; baseline 0.002 -15"><span class='ocrx_word' id='word_1_156' title='bbox 426 1372 638 1409; x_wconf 86' lang='lat' dir='ltr'><strong>stabilitus.</strong></span> <span class='ocrx_word' id='word_1_157' title='bbox 672 1372 844 1409; x_wconf 87' lang='lat' dir='ltr'><strong>Ministri</strong></span> <span class='ocrx_word' id='word_1_158' title='bbox 879 1382 1011 1410; x_wconf 82' lang='lat' dir='ltr'><strong>autem</strong></span> <span class='ocrx_word' id='word_1_159' title='bbox 1045 1373 1233 1422; x_wconf 88' lang='lat' dir='ltr'><strong>pauperis</strong></span> <span class='ocrx_word' id='word_1_160' title='bbox 1264 1382 1457 1411; x_wconf 87' lang='lat' dir='ltr'><strong>notantur</strong></span> <span class='ocrx_word' id='word_1_161' title='bbox 1489 1387 1572 1411; x_wconf 86' lang='lat' dir='ltr'><strong>esse</strong></span> <span class='ocrx_word' id='word_1_162' title='bbox 1604 1374 1746 1423; x_wconf 84' lang='lat' dir='ltr'><strong>angeli,</strong></span> 
     </span>
     <span class='ocr_line' id='line_1_25' title="bbox 426 1430 1748 1481; baseline 0.003 -16"><span class='ocrx_word' id='word_1_163' title='bbox 426 1431 495 1465; x_wconf 80' lang='lat' dir='ltr'><strong>sed</strong></span> <span class='ocrx_word' id='word_1_164' title='bbox 529 1430 700 1466; x_wconf 85' lang='lat' dir='ltr'><strong>ministri</strong></span> <span class='ocrx_word' id='word_1_165' title='bbox 734 1430 866 1467; x_wconf 83' lang='lat' dir='ltr'><strong>divitis</strong></span> <span class='ocrx_word' id='word_1_166' title='bbox 898 1444 979 1468; x_wconf 88' lang='lat' dir='ltr'><strong>non</strong></span> <span class='ocrx_word' id='word_1_167' title='bbox 1012 1441 1215 1477; x_wconf 86' lang='lat' dir='ltr'><strong>curantur,</strong></span> <span class='ocrx_word' id='word_1_168' title='bbox 1249 1434 1317 1468; x_wconf 86' lang='lat' dir='ltr'><strong>sed</strong></span> <span class='ocrx_word' id='word_1_169' title='bbox 1339 1432 1412 1469; x_wconf 90' lang='lat' dir='ltr'><strong>iste</strong></span> <span class='ocrx_word' id='word_1_170' title='bbox 1437 1434 1678 1481; x_wconf 89' lang='lat' dir='ltr'><strong>dampnatus</strong></span> <span class='ocrx_word' id='word_1_171' title='bbox 1705 1445 1748 1469; x_wconf 87' lang='lat' dir='ltr'><strong>ex</strong></span> 
     </span>
    </p>
   </div>
   <div class='ocr_carea' id='block_1_5' title="bbox 427 1487 1779 1536">
    <p class='ocr_par' dir='ltr' id='par_1_7' title="bbox 427 1487 1779 1536">
     <span class='ocr_line' id='line_1_26' title="bbox 427 1487 1779 1536; baseline 0.001 -13"><span class='ocrx_word' id='word_1_172' title='bbox 427 1487 499 1523; x_wconf 91' lang='lat' dir='ltr'><strong>Dei</strong></span> <span class='ocrx_word' id='word_1_173' title='bbox 550 1488 745 1524; x_wconf 87' lang='lat' dir='ltr'><strong>miraculo</strong></span> <span class='ocrx_word' id='word_1_174' title='bbox 798 1490 847 1525; x_wconf 91' lang='lat' dir='ltr'><strong>ad</strong></span> <span class='ocrx_word' id='word_1_175' title='bbox 901 1489 1165 1536; x_wconf 83' lang='lat' dir='ltr'><strong>posteriorem</strong></span> <span class='ocrx_word' id='word_1_176' title='bbox 1219 1489 1529 1527; x_wconf 87' lang='lat' dir='ltr'><strong>instruccionem</strong></span> <span class='ocrx_word' id='word_1_177' title='bbox 1583 1491 1779 1527; x_wconf 82' lang='lat' dir='ltr'><strong>ecclesie2</strong></span> 
     </span>
    </p>
   </div>
   <div class='ocr_carea' id='block_1_6' title="bbox 426 1545 1750 2060">
    <p class='ocr_par' dir='ltr' id='par_1_8' title="bbox 426 1545 1750 2060">
     <span class='ocr_line' id='line_1_27' title="bbox 427 1545 1748 1599; baseline 0.003 -18"><span class='ocrx_word' id='word_1_178' title='bbox 427 1545 581 1582; x_wconf 69' lang='lat' dir='ltr'><strong>elevans</strong></span> <span class='ocrx_word' id='word_1_179' title='bbox 625 1546 755 1583; x_wconf 83' lang='lat' dir='ltr'><strong>oculos</strong></span> <span class='ocrx_word' id='word_1_180' title='bbox 797 1547 833 1582; x_wconf 84' lang='lat' dir='ltr'><strong>in</strong></span> <span class='ocrx_word' id='word_1_181' title='bbox 878 1548 1079 1584; x_wconf 75' lang='lat' dir='ltr'><strong>tormentis</strong></span> <span class='ocrx_word' id='word_1_182' title='bbox 1117 1548 1211 1583; x_wconf 68' lang='lat' dir='ltr'><strong>vidit</strong></span> <span class='ocrx_word' id='word_1_183' title='bbox 1248 1561 1269 1584; x_wconf 82' lang='grc' dir='ltr'><em>α</em></span> <span class='ocrx_word' id='word_1_184' title='bbox 1314 1549 1429 1599; x_wconf 77' lang='lat' dir='ltr'><strong>longe</strong></span> <span class='ocrx_word' id='word_1_185' title='bbox 1471 1549 1669 1585; x_wconf 75' lang='lat' dir='ltr'><strong>Abraham</strong></span> <span class='ocrx_word' id='word_1_186' title='bbox 1711 1557 1748 1585; x_wconf 87' lang='lat' dir='ltr'><strong>et</strong></span> 
     </span>
     <span class='ocr_line' id='line_1_28' title="bbox 427 1603 1748 1651; baseline 0.002 -12"><span class='ocrx_word' id='word_1_187' title='bbox 427 1603 546 1639; x_wconf 85' lang='lat' dir='ltr'><strong>istum</strong></span> <span class='ocrx_word' id='word_1_188' title='bbox 573 1605 768 1640; x_wconf 84' lang='lat' dir='ltr'><strong>Lazarum</strong></span> <span class='ocrx_word' id='word_1_189' title='bbox 803 1613 839 1640; x_wconf 93' lang='lat' dir='ltr'><strong>et</strong></span> <span class='ocrx_word' id='word_1_190' title='bbox 873 1606 1080 1642; x_wconf 87' lang='lat' dir='ltr'><strong>declarans</strong></span> <span class='ocrx_word' id='word_1_191' title='bbox 1104 1618 1216 1642; x_wconf 87' lang='lat' dir='ltr'><strong>suam</strong></span> <span class='ocrx_word' id='word_1_192' title='bbox 1245 1606 1463 1651; x_wconf 87' lang='lat' dir='ltr'><strong>miseriam,</strong></span> <span class='ocrx_word' id='word_1_193' title='bbox 1488 1619 1577 1642; x_wconf 89' lang='lat' dir='ltr'><strong>cum</strong></span> <span class='ocrx_word' id='word_1_194' title='bbox 1601 1607 1748 1643; x_wconf 85' lang='lat' dir='ltr'><strong>Judeus</strong></span> 
     </span>
     <span class='ocr_line' id='line_1_29' title="bbox 427 1661 1749 1712; baseline 0.003 -15"><span class='ocrx_word' id='word_1_195' title='bbox 427 1661 568 1707; x_wconf 84' lang='lat' dir='ltr'><strong>fuerat,</strong></span> <span class='ocrx_word' id='word_1_196' title='bbox 608 1662 764 1698; x_wconf 73' lang='lat' dir='ltr'><strong>vocavit</strong></span> <span class='ocrx_word' id='word_1_197' title='bbox 801 1663 1005 1699; x_wconf 85' lang='lat' dir='ltr'><strong>Abraham</strong></span> <span class='ocrx_word' id='word_1_198' title='bbox 1045 1672 1200 1711; x_wconf 86' lang='lat' dir='ltr'><strong>patrem</strong></span> <span class='ocrx_word' id='word_1_199' title='bbox 1240 1677 1355 1700; x_wconf 87' lang='lat' dir='ltr'><strong>suum</strong></span> <span class='ocrx_word' id='word_1_200' title='bbox 1397 1673 1433 1701; x_wconf 89' lang='lat' dir='ltr'><strong>et</strong></span> <span class='ocrx_word' id='word_1_201' title='bbox 1465 1664 1619 1712; x_wconf 85' lang='lat' dir='ltr'><strong>rogavit</strong></span> <span class='ocrx_word' id='word_1_202' title='bbox 1650 1665 1749 1701; x_wconf 90' lang='lat' dir='ltr'><strong>rele-</strong></span> 
     </span>
     <span class='ocr_line' id='line_1_30' title="bbox 426 1721 1749 1770; baseline 0.002 -15"><span class='ocrx_word' id='word_1_203' title='bbox 426 1732 569 1756; x_wconf 75' lang='lat' dir='ltr'><strong>vamen</strong></span> <span class='ocrx_word' id='word_1_204' title='bbox 608 1733 630 1756; x_wconf 90' lang='lat' dir='ltr'><strong>a</strong></span> <span class='ocrx_word' id='word_1_205' title='bbox 669 1721 833 1765; x_wconf 79' lang='lat' dir='ltr'><strong>Lazaro,</strong></span> <span class='ocrx_word' id='word_1_206' title='bbox 873 1729 915 1756; x_wconf 92' lang='lat' dir='ltr'><strong>ut</strong></span> <span class='ocrx_word' id='word_1_207' title='bbox 951 1730 1170 1757; x_wconf 85' lang='lat' dir='ltr'><strong>extremum</strong></span> <span class='ocrx_word' id='word_1_208' title='bbox 1205 1722 1316 1770; x_wconf 80' lang='lat' dir='ltr'><strong>digiti</strong></span> <span class='ocrx_word' id='word_1_209' title='bbox 1360 1722 1420 1759; x_wconf 86' lang='lat' dir='ltr'><strong>sui</strong></span> <span class='ocrx_word' id='word_1_210' title='bbox 1462 1722 1676 1759; x_wconf 91' lang='lat' dir='ltr'><strong>intinctum</strong></span> <span class='ocrx_word' id='word_1_211' title='bbox 1709 1722 1749 1758; x_wconf 91' lang='lat' dir='ltr'><strong>in</strong></span> 
     </span>
     <span class='ocr_line' id='line_1_31' title="bbox 428 1777 1748 1828; baseline 0.003 -15"><span class='ocrx_word' id='word_1_212' title='bbox 428 1789 532 1825; x_wconf 89' lang='lat' dir='ltr'><strong>aqua</strong></span> <span class='ocrx_word' id='word_1_213' title='bbox 576 1777 781 1826; x_wconf 87' lang='lat' dir='ltr'><strong>refrigeret</strong></span> <span class='ocrx_word' id='word_1_214' title='bbox 818 1777 996 1826; x_wconf 82' lang='lat' dir='ltr'><strong>linguam</strong></span> <span class='ocrx_word' id='word_1_215' title='bbox 1036 1778 1167 1816; x_wconf 78' lang='lat' dir='ltr'><strong>divitis</strong></span> <span class='ocrx_word' id='word_1_216' title='bbox 1212 1780 1524 1828; x_wconf 85' lang='lat' dir='ltr'><strong>dampnabiliter</strong></span> <span class='ocrx_word' id='word_1_217' title='bbox 1569 1780 1748 1826; x_wconf 86' lang='lat' dir='ltr'><strong>cruciati,</strong></span> 
     </span>
     <span class='ocr_line' id='line_1_32' title="bbox 429 1836 1749 1886; baseline 0.002 -15"><span class='ocrx_word' id='word_1_218' title='bbox 429 1844 465 1871; x_wconf 87' lang='lat' dir='ltr'><strong>et</strong></span> <span class='ocrx_word' id='word_1_219' title='bbox 499 1848 589 1871; x_wconf 87' lang='lat' dir='ltr'><strong>cum</strong></span> <span class='ocrx_word' id='word_1_220' title='bbox 624 1836 831 1884; x_wconf 86' lang='lat' dir='ltr'><strong>dampnati</strong></span> <span class='ocrx_word' id='word_1_221' title='bbox 865 1846 955 1873; x_wconf 89' lang='lat' dir='ltr'><strong>sunt</strong></span> <span class='ocrx_word' id='word_1_222' title='bbox 988 1837 1162 1873; x_wconf 86' lang='lat' dir='ltr'><strong>racionis</strong></span> <span class='ocrx_word' id='word_1_223' title='bbox 1196 1846 1374 1886; x_wconf 83' lang='lat' dir='ltr'><strong>expertes</strong></span> <span class='ocrx_word' id='word_1_224' title='bbox 1409 1847 1446 1874; x_wconf 90' lang='lat' dir='ltr'><strong>et</strong></span> <span class='ocrx_word' id='word_1_225' title='bbox 1479 1845 1749 1886; x_wconf 87' lang='lat' dir='ltr'><strong>prorumpunt</strong></span> 
     </span>
     <span class='ocr_line' id='line_1_33' title="bbox 428 1892 1750 1942; baseline 0.002 -13"><span class='ocrx_word' id='word_1_226' title='bbox 428 1892 467 1929; x_wconf 92' lang='lat' dir='ltr'><strong>in</strong></span> <span class='ocrx_word' id='word_1_227' title='bbox 499 1895 620 1930; x_wconf 77' lang='lat' dir='ltr'><strong>verba</strong></span> <span class='ocrx_word' id='word_1_228' title='bbox 652 1893 879 1940; x_wconf 82' lang='lat' dir='ltr'><strong>furibunda,</strong></span> <span class='ocrx_word' id='word_1_229' title='bbox 913 1908 994 1931; x_wconf 90' lang='lat' dir='ltr'><strong>non</strong></span> <span class='ocrx_word' id='word_1_230' title='bbox 1024 1904 1080 1932; x_wconf 84' lang='lat' dir='ltr'><strong>est</strong></span> <span class='ocrx_word' id='word_1_231' title='bbox 1105 1895 1266 1942; x_wconf 85' lang='lat' dir='ltr'><strong>mirum,</strong></span> <span class='ocrx_word' id='word_1_232' title='bbox 1300 1895 1380 1932; x_wconf 75' lang='lat' dir='ltr'><strong>sive</strong></span> <span class='ocrx_word' id='word_1_233' title='bbox 1405 1898 1600 1934; x_wconf 83' lang='lat' dir='ltr'><strong>Lazarum</strong></span> <span class='ocrx_word' id='word_1_234' title='bbox 1624 1896 1750 1933; x_wconf 89' lang='lat' dir='ltr'><strong>credi-</strong></span> 
     </span>
     <span class='ocr_line' id='line_1_34' title="bbox 429 1951 1750 2002; baseline 0.002 -15"><span class='ocrx_word' id='word_1_235' title='bbox 429 1951 530 1987; x_wconf 84' lang='lat' dir='ltr'><strong>derit</strong></span> <span class='ocrx_word' id='word_1_236' title='bbox 568 1951 700 1988; x_wconf 81' lang='lat' dir='ltr'><strong>vivum</strong></span> <span class='ocrx_word' id='word_1_237' title='bbox 739 1952 818 1988; x_wconf 83' lang='lat' dir='ltr'><strong>sive</strong></span> <span class='ocrx_word' id='word_1_238' title='bbox 857 1962 1074 1999; x_wconf 84' lang='lat' dir='ltr'><strong>mortuum,</strong></span> <span class='ocrx_word' id='word_1_239' title='bbox 1115 1953 1209 2001; x_wconf 88' lang='lat' dir='ltr'><strong>quia</strong></span> <span class='ocrx_word' id='word_1_240' title='bbox 1246 1954 1379 1990; x_wconf 86' lang='lat' dir='ltr'><strong>taliter</strong></span> <span class='ocrx_word' id='word_1_241' title='bbox 1418 1954 1552 2002; x_wconf 91' lang='lat' dir='ltr'><strong>cupiat</strong></span> <span class='ocrx_word' id='word_1_242' title='bbox 1586 1966 1750 1991; x_wconf 88' lang='lat' dir='ltr'><strong>erronee</strong></span> 
     </span>
     <span class='ocr_line' id='line_1_35' title="bbox 429 2009 1749 2060; baseline 0.002 -16"><span class='ocrx_word' id='word_1_243' title='bbox 429 2009 609 2045; x_wconf 72' lang='lat' dir='ltr'><strong>relevari.</strong></span> <span class='ocrx_word' id='word_1_244' title='bbox 644 2009 684 2045; x_wconf 88' lang='lat' dir='ltr'><strong>Si</strong></span> <span class='ocrx_word' id='word_1_245' title='bbox 717 2019 851 2046; x_wconf 88' lang='lat' dir='ltr'><strong>autem</strong></span> <span class='ocrx_word' id='word_1_246' title='bbox 885 2010 949 2047; x_wconf 90' lang='lat' dir='ltr'><strong>hic</strong></span> <span class='ocrx_word' id='word_1_247' title='bbox 982 2010 1102 2056; x_wconf 78' lang='lat' dir='ltr'><strong>dives,</strong></span> <span class='ocrx_word' id='word_1_248' title='bbox 1138 2013 1246 2060; x_wconf 89' lang='lat' dir='ltr'><strong>quod</strong></span> <span class='ocrx_word' id='word_1_249' title='bbox 1280 2024 1323 2048; x_wconf 84' lang='lat' dir='ltr'><strong>ex</strong></span> <span class='ocrx_word' id='word_1_250' title='bbox 1356 2012 1560 2060; x_wconf 77' lang='lat' dir='ltr'><strong>evangelio</strong></span> <span class='ocrx_word' id='word_1_251' title='bbox 1593 2012 1749 2049; x_wconf 84' lang='lat' dir='ltr'><strong>videtur</strong></span> 
     </span>
    </p>
   </div>
   <div class='ocr_carea' id='block_1_7' title="bbox 1768 924 1805 945">
    <p class='ocr_par' dir='ltr' id='par_1_9' title="bbox 1768 924 1805 945">
     <span class='ocr_line' id='line_1_36' title="bbox 1768 924 1805 945; baseline 0 0"><span class='ocrx_word' id='word_1_252' title='bbox 1768 924 1805 945; x_wconf 95' lang='lat' dir='ltr'><strong>1o</strong></span> 
     </span>
    </p>
   </div>
   <div class='ocr_carea' id='block_1_8' title="bbox 1768 1204 1803 1235">
    <p class='ocr_par' dir='ltr' id='par_1_10' title="bbox 1768 1204 1803 1235">
     <span class='ocr_line' id='line_1_37' title="bbox 1768 1204 1803 1235; baseline 0.029 -1"><span class='ocrx_word' id='word_1_253' title='bbox 1768 1204 1803 1235; x_wconf 79' lang='lat'><strong>15</strong></span> 
     </span>
    </p>
   </div>
   <div class='ocr_carea' id='block_1_9' title="bbox 1766 1782 1805 1814">
    <p class='ocr_par' dir='ltr' id='par_1_11' title="bbox 1766 1782 1805 1814">
     <span class='ocr_line' id='line_1_38' title="bbox 1766 1782 1805 1814; baseline 0 0"><span class='ocrx_word' id='word_1_254' title='bbox 1766 1782 1805 1814; x_wconf 76' lang='lat'><strong>25</strong></span> 
     </span>
    </p>
   </div>
   <div class='ocr_carea' id='block_1_10' title="bbox 429 2067 1807 2118">
    <p class='ocr_par' dir='ltr' id='par_1_12' title="bbox 429 2067 1807 2118">
     <span class='ocr_line' id='line_1_39' title="bbox 429 2067 1807 2118; baseline 0.001 -16"><span class='ocrx_word' id='word_1_255' title='bbox 429 2067 689 2114; x_wconf 84' lang='lat' dir='ltr'><strong>probabilius,</strong></span> <span class='ocrx_word' id='word_1_256' title='bbox 736 2068 967 2116; x_wconf 82' lang='lat' dir='ltr'><strong>cognoverit</strong></span> <span class='ocrx_word' id='word_1_257' title='bbox 1012 2070 1206 2105; x_wconf 87' lang='lat' dir='ltr'><strong>Lazarum</strong></span> <span class='ocrx_word' id='word_1_258' title='bbox 1253 2079 1455 2106; x_wconf 87' lang='lat' dir='ltr'><strong>mortuum</strong></span> <span class='ocrx_word' id='word_1_259' title='bbox 1503 2083 1672 2118; x_wconf 89' lang='lat' dir='ltr'><strong>corpore</strong></span> <span class='ocrx_word' id='word_1_260' title='bbox 1711 2072 1807 2106; x_wconf 80' lang='lat' dir='ltr'><strong>et30</strong></span> 
     </span>
    </p>
   </div>
   <div class='ocr_carea' id='block_1_11' title="bbox 428 2124 1750 2349">
    <p class='ocr_par' dir='ltr' id='par_1_13' title="bbox 428 2124 1750 2349">
     <span class='ocr_line' id='line_1_40' title="bbox 428 2124 1748 2175; baseline 0.003 -15"><span class='ocrx_word' id='word_1_261' title='bbox 428 2124 664 2162; x_wconf 86' lang='lat' dir='ltr'><strong>felicitatum</strong></span> <span class='ocrx_word' id='word_1_262' title='bbox 710 2125 750 2162; x_wconf 92' lang='lat' dir='ltr'><strong>in</strong></span> <span class='ocrx_word' id='word_1_263' title='bbox 788 2126 913 2162; x_wconf 88' lang='lat' dir='ltr'><strong>limbo</strong></span> <span class='ocrx_word' id='word_1_264' title='bbox 957 2135 1089 2175; x_wconf 84' lang='lat' dir='ltr'><strong>potest</strong></span> <span class='ocrx_word' id='word_1_265' title='bbox 1133 2126 1299 2175; x_wconf 88' lang='lat' dir='ltr'><strong>intelligi</strong></span> <span class='ocrx_word' id='word_1_266' title='bbox 1351 2127 1505 2164; x_wconf 87' lang='lat' dir='ltr'><strong>mistice</strong></span> <span class='ocrx_word' id='word_1_267' title='bbox 1549 2130 1599 2164; x_wconf 89' lang='lat' dir='ltr'><strong>ad</strong></span> <span class='ocrx_word' id='word_1_268' title='bbox 1643 2129 1748 2164; x_wconf 88' lang='lat' dir='ltr'><strong>hunc</strong></span> 
     </span>
     <span class='ocr_line' id='line_1_41' title="bbox 428 2184 1749 2233; baseline 0.002 -15"><span class='ocrx_word' id='word_1_269' title='bbox 428 2195 587 2219; x_wconf 84' lang='lat' dir='ltr'><strong>sensum</strong></span> <span class='ocrx_word' id='word_1_270' title='bbox 622 2185 729 2231; x_wconf 93' lang='lat' dir='ltr'><strong>quod</strong></span> <span class='ocrx_word' id='word_1_271' title='bbox 762 2184 923 2232; x_wconf 86' lang='lat' dir='ltr'><strong>spiritus</strong></span> <span class='ocrx_word' id='word_1_272' title='bbox 947 2184 1078 2221; x_wconf 81' lang='lat' dir='ltr'><strong>divitis</strong></span> <span class='ocrx_word' id='word_1_273' title='bbox 1103 2186 1269 2232; x_wconf 88' lang='lat' dir='ltr'><strong>rogabat</strong></span> <span class='ocrx_word' id='word_1_274' title='bbox 1292 2186 1497 2221; x_wconf 87' lang='lat' dir='ltr'><strong>Abraham</strong></span> <span class='ocrx_word' id='word_1_275' title='bbox 1521 2194 1563 2221; x_wconf 89' lang='lat' dir='ltr'><strong>ut</strong></span> <span class='ocrx_word' id='word_1_276' title='bbox 1587 2185 1749 2233; x_wconf 84' lang='lat' dir='ltr'><strong>spiritus</strong></span> 
     </span>
     <span class='ocr_line' id='line_1_42' title="bbox 430 2240 1750 2290; baseline 0.002 -14"><span class='ocrx_word' id='word_1_277' title='bbox 430 2240 568 2276; x_wconf 86' lang='lat' dir='ltr'><strong>Lazari</strong></span> <span class='ocrx_word' id='word_1_278' title='bbox 608 2240 675 2289; x_wconf 90' lang='lat' dir='ltr'><strong>qui</strong></span> <span class='ocrx_word' id='word_1_279' title='bbox 716 2250 773 2278; x_wconf 89' lang='lat' dir='ltr'><strong>est</strong></span> <span class='ocrx_word' id='word_1_280' title='bbox 806 2243 945 2278; x_wconf 89' lang='lat' dir='ltr'><strong>eadem</strong></span> <span class='ocrx_word' id='word_1_281' title='bbox 978 2255 1150 2290; x_wconf 86' lang='lat' dir='ltr'><strong>persona</strong></span> <span class='ocrx_word' id='word_1_282' title='bbox 1182 2255 1272 2278; x_wconf 90' lang='lat' dir='ltr'><strong>cum</strong></span> <span class='ocrx_word' id='word_1_283' title='bbox 1304 2242 1373 2279; x_wconf 89' lang='lat' dir='ltr'><strong>illo</strong></span> <span class='ocrx_word' id='word_1_284' title='bbox 1406 2244 1626 2280; x_wconf 88' lang='lat' dir='ltr'><strong>secundum</strong></span> <span class='ocrx_word' id='word_1_285' title='bbox 1659 2244 1750 2279; x_wconf 84' lang='lat' dir='ltr'><strong>sub-</strong></span> 
     </span>
     <span class='ocr_line' id='line_1_43' title="bbox 428 2297 1750 2349; baseline 0.003 -16"><span class='ocrx_word' id='word_1_286' title='bbox 428 2297 602 2335; x_wconf 88' lang='lat' dir='ltr'><strong>tiliorem</strong></span> <span class='ocrx_word' id='word_1_287' title='bbox 636 2299 864 2346; x_wconf 90' lang='lat' dir='ltr'><strong>potenciam</strong></span> <span class='ocrx_word' id='word_1_288' title='bbox 899 2299 981 2336; x_wconf 90' lang='lat' dir='ltr'><strong>eius</strong></span> <span class='ocrx_word' id='word_1_289' title='bbox 1014 2300 1280 2348; x_wconf 86' lang='lat' dir='ltr'><strong>operatricem</strong></span> <span class='ocrx_word' id='word_1_290' title='bbox 1314 2301 1465 2337; x_wconf 87' lang='lat' dir='ltr'><strong>deferat</strong></span> <span class='ocrx_word' id='word_1_291' title='bbox 1497 2302 1750 2349; x_wconf 87' lang='lat' dir='ltr'><strong>corporalem</strong></span> 
     </span>
    </p>
   </div>
   <div class='ocr_carea' id='block_1_12' title="bbox 369 2357 1750 2406">
    <p class='ocr_par' dir='ltr' id='par_1_14' title="bbox 369 2357 1750 2406">
     <span class='ocr_line' id='line_1_44' title="bbox 369 2357 1750 2406; baseline 0.003 -15"><span class='ocrx_word' id='word_1_292' title='bbox 369 2366 379 2372; x_wconf 81' lang='grc'><em>·</em></span> <span class='ocrx_word' id='word_1_293' title='bbox 430 2368 576 2403; x_wconf 86' lang='lat' dir='ltr'><strong>aquam</strong></span> <span class='ocrx_word' id='word_1_294' title='bbox 621 2357 671 2392; x_wconf 88' lang='lat' dir='ltr'><strong>ad</strong></span> <span class='ocrx_word' id='word_1_295' title='bbox 709 2357 1025 2404; x_wconf 86' lang='lat' dir='ltr'><strong>refrigerandum</strong></span> <span class='ocrx_word' id='word_1_296' title='bbox 1063 2357 1251 2394; x_wconf 83' lang='lat' dir='ltr'><strong>virtutem</strong></span> <span class='ocrx_word' id='word_1_297' title='bbox 1291 2358 1424 2406; x_wconf 89' lang='lat' dir='ltr'><strong>lingue</strong></span> <span class='ocrx_word' id='word_1_298' title='bbox 1464 2359 1580 2395; x_wconf 88' lang='lat' dir='ltr'><strong>huius</strong></span> <span class='ocrx_word' id='word_1_299' title='bbox 1620 2358 1750 2395; x_wconf 84' lang='lat' dir='ltr'><strong>divitis</strong></span> 
     </span>
    </p>
   </div>
   <div class='ocr_carea' id='block_1_13' title="bbox 428 2412 1751 2580">
    <p class='ocr_par' dir='ltr' id='par_1_15' title="bbox 428 2412 1751 2580">
     <span class='ocr_line' id='line_1_45' title="bbox 429 2412 1751 2465; baseline 0.003 -17"><span class='ocrx_word' id='word_1_300' title='bbox 429 2412 485 2449; x_wconf 88' lang='lat' dir='ltr'><strong>sic</strong></span> <span class='ocrx_word' id='word_1_301' title='bbox 519 2415 740 2461; x_wconf 86' lang='lat' dir='ltr'><strong>dampnati.</strong></span> <span class='ocrx_word' id='word_1_302' title='bbox 776 2415 966 2460; x_wconf 85' lang='lat' dir='ltr'><strong>Quamvis</strong></span> <span class='ocrx_word' id='word_1_303' title='bbox 1000 2424 1132 2452; x_wconf 86' lang='lat' dir='ltr'><strong>autem</strong></span> <span class='ocrx_word' id='word_1_304' title='bbox 1171 2417 1483 2464; x_wconf 86' lang='lat' dir='ltr'><strong>dampnatorum</strong></span> <span class='ocrx_word' id='word_1_305' title='bbox 1517 2416 1751 2465; x_wconf 88' lang='lat' dir='ltr'><strong>ignorancia</strong></span> 
     </span>
     <span class='ocr_line' id='line_1_46' title="bbox 428 2471 1750 2519; baseline 0.002 -13"><span class='ocrx_word' id='word_1_306' title='bbox 428 2484 509 2507; x_wconf 91' lang='lat' dir='ltr'><strong>non</strong></span> <span class='ocrx_word' id='word_1_307' title='bbox 541 2471 590 2507; x_wconf 88' lang='lat' dir='ltr'><strong>sit</strong></span> <span class='ocrx_word' id='word_1_308' title='bbox 625 2473 858 2508; x_wconf 80' lang='lat' dir='ltr'><strong>excusabilis</strong></span> <span class='ocrx_word' id='word_1_309' title='bbox 897 2472 936 2509; x_wconf 88' lang='lat' dir='ltr'><strong>in</strong></span> <span class='ocrx_word' id='word_1_310' title='bbox 976 2482 1074 2519; x_wconf 88' lang='lat' dir='ltr'><strong>toto,</strong></span> <span class='ocrx_word' id='word_1_311' title='bbox 1112 2486 1185 2509; x_wconf 89' lang='lat' dir='ltr'><strong>nec</strong></span> <span class='ocrx_word' id='word_1_312' title='bbox 1218 2474 1346 2510; x_wconf 77' lang='lat' dir='ltr'><strong>verbis</strong></span> <span class='ocrx_word' id='word_1_313' title='bbox 1379 2488 1517 2511; x_wconf 87' lang='lat' dir='ltr'><strong>eorum</strong></span> <span class='ocrx_word' id='word_1_314' title='bbox 1551 2474 1600 2510; x_wconf 88' lang='lat' dir='ltr'><strong>sit</strong></span> <span class='ocrx_word' id='word_1_315' title='bbox 1632 2474 1750 2511; x_wconf 78' lang='lat' dir='ltr'><strong>nimis</strong></span> 
     </span>
     <span class='ocr_line' id='line_1_47' title="bbox 430 2529 1751 2580; baseline 0.002 -16"><span class='ocrx_word' id='word_1_316' title='bbox 430 2529 618 2565; x_wconf 86' lang='lat' dir='ltr'><strong>diuturna</strong></span> <span class='ocrx_word' id='word_1_317' title='bbox 661 2531 721 2566; x_wconf 80' lang='lat' dir='ltr'><strong>vel</strong></span> <span class='ocrx_word' id='word_1_318' title='bbox 765 2530 920 2566; x_wconf 87' lang='lat' dir='ltr'><strong>subtilis</strong></span> <span class='ocrx_word' id='word_1_319' title='bbox 964 2531 1075 2578; x_wconf 84' lang='lat' dir='ltr'><strong>glosa</strong></span> <span class='ocrx_word' id='word_1_320' title='bbox 1120 2532 1319 2577; x_wconf 88' lang='lat' dir='ltr'><strong>addibilis,</strong></span> <span class='ocrx_word' id='word_1_321' title='bbox 1365 2541 1499 2568; x_wconf 81' lang='lat' dir='ltr'><strong>tamen</strong></span> <span class='ocrx_word' id='word_1_322' title='bbox 1543 2532 1751 2580; x_wconf 85' lang='lat' dir='ltr'><strong>probabile</strong></span> 
     </span>
    </p>
   </div>
   <div class='ocr_carea' id='block_1_14' title="bbox 430 2662 1749 2762">
    <p class='ocr_par' dir='ltr' id='par_1_16' title="bbox 430 2662 1749 2762">
     <span class='ocr_line' id='line_1_48' title="bbox 499 2662 1748 2701; baseline 0.003 -12"><span class='ocrx_word' id='word_1_323' title='bbox 499 2663 612 2690; x_wconf 71' lang='lat' dir='ltr'>2.13C:</span> <span class='ocrx_word' id='word_1_324' title='bbox 643 2664 791 2690; x_wconf 70' lang='lat' dir='ltr'><strong>virtualis.</strong></span> <span class='ocrx_word' id='word_1_325' title='bbox 896 2662 922 2691; x_wconf 81' lang='grc'><strong>3.</strong></span> <span class='ocrx_word' id='word_1_326' title='bbox 944 2664 1010 2692; x_wconf 84' lang='lat' dir='ltr'><strong>BC:</strong></span> <span class='ocrx_word' id='word_1_327' title='bbox 1041 2665 1122 2700; x_wconf 73' lang='lat' dir='ltr'><strong>quod</strong></span> <span class='ocrx_word' id='word_1_328' title='bbox 1152 2665 1253 2697; x_wconf 75' lang='lat' dir='ltr'><strong>deest:</strong></span> <span class='ocrx_word' id='word_1_329' title='bbox 1285 2666 1324 2692; x_wconf 85' lang='lat' dir='ltr'><strong>ib.</strong></span> <span class='ocrx_word' id='word_1_330' title='bbox 1345 2667 1388 2693; x_wconf 80' lang='lat' dir='ltr'><strong>A:</strong></span> <span class='ocrx_word' id='word_1_331' title='bbox 1420 2666 1564 2701; x_wconf 84' lang='lat' dir='ltr'><strong>superbia</strong></span> <span class='ocrx_word' id='word_1_332' title='bbox 1584 2666 1748 2701; x_wconf 77' lang='lat' dir='ltr'><strong>superflua.</strong></span> 
     </span>
     <span class='ocr_line' id='line_1_49' title="bbox 430 2697 1749 2735; baseline 0.002 -11"><span class='ocrx_word' id='word_1_333' title='bbox 430 2697 454 2725; x_wconf 75' lang='lat'><strong>5.</strong></span> <span class='ocrx_word' id='word_1_334' title='bbox 476 2699 519 2725; x_wconf 71' lang='lat' dir='ltr'><strong>A:</strong></span> <span class='ocrx_word' id='word_1_335' title='bbox 542 2706 642 2725; x_wconf 77' lang='lat' dir='ltr'><strong>rerum</strong></span> <span class='ocrx_word' id='word_1_336' title='bbox 665 2698 827 2725; x_wconf 76' lang='lat' dir='ltr'><strong>habitacio.</strong></span> <span class='ocrx_word' id='word_1_337' title='bbox 903 2707 930 2734; x_wconf 69' lang='grc' dir='ltr'><strong>ς).</strong></span> <span class='ocrx_word' id='word_1_338' title='bbox 953 2700 996 2726; x_wconf 85' lang='lat' dir='ltr'><strong>A:</strong></span> <span class='ocrx_word' id='word_1_339' title='bbox 1018 2700 1163 2727; x_wconf 72' lang='lat' dir='ltr'><strong>diritatis.</strong></span> <span class='ocrx_word' id='word_1_340' title='bbox 1235 2708 1273 2728; x_wconf 81' lang='lat'><strong>12.</strong></span> <span class='ocrx_word' id='word_1_341' title='bbox 1291 2700 1328 2727; x_wconf 75' lang='lat'><strong>13.</strong></span> <span class='ocrx_word' id='word_1_342' title='bbox 1347 2701 1386 2728; x_wconf 87' lang='lat' dir='ltr'><strong>C:</strong></span> <span class='ocrx_word' id='word_1_343' title='bbox 1408 2706 1435 2727; x_wconf 73' lang='lat' dir='ltr'><strong>ct</strong></span> <span class='ocrx_word' id='word_1_344' title='bbox 1455 2702 1530 2728; x_wconf 80' lang='lat' dir='ltr'><strong>tales</strong></span> <span class='ocrx_word' id='word_1_345' title='bbox 1549 2717 1582 2720; x_wconf 90' lang='lat'>—</span> <span class='ocrx_word' id='word_1_346' title='bbox 1602 2701 1749 2735; x_wconf 78' lang='lat' dir='ltr'><strong>incogniti</strong></span> 
     </span>
     <span class='ocr_line' id='line_1_50' title="bbox 430 2733 1748 2762; baseline 0.002 -3"><span class='ocrx_word' id='word_1_347' title='bbox 430 2733 523 2759; x_wconf 69' lang='lat' dir='ltr'><strong>deest.</strong></span> <span class='ocrx_word' id='word_1_348' title='bbox 598 2733 639 2760; x_wconf 76' lang='lat'><strong>16.</strong></span> <span class='ocrx_word' id='word_1_349' title='bbox 661 2734 705 2760; x_wconf 73' lang='lat' dir='ltr'><strong>A:</strong></span> <span class='ocrx_word' id='word_1_350' title='bbox 728 2733 834 2762; x_wconf 72' lang='lat' dir='ltr'><strong>divus:</strong></span> <span class='ocrx_word' id='word_1_351' title='bbox 857 2733 896 2760; x_wconf 90' lang='lat' dir='ltr'><strong>C:</strong></span> <span class='ocrx_word' id='word_1_352' title='bbox 919 2733 1008 2760; x_wconf 64' lang='lat' dir='ltr'><strong>diris.</strong></span> <span class='ocrx_word' id='word_1_353' title='bbox 1075 2743 1115 2761; x_wconf 72' lang='grc' dir='ltr'><strong>ιι).</strong></span> <span class='ocrx_word' id='word_1_354' title='bbox 1138 2736 1181 2761; x_wconf 81' lang='lat' dir='ltr'><strong>A:</strong></span> <span class='ocrx_word' id='word_1_355' title='bbox 1203 2735 1308 2761; x_wconf 70' lang='lat' dir='ltr'><strong>divitis</strong></span> <span class='ocrx_word' id='word_1_356' title='bbox 1330 2735 1454 2762; x_wconf 77' lang='lat' dir='ltr'><strong>mortui.</strong></span> <span class='ocrx_word' id='word_1_357' title='bbox 1528 2744 1571 2762; x_wconf 76' lang='lat'><strong>¹²2.</strong></span> <span class='ocrx_word' id='word_1_358' title='bbox 1598 2736 1635 2762; x_wconf 51' lang='lat' dir='ltr'><strong>A:</strong></span> <span class='ocrx_word' id='word_1_359' title='bbox 1658 2735 1748 2762; x_wconf 78' lang='lat' dir='ltr'><strong>decli-</strong></span> 
     </span>
    </p>
   </div>
   <div class='ocr_carea' id='block_1_15' title="bbox 430 2767 1748 2941">
    <p class='ocr_par' dir='ltr' id='par_1_17' title="bbox 430 2767 1748 2941">
     <span class='ocr_line' id='line_1_51' title="bbox 431 2767 1748 2801; baseline 0.002 -8"><span class='ocrx_word' id='word_1_360' title='bbox 431 2776 523 2797; x_wconf 65' lang='lat' dir='ltr'><strong>nans:</strong></span> <span class='ocrx_word' id='word_1_361' title='bbox 552 2767 589 2794; x_wconf 73' lang='lat'><strong>12:</strong></span> <span class='ocrx_word' id='word_1_362' title='bbox 610 2768 802 2801; x_wconf 72' lang='lat' dir='ltr'><strong>declamans:</strong></span> <span class='ocrx_word' id='word_1_363' title='bbox 833 2768 871 2795; x_wconf 82' lang='lat' dir='ltr'><strong>ib.</strong></span> <span class='ocrx_word' id='word_1_364' title='bbox 896 2768 961 2795; x_wconf 57' lang='lat' dir='ltr'><strong>iffi:</strong></span> <span class='ocrx_word' id='word_1_365' title='bbox 982 2768 1096 2796; x_wconf 67' lang='lat' dir='ltr'><strong>Judcis}</strong></span> <span class='ocrx_word' id='word_1_366' title='bbox 1187 2769 1230 2796; x_wconf 72' lang='lat'><strong>23.</strong></span> <span class='ocrx_word' id='word_1_367' title='bbox 1253 2770 1318 2796; x_wconf 73' lang='lat' dir='ltr'><strong>BC:</strong></span> <span class='ocrx_word' id='word_1_368' title='bbox 1346 2770 1443 2796; x_wconf 72' lang='lat' dir='ltr'><strong>fuerat</strong></span> <span class='ocrx_word' id='word_1_369' title='bbox 1463 2770 1563 2799; x_wconf 68' lang='lat' dir='ltr'><strong>deest:</strong></span> <span class='ocrx_word' id='word_1_370' title='bbox 1594 2770 1633 2796; x_wconf 81' lang='lat' dir='ltr'><strong>ib.</strong></span> <span class='ocrx_word' id='word_1_371' title='bbox 1654 2771 1698 2796; x_wconf 98' lang='lat' dir='ltr'><strong>A:</strong></span> <span class='ocrx_word' id='word_1_372' title='bbox 1720 2775 1748 2796; x_wconf 80' lang='lat' dir='ltr'><strong>ct</strong></span> 
     </span>
     <span class='ocr_line' id='line_1_52' title="bbox 430 2802 1746 2839; baseline 0.002 -11"><span class='ocrx_word' id='word_1_373' title='bbox 430 2802 524 2828; x_wconf 71' lang='lat' dir='ltr'><strong>deest.</strong></span> <span class='ocrx_word' id='word_1_374' title='bbox 586 2809 632 2836; x_wconf 56' lang='lat'><strong>24.</strong></span> <span class='ocrx_word' id='word_1_375' title='bbox 656 2802 721 2829; x_wconf 77' lang='lat' dir='ltr'><strong>BC:</strong></span> <span class='ocrx_word' id='word_1_376' title='bbox 744 2802 789 2829; x_wconf 78' lang='lat' dir='ltr'><strong>sui</strong></span> <span class='ocrx_word' id='word_1_377' title='bbox 810 2803 903 2829; x_wconf 71' lang='lat' dir='ltr'><strong>deest.</strong></span> <span class='ocrx_word' id='word_1_378' title='bbox 965 2803 1011 2830; x_wconf 72' lang='lat'><strong>20.</strong></span> <span class='ocrx_word' id='word_1_379' title='bbox 1027 2805 1070 2830; x_wconf 85' lang='lat' dir='ltr'><strong>A:</strong></span> <span class='ocrx_word' id='word_1_380' title='bbox 1090 2804 1250 2839; x_wconf 76' lang='lat' dir='ltr'><strong>dampnati</strong></span> <span class='ocrx_word' id='word_1_381' title='bbox 1273 2804 1337 2831; x_wconf 74' lang='lat' dir='ltr'><strong>sinc</strong></span> <span class='ocrx_word' id='word_1_382' title='bbox 1359 2813 1412 2839; x_wconf 70' lang='lat' dir='ltr'><strong>spe</strong></span> <span class='ocrx_word' id='word_1_383' title='bbox 1434 2804 1575 2831; x_wconf 73' lang='lat' dir='ltr'><strong>racionis.</strong></span> <span class='ocrx_word' id='word_1_384' title='bbox 1637 2811 1681 2838; x_wconf 80' lang='lat'><strong>27.</strong></span> <span class='ocrx_word' id='word_1_385' title='bbox 1703 2805 1746 2830; x_wconf 79' lang='lat' dir='ltr'><strong>A:</strong></span> 
     </span>
     <span class='ocr_line' id='line_1_53' title="bbox 431 2836 1745 2873; baseline 0.002 -11"><span class='ocrx_word' id='word_1_386' title='bbox 431 2841 474 2862; x_wconf 71' lang='lat' dir='ltr'><strong>cst</strong></span> <span class='ocrx_word' id='word_1_387' title='bbox 495 2837 594 2867; x_wconf 70' lang='lat' dir='ltr'><strong>deest:</strong></span> <span class='ocrx_word' id='word_1_388' title='bbox 625 2837 664 2863; x_wconf 83' lang='lat' dir='ltr'><strong>ib.</strong></span> <span class='ocrx_word' id='word_1_389' title='bbox 686 2838 730 2863; x_wconf 87' lang='lat' dir='ltr'><strong>A:</strong></span> <span class='ocrx_word' id='word_1_390' title='bbox 753 2836 901 2864; x_wconf 78' lang='lat' dir='ltr'><strong>Lazarum</strong></span> <span class='ocrx_word' id='word_1_391' title='bbox 923 2837 1016 2864; x_wconf 58' lang='lat' dir='ltr'><strong>det-st.</strong></span> <span class='ocrx_word' id='word_1_392' title='bbox 1068 2838 1112 2865; x_wconf 60' lang='lat'><strong>28.</strong></span> <span class='ocrx_word' id='word_1_393' title='bbox 1136 2839 1172 2865; x_wconf 58' lang='lat'><strong>15:</strong></span> <span class='ocrx_word' id='word_1_394' title='bbox 1195 2839 1295 2873; x_wconf 65' lang='lat' dir='ltr'><strong>t[10d;</strong></span> <span class='ocrx_word' id='word_1_395' title='bbox 1323 2839 1362 2865; x_wconf 83' lang='lat' dir='ltr'><strong>ib.</strong></span> <span class='ocrx_word' id='word_1_396' title='bbox 1384 2840 1426 2866; x_wconf 78' lang='lat' dir='ltr'><strong>A:</strong></span> <span class='ocrx_word' id='word_1_397' title='bbox 1448 2839 1577 2866; x_wconf 75' lang='lat' dir='ltr'><strong>crronie.</strong></span> <span class='ocrx_word' id='word_1_398' title='bbox 1634 2846 1680 2873; x_wconf 71' lang='lat'><strong>29.</strong></span> <span class='ocrx_word' id='word_1_399' title='bbox 1702 2840 1745 2865; x_wconf 76' lang='lat' dir='ltr'><strong>A:</strong></span> 
     </span>
     <span class='ocr_line' id='line_1_54' title="bbox 430 2847 1744 2908; baseline 0.003 -12"><span class='ocrx_word' id='word_1_400' title='bbox 430 2879 464 2896; x_wconf 60' lang='lat' dir='ltr'><strong>ex</strong></span> <span class='ocrx_word' id='word_1_401' title='bbox 485 2871 577 2897; x_wconf 67' lang='lat' dir='ltr'><strong>deest.</strong></span> <span class='ocrx_word' id='word_1_402' title='bbox 629 2871 667 2898; x_wconf 69' lang='lat'><strong>31.</strong></span> <span class='ocrx_word' id='word_1_403' title='bbox 688 2872 733 2898; x_wconf 75' lang='lat' dir='ltr'><strong>A:</strong></span> <span class='ocrx_word' id='word_1_404' title='bbox 755 2872 906 2906; x_wconf 65' lang='lat' dir='ltr'><strong>sepultum</strong></span> <span class='ocrx_word' id='word_1_405' title='bbox 930 2872 958 2898; x_wconf 81' lang='lat' dir='ltr'><strong>in</strong></span> <span class='ocrx_word' id='word_1_406' title='bbox 981 2872 1086 2899; x_wconf 74' lang='lat' dir='ltr'><strong>limbo.</strong></span> <span class='ocrx_word' id='word_1_407' title='bbox 1138 2873 1179 2899; x_wconf 75' lang='lat'><strong>32.</strong></span> <span class='ocrx_word' id='word_1_408' title='bbox 1201 2847 1267 2899; x_wconf 58' lang='lat' dir='ltr'><strong>i5C:</strong></span> <span class='ocrx_word' id='word_1_409' title='bbox 1289 2874 1370 2908; x_wconf 79' lang='lat' dir='ltr'><strong>quod</strong></span> <span class='ocrx_word' id='word_1_410' title='bbox 1393 2874 1528 2908; x_wconf 69' lang='lat' dir='ltr'><strong>spiritus.</strong></span> <span class='ocrx_word' id='word_1_411' title='bbox 1579 2872 1621 2908; x_wconf 77' lang='lat'><strong>33,</strong></span> <span class='ocrx_word' id='word_1_412' title='bbox 1637 2872 1683 2907; x_wconf 70' lang='lat'><strong>34.</strong></span> <span class='ocrx_word' id='word_1_413' title='bbox 1701 2874 1744 2900; x_wconf 72' lang='lat' dir='ltr'><strong>A:</strong></span> 
     </span>
     <span class='ocr_line' id='line_1_55' title="bbox 432 2905 1078 2941; baseline 0.003 -10"><span class='ocrx_word' id='word_1_414' title='bbox 432 2905 627 2932; x_wconf 50' lang='lat' dir='ltr'><strong>„subtilitatem</strong></span> <span class='ocrx_word' id='word_1_415' title='bbox 650 2914 769 2941; x_wconf 81' lang='lat' dir='ltr'><strong>penam.</strong></span> <span class='ocrx_word' id='word_1_416' title='bbox 843 2906 887 2933; x_wconf 58' lang='lat'><strong>3⁸.</strong></span> <span class='ocrx_word' id='word_1_417' title='bbox 908 2908 951 2933; x_wconf 83' lang='lat' dir='ltr'><strong>A:</strong></span> <span class='ocrx_word' id='word_1_418' title='bbox 973 2908 1078 2941; x_wconf 68' lang='lat' dir='ltr'><strong>gloria.</strong></span> 
     </span>
    </p>
   </div>
   <div class='ocr_carea' id='block_1_16' title="bbox 1766 2362 1806 2393">
    <p class='ocr_par' dir='ltr' id='par_1_18' title="bbox 1766 2362 1806 2393">
     <span class='ocr_line' id='line_1_56' title="bbox 1766 2362 1806 2393; baseline 0 0"><span class='ocrx_word' id='word_1_419' title='bbox 1766 2362 1806 2393; x_wconf 73' lang='lat'><strong>35</strong></span> 
     </span>
    </p>
   </div>
  </div>
 </body>
</html>
