2017 3353
278 269 414 298 SERMO
435 257 544 315 xxx]
785 267 925 299 PRtMA
952 266 1077 298 PARS.
1800 254 1875 290 203

191 365 264 425 Ff'k
280 392 367 416 cum
403 376 589 426 ampliori
623 376 778 413 cautela
811 386 934 421 usque
968 372 1085 408 hodie
1124 372 1163 408 in
1204 371 1442 408 christianos
1486 370 1553 418 qui
1590 368 1596 421 Ι

187 416 248 451 14η
278 450 352 485 pro
378 449 497 472 causa
513 434 583 471 Dei
608 443 696 469 sunt
713 431 932 469 fervencius
956 431 1140 467 zelantes.
1173 431 1249 465 Sed
1266 429 1359 477 quia
1374 429 1591 465 secundum

281 497 440 531 beatum
466 491 702 540 Gregorium
733 491 811 527 tela
835 489 990 538 previsa
1014 488 1144 525 minus
1173 486 1318 524 feriunt
1342 486 1421 522 sive
1444 486 1594 525 ledum,

281 553 370 589 ideo
395 551 576 588 Christus
609 550 822 586 ostendens
855 560 967 584 suam
993 545 1243 583 divinitatem
1278 558 1322 582 ac
1356 543 1595 580 omniscien-

249 610 398 649 5ciam,
445 608 692 646 consolando
736 619 827 643 suos
872 606 1077 653 apostolos
1122 603 1358 652 prenunciat
1402 601 1479 638 illis
1521 601 1597 638 ista

283 668 436 705 maiora
468 666 659 715 pericula.
693 664 838 713 Aliqua
861 663 965 700 enim
991 672 1082 699 sunt
1106 661 1283 710 pericula
1307 673 1382 709 que
1415 660 1596 696 absolute

282 725 549 774 pronunciata
591 725 679 772 plus
724 722 904 759 cruciant
948 722 1015 757 sed
1066 719 1244 768 pericula
1294 732 1370 768 que
1416 717 1596 755 Christus

282 783 451 832 predixit
502 783 721 819 secundum
769 781 934 816 modum
975 792 1090 815 suum
1132 776 1366 814 consolandi
1406 785 1442 812 et
1482 775 1597 812 certi-

283 841 429 878 ficandi
464 842 511 877 de
534 839 690 888 premio
714 838 844 874 minus
868 838 1017 874 ledunt.
1054 839 1126 873 Per
1151 837 1226 873 hoc
1260 835 1364 872 enim
1399 834 1598 871 sciverunt

230 913 267 935 io
283 899 455 948 apostoli
488 898 618 947 ipsum
644 909 727 934 esse
751 908 906 933 summe
929 894 1149 932 veridicum
1183 903 1219 931 et
1251 894 1291 930 in
1324 892 1598 942 promittendo

283 957 482 1005 ampliora
514 955 669 1005 premia
701 954 858 992 infinita
896 966 970 1002 pro
1008 952 1274 989 tribulacione
1309 950 1468 987 modica
1501 958 1599 986 tem-

282 1015 412 1064 porali
445 1016 495 1051 ad
528 1012 806 1051 sufferenciam
839 1011 1055 1061 gratuitam
1090 1011 1379 1048 consolantem.

344 1073 524 1110 Christus
563 1084 655 1119 ergo
691 1081 856 1119 tangens
889 1083 1051 1107 causam
1096 1068 1211 1105 huius
1245 1066 1451 1105 demencie
1484 1058 1891 1121 Ιὶίεἰῐεεοξξζξρῇξέιίῑζᾞωῖ

283 1132 367 1168 Hec
394 1132 546 1181 facient
585 1130 702 1176 vobis,
740 1129 826 1178 quia
859 1141 932 1165 non
966 1135 1153 1164 noverunt
1186 1134 1341 1176 patrem
1381 1137 1497 1174 neque
1529 1137 1599 1160 me.
1628 1127 1774 1163 lmowing
1795 1127 1876 1154 God-

232 1192 268 1225 15
286 1192 384 1227 Cum
422 1189 526 1225 enim
560 1189 781 1224 secundum
814 1186 1079 1235 philosophos
1112 1186 1233 1221 omnis
1255 1184 1381 1220 malus
1412 1183 1460 1219 sit
1491 1183 1601 1233 igno-

287 1260 390 1293 rans,
426 1255 534 1295 patet
567 1247 674 1294 quod
707 1245 739 1281 si
772 1246 887 1293 piene
922 1253 958 1281 et
990 1257 1071 1280 non
1104 1243 1232 1291 sopite
1266 1242 1338 1279 Dei
1370 1240 1599 1290 potenciam

287 1315 323 1342 et
347 1305 429 1342 eius
452 1303 697 1353 sapienciam
715 1302 810 1340 mali
826 1311 1126 1351 cognoscerent,
1151 1313 1357 1349 nunquam
1382 1299 1437 1336 sic
1462 1307 1601 1335 contra

286 1363 494 1400 veritatem
528 1361 702 1410 primam
727 1374 772 1398 ac
795 1360 866 1397 Dei
900 1359 1129 1408 potenciam
1155 1372 1245 1396 cum
1275 1358 1355 1395 suis
1377 1356 1601 1394 fautoribus

288 1429 565 1470 procurarent,
611 1419 705 1468 quia
744 1418 841 1456 certi
875 1419 1020 1455 debent
1059 1430 1142 1454 esse
1181 1418 1288 1466 quod
1326 1428 1444 1466 super
1475 1415 1600 1450 omnia

231 1480 402 1516 2011incit
435 1479 577 1516 veritas
609 1490 685 1526 que
718 1477 758 1514 in
790 1476 977 1525 potencia
1010 1489 1169 1513 summa
1202 1484 1259 1512 est
1290 1475 1468 1511 fundata.
1510 1474 1602 1509 Ideo

288 1537 433 1575 talibus
467 1535 620 1574 cunctis
644 1535 896 1573 dementibus
925 1534 1003 1571 dici
1034 1543 1166 1583 potest
1199 1535 1274 1570 hoc
1297 1534 1462 1570 verbum
1487 1544 1602 1567 evan-

287 1595 458 1644 gelicum
498 1607 654 1631 summe
697 1593 898 1642 sapiencie
942 1594 1050 1641 quod
1096 1593 1163 1628 hec
1196 1592 1367 1641 faciunt,
1405 1590 1491 1639 quia
1529 1602 1602 1625 non

288 1661 476 1690 noverunt
499 1660 652 1703 patrem
679 1665 796 1701 neque
818 1664 888 1688 me.
925 1651 965 1688 Si
987 1650 1092 1687 enim
1118 1649 1225 1698 ipsos
1248 1649 1433 1686 distincte
1458 1660 1604 1695 cogno-

288 1721 455 1757 scerent,
480 1719 641 1759 possent
667 1710 798 1746 dicere
822 1709 918 1745 illud
934 1711 1106 1745 Actuum
1124 1710 1207 1751 IX0,
1238 1709 1254 1744 5
1283 1707 1434 1744 dictum
1459 1706 1602 1742 Paulo:

231 1772 270 1804 25
287 1771 442 1805 Durum
497 1777 552 1806 est
598 1769 665 1805 tibi
705 1776 839 1804 contra
886 1768 1081 1803 stimulum
1134 1767 1353 1802 calcitrare.
1399 1763 1604 1811 Quidquid

288 1827 393 1864 enim
433 1829 483 1864 ad
523 1827 831 1874 extinguendum
864 1824 1073 1861 veritatem
1112 1824 1278 1861 fecerint
1316 1823 1514 1860 redundat
1554 1823 1603 1858 ad

288 1885 607 1923 declaracionem
641 1883 815 1920 lucidam
850 1882 1040 1920 veritatis.
1085 1882 1169 1919 Hec
1206 1890 1332 1918 autem
1366 1882 1415 1917 ad
1448 1888 1603 1916 tantum

284 1944 463 1994 predixit
492 1943 672 1979 Christus
703 1942 900 1991 apostolis⁷
935 1948 974 1976 ut
1006 1954 1090 1977 cum
1122 1940 1268 1977 venerit
1300 1940 1395 1975 hora
1428 1938 1606 1987 periculi,

291 2002 590 2038 reminiscantm-
621 2001 827 2049 quomodo
860 2009 942 2036 tam
976 1999 1196 2047 periculum
1233 2010 1353 2046 quam
1387 1996 1470 2033 eius
1503 1997 1605 2032 sola-

232 2062 274 2094 30
290 2059 395 2097 cium
430 2059 526 2095 dixit
557 2059 646 2095 illis.

347 2117 464 2154 Circa
495 2117 688 2154 noticiam
724 2115 840 2152 huius
874 2114 1066 2163 evangelii
1100 2124 1137 2151 et
1170 2113 1435 2162 capacitatem
1472 2125 1607 2160 recep—

289 2175 416 2212 cionis
448 2175 620 2223 Spiritus
653 2173 788 2212 Sancti
828 2182 988 2222 oportet
1022 2174 1129 2222 quod
1164 2172 1291 2209 fidelis
1335 2173 1517 2207 observet
1550 2180 1607 2207 at-

290 2233 441 2271 tencius
466 2232 641 2282 quinque
666 2245 815 2269 sensus.
850 2233 949 2268 Sunt
973 2231 1076 2268 enim
1102 2232 1320 2267 secundum
1344 2229 1607 2277 philosophos

292 2292 467 2340 quinque
500 2304 637 2328 sensus
661 2289 865 2327 intrinseci
895 2291 962 2326 sed
995 2302 1135 2326 omnes
1168 2287 1347 2336 organici
1372 2296 1407 2324 et
1432 2286 1607 2336 quinque

233 2351 272 2383 35
291 2363 426 2386 sensus
460 2349 667 2386 extrinseci
700 2348 897 2393 nociores,
933 2357 968 2384 et
1003 2361 1091 2384 cum
1129 2359 1267 2383 omnes
1301 2345 1357 2382 illi
1391 2346 1608 2381 fundantur

290 2408 330 2444 in
363 2407 510 2453 anima,
546 2416 655 2456 patet
694 2408 802 2456 quod
843 2406 930 2454 ipsa
963 2414 1119 2442 tantum
1160 2404 1269 2441 finite
1303 2402 1538 2452 capacitatis
1572 2411 1608 2438 et

357 2540 386 2563 4.
403 2530 426 2557 5.
444 2531 486 2556 A:
509 2529 781 2564 omnipotenciam.
851 2537 877 2563 7.
893 2530 936 2556 A:
961 2528 1163 2563 pronunciata
1183 2528 1283 2556 deest:
1304 2527 1344 2554 ib.
1363 2527 1400 2554 B:
1423 2525 1608 2553 cruciantur.

289 2573 317 2603 9.
340 2564 503 2603 Cznprimo
524 2564 637 2590 minus.
731 2563 771 2590 16.
792 2564 835 2590 A:
865 2564 951 2597 plene
972 2568 999 2589 et
1020 2563 1113 2590 deest.
1207 2562 1245 2590 18.
1266 2563 1310 2589 A:
1339 2561 1382 2588 sic
1402 2561 1473 2589 Dei:
1503 2560 1542 2587 ib.
1565 2560 1607 2586 A:

288 2604 438 2626 tautorus-
490 2607 531 2633 19-
548 2606 593 2625 20.
611 2598 648 2625 B:
672 2607 793 2632 semper
808 2598 899 2625 xincit
916 2598 1043 2624 veritas:
1066 2597 1106 2625 C:
1129 2596 1326 2632 simei-vincit.
1378 2604 1423 2623 20.
1440 2596 1482 2622 A:
1505 2600 1549 2621 est
1565 2594 1609 2621 in-

288 2634 381 2661 finita.
421 2642 467 2667 24.
485 2635 527 2660 A:
550 2638 697 2668 possunt:
719 2633 758 2659 ib.
782 2633 820 2659 1²1:
841 2633 893 2661 IX.
918 2641 958 2660 10.
980 2632 1014 2660 0':
1037 2632 1076 2660 C:
1098 2632 1149 2660 IX.
1174 2640 1214 2662 ιο,
1236 2631 1280 2659 28.
1320 2631 1363 2658 25.
1385 2631 1428 2657 A:
1450 2635 1556 2657 contra
1576 2644 1609 2647 -

288 2669 446 2696 calcitrare
467 2669 559 2695 dec-st.
642 2667 681 2694 1⁴1.
705 2667 769 2694 sstj:
791 2667 881 2694 Circa
904 2673 1025 2694 notam:
1053 2667 1093 2693 ib.
1115 2668 1143 2693 A
1164 2667 1192 2693 iu
1215 2674 1329 2701 marg:
1351 2665 1431 2692 Nora
1453 2664 1488 2691 dc
1504 2664 1608 2690 decem

289 2703 441 2731 sensibus⁴
472 2702 508 2729 dc
529 2702 663 2738 quinque
687 2702 871 2730 intrinsecis,
894 2702 929 2728 dc
956 2702 1091 2736 quinque
1113 2701 1309 2728 extrinsecis:
1331 2701 1370 2727 ib.
1395 2700 1417 2727 B
1441 2700 1469 2726 iu
1495 2706 1607 2732 marg:

290 2738 393 2773 Quare
417 2737 551 2775 quinque
573 2745 680 2763 sensus
702 2737 765 2763 suis
786 2737 904 2763 actibus
925 2736 1099 2763 distrahunt
1120 2745 1135 2762 a
1163 2734 1385 2771 spiritualibus.
1500 2732 1542 2760 32.
1564 2733 1608 2759 A:

289 2776 410 2807 oportet
431 2780 511 2808 quia.

359 2843 388 2875 3.
415 2843 531 2875 Sancti
561 2843 666 2884 Greg.
694 2842 815 2873 Morat.
843 2842 899 2873 lib.
922 2842 1006 2883 VIIl,
1032 2842 1125 2885 Opp.
1152 2849 1237 2874 torn.
1266 2841 1288 2881 1,
1318 2840 1392 2873 25¹3.
1474 2838 1528 2873 33.
1557 2838 1608 2871 Cf.

288 2890 492 2932 Trialogurn
519 2899 596 2932 pag.
622 2899 666 2932 94
692 2888 758 2920 and
786 2889 922 2921 S.E.W.
949 2889 1004 2928 111,
1036 2899 1108 2930 117.
