2017 3353
196 622 212 653 5

228 274 367 304 senno
387 266 488 320 xm]
740 277 879 309 PRIMA
906 277 1033 309 PARS.
1778 280 1824 315 91

230 386 370 422 derant
404 384 443 421 in
476 383 694 421 affeccione
718 395 788 419 sua
813 382 1055 419 desiderium
1088 382 1233 419 ventris
1258 383 1330 419 sui.
1353 384 1541 419 Tercium
1578 391 1601 420 3.
1623 391 1692 431 Τιιε
1712 391 1813 427 proud

229 455 352 491 genus
384 442 663 490 ydolatrarum
698 440 944 478 solvencium
979 442 1056 477 hoc
1092 441 1327 477 mandatum
1363 449 1456 477 sunt
1487 441 1543 477 illi
1583 435 1631 455 are
1654 427 1810 455 ¹d⁰¹³¹²‘⁵·

229 500 297 550 qui
330 500 517 548 superbia
551 509 587 536 et
619 508 784 549 peccato
826 498 1025 536 diabolico
1067 498 1333 535 maculantur.
1380 501 1429 535 Et
1469 499 1545 536 ista

231 558 427 596 maneries
459 567 517 594 est
551 560 660 595 rethe
694 556 842 594 diaboli
876 557 965 605 plus
999 557 1156 593 subtile.

286 619 334 653 Et
358 625 450 653 sunt
473 629 614 653 omnes
637 616 693 652 illi
719 616 787 664 qui
812 616 1060 652 mundanam
1092 615 1262 663 gloriam
1287 614 1347 651 vel
1371 615 1545 651 honores

230 674 415 724 proprios
437 674 566 723 gloria
597 673 734 711 celesti
767 673 827 710 vel
853 674 1008 710 honore
1030 672 1194 709 Domini
1219 673 1307 721 plus
1344 672 1544 719 affectant,

229 742 297 770 aut
323 733 461 770 colunt
483 733 571 781 plus
604 731 787 768 homines
811 732 963 767 mundo
994 740 1177 779 potentes
1201 744 1321 780 quam
1357 731 1545 767 mandata

230 791 423 839 decalogi.
453 793 502 827 Et
533 790 609 827 isto
640 798 805 838 peccato
834 798 926 826 sunt
957 801 1097 826 ornnes
1121 789 1283 837 superbi
1307 799 1350 826 ut
1375 788 1545 834 Lucifer,

229 848 348 897 primi
371 857 555 896 parentes
579 857 616 885 et
639 847 706 884 alii
729 847 784 884 eis
808 846 957 884 similes
978 847 1183 886 maculati.
1208 848 1322 884 Unde
1344 847 1544 892 diabolus,

176 921 213 942 ιο
230 908 466 955 temptando
510 906 713 943 Christum
745 905 912 942 Matthei
957 906 1042 950 IV0,
1080 917 1101 952 9
1149 905 1326 942 adiciens
1372 913 1544 953 tempta-

176 1202 212 1235 15

173 1502 214 1524 20

174 1782 213 1814 25

230 966 385 1001 cionem
431 964 734 1001 subtilissimam
781 976 900 1012 quam
949 964 1120 1000 maxime
1161 963 1377 1010 affectavit,
1418 963 1545 1000 tercio

229 1022 382 1072 optavit
413 1035 452 1059 se
484 1024 606 1072 ipsum
640 1022 807 1060 adorari
837 1034 859 1058 a
893 1021 1055 1059 Christo
1089 1023 1162 1058 sub
1196 1030 1365 1069 optentu
1398 1022 1545 1058 terreni

230 1080 414 1118 dominii.
462 1083 510 1117 Et
555 1081 592 1117 in
640 1081 716 1117 isto
761 1088 928 1128 peccato
976 1080 1232 1117 maculantur
1283 1092 1425 1117 omnes
1477 1079 1545 1128 qui

231 1140 425 1176 mundum
450 1139 614 1186 sapiunt
636 1139 695 1175 vel
719 1146 811 1175 sunt
834 1138 971 1187 aliquo
1001 1150 1144 1186 genere
1174 1137 1355 1174 criminis
1388 1138 1545 1174 irretiti.

289 1199 494 1243 Quantum
520 1198 570 1233 ad
593 1195 812 1245 ymagines,
838 1205 947 1244 patet
971 1197 1081 1245 quod
1103 1196 1264 1244 sapiunt
1287 1196 1546 1244 ydolatriam,
1563 1202 1747 1242 Offimages
1774 1202 1835 1241 and

230 1255 260 1292 si
300 1268 380 1292 non
413 1255 656 1292 adoracione
700 1254 849 1291 vicaria
887 1255 957 1291 sed
1000 1254 1244 1291 adoracione
1278 1254 1348 1290 Dei
1381 1238 1835 1302 ydemp-meiradorauon.

230 1313 307 1351 tica
352 1315 586 1351 adorantur.
640 1313 759 1358 Quod
816 1325 906 1349 cum
954 1325 1048 1360 sepe
1092 1311 1287 1360 contingit
1336 1312 1374 1348 in
1421 1311 1546 1358 laicis,

230 1381 340 1421 patet
372 1373 481 1420 quod
514 1384 699 1408 securum
725 1371 840 1416 foret,
864 1380 907 1407 ut
932 1370 971 1407 in
995 1371 1080 1419 lege
1103 1371 1241 1415 veteri,
1275 1371 1383 1419 quod
1405 1383 1548 1407 omnes

231 1431 330 1468 tales
385 1429 590 1479 ymagines
648 1429 727 1465 sint
777 1428 918 1468 delete.
972 1429 1128 1465 Debent
1179 1429 1284 1465 enim
1338 1428 1548 1465 christiani
1595 1437 1618 1475 ιι
1642 1436 1747 1463 would
1770 1436 1806 1462 be

233 1488 364 1525 minus
396 1487 531 1525 Judeis
565 1487 687 1535 signis
720 1487 929 1525 attendere
963 1496 999 1524 et
1033 1487 1072 1523 in
1097 1487 1256 1524 Christo
1289 1487 1356 1535 qui
1387 1500 1547 1523 sursum
1564 1471 1839 1539 {figffiyt‘zsdffiffg}

232 1556 290 1584 est
332 1546 582 1583 voluntatem
628 1558 739 1582 suam
793 1546 1049 1593 suspendere.
1100 1545 1211 1582 Sicut
1264 1545 1367 1582 enim
1423 1545 1550 1581 nostri
1594 1541 1715 1569 theold
1737 1541 1806 1568 law.

232 1605 369 1642 dicunt
412 1605 521 1653 quod
565 1616 646 1640 non
698 1605 870 1640 adorant
920 1603 1126 1652 ymagines
1178 1603 1252 1640 nisi
1306 1603 1550 1640 adoracione

230 1663 377 1700 vicaria
409 1672 592 1699 sanctum
629 1662 742 1698 cuius
773 1671 830 1698 est
853 1674 998 1710 ymago
1027 1661 1305 1709 principaliter
1327 1662 1550 1706 adoranda,

232 1722 287 1757 sic
336 1721 521 1757 dixerunt
574 1720 740 1767 gentiles
790 1720 973 1768 ydolatre
1027 1732 1099 1756 sua
1151 1719 1269 1767 ydola
1323 1721 1550 1756 adorantes.

233 1780 332 1815 Cum
374 1779 511 1827 itaque
545 1777 710 1814 affeccio
745 1778 921 1814 hominis
956 1778 1004 1814 sit
1050 1790 1149 1825 vaga
1189 1787 1226 1814 et
1269 1791 1392 1825 parvo
1432 1788 1550 1814 vento

234 1837 383 1873 diaboli
419 1835 607 1873 ducibilis
641 1836 680 1871 in
713 1848 905 1881 errorem,
940 1836 1099 1872 videtur
1132 1848 1315 1872 securum
1351 1849 1436 1874 esse
1460 1837 1552 1871 sub-

235 1895 326 1932 duci
367 1895 465 1931 tales
504 1893 710 1942 ymagines
752 1904 916 1942 propter
955 1894 1176 1942 periculum
1223 1894 1398 1942 primum
1442 1907 1554 1930 man-

232 1954 371 1989 datum
418 1952 597 2000 decalogi
652 1952 912 1988 dissolvendi.
969 1952 1078 1988 Laici
1132 1951 1237 1988 enim
1294 1952 1553 2000 appropriate

233 2013 404 2048 adorant
437 2023 529 2047 suas
562 2010 765 2058 ymagines
800 2010 946 2058 quibus
989 2009 1250 2058 singulariter
1290 2019 1382 2046 sunt
1425 2009 1554 2046 affecti

233 2080 269 2106 et
314 2070 402 2118 plus
447 2078 636 2105 cecantur
680 2069 717 2104 in
767 2068 856 2105 aliis
901 2081 1022 2117 quam
1062 2070 1169 2117 quod
1211 2068 1309 2105 tales
1349 2068 1555 2116 ymagines

234 2128 311 2163 sint
355 2127 594 2163 naturaliter
638 2126 729 2163 talis
767 2135 942 2164 sanctus.
986 2128 1078 2163 Ideo
1120 2139 1210 2162 cum
1253 2139 1324 2163 nec
1371 2126 1553 2163 Christus

234 2198 304 2222 nec
346 2184 517 2233 apostoli
557 2197 630 2221 nec
671 2185 869 2232 scriptura
909 2198 1049 2221 eorum
1090 2184 1187 2221 tales
1232 2185 1437 2233 ymagines
1485 2197 1551 2220 co-

234 2244 407 2289 luerunt,
447 2243 607 2279 videtur
639 2243 776 2280 multis
805 2244 913 2291 quod
949 2244 999 2280 sit
1033 2243 1246 2279 temeraria
1280 2242 1549 2291 presumpcio,

235 2302 392 2349 sapiens
431 2310 511 2337 tam
559 2300 598 2336 in
643 2301 792 2337 curatis
831 2314 949 2350 quam
992 2301 1030 2337 in
1065 2300 1287 2338 artificibus
1320 2301 1551 2346 avariciam,

202 2361 343 2408 [quod
387 2359 437 2396 sit
484 2368 564 2395 tam
612 2359 814 2396 variarum
861 2359 1095 2408 ymaginum
1142 2359 1259 2407 copia
1308 2359 1550 2395 introducta.

304 2479 324 2498 1.
345 2471 473 2510 Aps—ua
494 2471 588 2497 deest.
697 2468 721 2497 3.
743 2472 771 2498 A
792 2470 822 2498 in
842 2478 958 2505 marg.:
984 2471 1018 2505 33
1046 2471 1066 2497 B
1088 2471 1117 2498 in
1140 2478 1253 2505 marga
1280 2470 1392 2498 Tercio
1414 2470 1551 2505 superbi.

235 2514 276 2534 10.
299 2506 337 2533 ss:
359 2505 531 2533 adimendo.
597 2513 629 2531 ιι.
650 2505 688 2532 B:
711 2506 861 2533 affectant.
937 2514 978 2535 ιι,
1001 2504 1064 2533 BC:
1090 2506 1242 2533 mundum
1265 2505 1360 2533 deest.
1437 2513 1476 2540 ¹7·
1499 2504 1550 2531 Al}

234 2541 264 2568 in
280 2549 392 2580 marg:
409 2540 489 2568 Nota
505 2548 562 2575 pro
577 2539 627 2573 (ss:
650 2540 697 2575 de)
712 2540 915 2575 imaginibus;
938 2541 977 2567 B:
994 2540 1161 2579 Ymagines
1177 2545 1279 2579 utrum
1295 2545 1367 2568 sunt
1382 2541 1550 2578 ado-rande.

235 2583 273 2614 ξι.
294 2576 323 2603 Α
343 2584 372 2603 in
395 2583 507 2614 marg.:
530 2574 620 2601 Nota.
708 2575 753 2603 23.
777 2580 938 2609 sanctum;
960 2575 983 2604 C
1004 2584 1033 2602 ιιι
1056 2584 1170 2610 marg:
1193 2576 1310 2602 scilicet
1330 2583 1422 2608 eum;
1442 2576 1483 2601 lb.
1506 2576 1550 2601 A:

236 2618 268 2672 {in
289 2610 443 2673 piinCip3¹⁰
464 2609 635 2672 ῗίᾳὲειιῐιξὲ).
703 2612 762 2673 (²36'
783 2618 828 2673 ²¹7·
843 2612 895 2649 nA:
916 2611 1032 2638 seduci.
1124 2613 1170 2644 30,
1192 2609 1230 2638 31.
1252 2612 1298 2638 A:
1320 2610 1470 2645 imagines
1491 2609 1553 2636 sint

257 2653 306 2672 ees
323 2666 329 2672 .
419 2653 444 2672 2.
514 2653 521 2671 1
620 2654 680 2680 rg.:
729 2653 788 2673 one
804 2653 882 2673 us10.

309 2727 360 2749 21.
383 2717 435 2749 Cf.
460 2717 605 2760 Wyclif3
634 2718 686 2749 De
705 2717 879 2750 Mandatis
901 2718 991 2750 CXV
1013 2716 1144 2761 (M.s.):
1178 2716 1280 2756 Quod
1303 2717 1329 2748 si
1353 2716 1439 2747 dicis
1456 2716 1552 2758 quod

238 2774 309 2795 non
324 2764 450 2796 adoras
466 2764 560 2796 illam
582 2764 646 2795 nisi
667 2764 700 2795 in
721 2764 865 2796 nornine
885 2764 994 2796 sancti
1016 2764 1114 2796 cuius
1131 2770 1183 2796 est
1207 2763 1412 2801 similitudo,
1434 2771 1554 2793 revera

239 2811 287 2841 sic
309 2810 466 2842 dixerunt
493 2808 652 2842 infideles
680 2818 840 2853 ternpore
867 2810 994 2842 veteris
1014 2811 1225 2842 testamenti.
1250 2808 1448 2852 (Maithexv)
1475 2831 1483 2839 .
1511 2831 1518 2837 .
1545 2832 1552 2838 .

240 2856 292 2888 30.
314 2856 414 2889 ibid.:
443 2858 484 2889 Et
504 2857 551 2888 sic
574 2858 631 2888 uni
653 2857 804 2899 ymagini
827 2858 905 2899 plus
927 2856 1036 2888 affecti
1057 2867 1162 2899 quam
1180 2856 1276 2888 alteri
1295 2855 1440 2886 adorant
1456 2864 1553 2896 yma-

239 2902 348 2943 gines,
375 2903 470 2945 quod
497 2903 638 2935 indubie
665 2911 716 2935 est
743 2903 914 2935 idolatria.
