2017 3353
222 930 259 950 10

224 1280 258 1311 15

221 1623 264 1646 20

225 1903 263 1936 25

226 2194 268 2226 30

273 285 410 313 samio
426 273 551 330 xxxr]
780 282 919 315 PRIMA
947 278 1073 312 PARS.

275 392 572 439 corrumpenda
595 390 654 438 (ut
678 396 787 437 patet
815 387 955 424 Genesi
983 386 1080 432 1110).
1115 387 1163 421 Et
1197 384 1486 421 extremitatem
1512 382 1589 419 vite

275 464 342 487 sue
376 459 416 486 ut
451 449 569 485 finem
605 448 729 484 caude
755 445 1011 482 considerans
1035 445 1196 479 obturat
1230 442 1424 490 reliquam
1451 453 1587 477 aurem

275 508 418 545 cordis.
471 508 518 542 Et
557 518 646 542 cum
686 503 809 541 nichil
848 504 936 551 plus
974 503 1077 538 valet
1121 502 1171 537 ad
1212 501 1415 536 domanda
1460 497 1589 535 carnis

275 564 471 602 desideria
493 576 611 612 quam
639 574 805 611 pensare
821 560 948 609 qualis
970 559 1042 596 erit
1068 568 1240 604 mortua,
1265 567 1374 606 patet
1395 565 1588 605 quantum

276 624 436 672 prodest
469 621 620 657 homini
652 620 726 656 ista
757 617 974 667 prudencia
1004 617 1244 665 serpentina.
1290 618 1337 651 Et
1373 617 1419 651 de
1456 613 1591 650 multis

276 682 459 718 columbe
483 677 809 727 simplicitatibus
834 678 909 712 hoc
936 677 983 712 ad
1012 674 1262 723 propositum
1288 682 1344 710 est
1367 673 1589 709 notandum

276 740 383 788 quod
434 736 671 774 naturaliter
722 736 943 772 delectatur
993 733 1031 770 in
1082 731 1279 769 amorosis
1325 730 1487 768 vocibus
1531 728 1590 765 sui

275 796 428 841 similis,
463 805 498 832 et
532 794 669 831 audito
702 806 801 829 sono
825 791 1029 840 accipitris
1051 792 1109 827 vel
1136 790 1217 827 avis
1248 788 1411 826 alterius
1436 786 1592 835 rapacis

276 855 313 891 in
354 856 473 902 plano
519 852 650 901 lapide
684 850 896 899 requiescit
930 858 966 886 et
1006 848 1087 886 avis
1132 861 1252 896 rapax
1297 860 1374 896 que
1418 846 1592 893 impulsu

277 912 396 949 feroci
431 912 661 948 columbam
702 917 859 957 raperet
893 921 936 944 ex
976 907 1121 943 timore
1160 905 1379 942 collisionis
1419 903 1593 952 pectoris

276 971 334 1006 sui
375 971 424 1007 ad
464 969 637 1017 lapidem
680 969 754 1003 hoc
792 965 982 1002 obmittit.
1025 967 1072 1001 Et
1110 964 1166 1001 sic
1206 963 1333 1000 fidelis
1374 970 1593 1009 temptatus

276 1042 297 1065 a
332 1028 493 1065 diabolo
526 1028 584 1063 vel
620 1027 731 1062 hoste
755 1025 834 1061 alio
860 1023 1064 1060 humiliter
1088 1022 1355 1071 requiesceret
1389 1020 1428 1056 in
1461 1019 1594 1067 lapide

277 1086 470 1134 angulari,
493 1098 566 1121 nec
589 1092 748 1132 oportet
773 1096 861 1118 cum
892 1082 959 1117 illo
983 1081 1125 1117 timere
1148 1080 1395 1117 invasionem
1420 1076 1594 1113 hominis

277 1146 335 1181 vel
370 1143 519 1180 diaboli
553 1141 793 1178 insultantis.

751 1265 944 1306 SERMO
978 1265 1127 1304 XXXI.

336 1376 378 1411 Si
390 1376 472 1423 quis
487 1374 615 1425 diligit
631 1386 702 1417 me,
717 1385 930 1409 sermonem
950 1384 1072 1407 meum
1089 1370 1269 1407 servabit.
1286 1370 1372 1405 Joh.
1390 1370 1510 1413 xivf),
1530 1368 1593 1404 23.

336 1434 435 1469 Cum
472 1432 618 1469 Christi
653 1430 820 1467 dileccio
854 1429 1021 1466 includit
1045 1438 1258 1477 utramque
1282 1428 1460 1463 tabulam
1486 1439 1595 1462 man—

279 1494 478 1536 datorum,
526 1498 633 1538 patet
671 1502 791 1538 quam
830 1487 1099 1524 necessarium
1146 1496 1202 1522 est
1246 1485 1419 1522 viantem
1467 1484 1596 1532 ipsum

279 1549 456 1597 diligere,
481 1550 548 1584 sed
571 1549 658 1584 Joh.
683 1549 789 1583 X1V0
823 1546 1028 1582 scribitur:
1059 1545 1136 1594 Qui
1163 1545 1274 1580 habet
1303 1544 1484 1579 mandata
1515 1555 1596 1578 mea

282 1608 357 1644 fide
402 1607 615 1652 audiendo,
661 1618 730 1654 spe
769 1605 1002 1641 meditando
1041 1612 1078 1639 et
1117 1602 1283 1639 caritate
1324 1602 1519 1646 docendo,
1565 1607 1600 1636 et

279 1674 409 1702 servat
453 1678 508 1710 ea,
547 1676 668 1712 opere
700 1663 920 1711 implendo,
953 1663 1017 1698 ille
1049 1661 1189 1709 estqui
1218 1659 1346 1710 diligit
1390 1672 1461 1704 me,
1506 1657 1599 1706 quia

279 1724 435 1771 signum
470 1721 701 1758 dileccionis
734 1731 791 1757 est
824 1720 1020 1757 exhibicio
1050 1719 1182 1767 operis
1206 1719 1424 1754 secundum
1451 1718 1599 1764 Grego-

280 1782 396 1817 rium.
431 1783 531 1817 Cum
567 1793 660 1828 ergo
693 1779 761 1827 qui
794 1778 922 1826 diligit
955 1777 1158 1815 Christum
1194 1775 1320 1824 diligit
1353 1775 1436 1811 eius
1461 1776 1599 1810 huma-

279 1840 446 1876 nitatem
500 1851 545 1875 ac
590 1837 839 1874 divinitatem
893 1846 929 1873 et
973 1849 1043 1884 per
1096 1846 1344 1883 consequens
1390 1835 1517 1868 Deum
1564 1840 1599 1868 et

281 1897 522 1946 proximum,
561 1905 670 1945 patet
709 1896 818 1944 quod
857 1895 896 1931 in
935 1895 1010 1930 hoc
1048 1893 1167 1929 unico
1206 1893 1327 1929 verbo
1368 1889 1600 1926 dileccionis

282 1965 338 1992 est
381 1955 510 1991 tocius
553 1954 650 2002 legis
695 1953 902 2002 impleci03
960 1961 996 1989 et
1041 1960 1151 2000 patet
1195 1963 1315 1999 quam
1360 1961 1496 1985 verum
1544 1956 1600 1983 est

281 2015 445 2050 verbum
480 2012 653 2061 apostoli
686 2013 736 2048 ad
770 2014 883 2048 Rom.
917 2012 1039 2056 X1110,
1079 2022 1143 2045 10:
1181 2008 1383 2044 Plenitudo
1416 2007 1515 2057 legis
1547 2013 1601 2042 est

283 2072 451 2108 dileccio.
487 2072 564 2107 Sed
597 2070 691 2119 quia
723 2069 762 2106 in
795 2071 870 2105 hoc
898 2070 1019 2105 verbo
1042 2067 1161 2104 nimis
1187 2066 1301 2102 multi
1324 2064 1600 2113 sophisticam,

283 2139 324 2166 ut
357 2142 497 2166 omnes
530 2128 712 2165 homines
746 2127 883 2164 dicunt
916 2125 1155 2163 naturaliter
1188 2137 1228 2161 se
1261 2126 1389 2159 Deum
1424 2122 1600 2170 diligere,

283 2196 441 2236 oportet
473 2187 608 2223 videre
641 2187 680 2222 in
712 2185 856 2235 quibus
890 2194 926 2222 et
959 2198 1003 2222 ex
1036 2183 1178 2233 quibus
1203 2181 1458 2219 mendacium
1483 2180 1603 2216 dilec—

284 2246 408 2282 cionis
448 2245 629 2282 convinci
667 2244 828 2293 poterit.
868 2243 978 2280 Sicut
1023 2242 1127 2279 enim
1167 2240 1280 2277 Judei
1325 2239 1602 2288 persequendo

285 2305 465 2340 membra
498 2302 645 2340 Christi
678 2311 914 2350 reputarunt
951 2314 991 2337 se
1025 2303 1108 2336 Deo
1147 2307 1325 2348 prestare
1364 2296 1601 2344 obsequium

285 2371 321 2398 et
360 2361 415 2397 sic
452 2363 499 2397 de
538 2370 650 2397 tanto
689 2360 820 2408 ipsum
861 2359 1037 2408 diligere,
1077 2358 1132 2395 sic
1171 2357 1336 2406 gentiles
1377 2365 1413 2391 et
1458 2353 1603 2403 pagani

284 2420 489 2467 apostolos
529 2428 565 2455 et
604 2419 740 2455 fideles
780 2418 879 2455 alios
912 2424 1196 2466 persequentes
1229 2423 1421 2463 putarunt
1456 2413 1495 2449 in
1529 2414 1603 2448 hoc

354 2541 378 2569 3.
400 2542 442 2580 A}
464 2549 533 2568 cum
555 2541 648 2568 deest.
746 2540 770 2568 5.
792 2541 836 2567 A:
859 2539 1077 2574 serpentinam.
1177 2547 1217 2565 1o.
1238 2539 1282 2565 A:
1304 2537 1414 2564 timore
1436 2534 1604 2562 solucionis

285 2581 455 2612 peccatoris
476 2576 532 2602 sni.
578 2584 611 2602 11.
627 2577 671 2603 A:
693 2575 819 2607 emittit:
841 2574 880 2601 ib.
904 2574 969 2601 BC:
991 2574 1027 2601 Et
1048 2575 1147 2604 deest:
1170 2574 1208 2600 ib.
1225 2574 1269 2600 A:
1291 2572 1334 2599 sic
1355 2571 1448 2598 deest.
1501 2578 1538 2597 12.
1560 2571 1603 2596 A:

285 2612 398 2646 aliquo.
489 2610 525 2637 13.
549 2610 587 2637 ss:
609 2611 667 2637 isto
688 2611 813 2643 timore:
842 2609 882 2636 C:
904 2609 972 2635 isto.
1063 2617 1103 2642 14.
1128 2609 1164 2635 15:
1186 2606 1362 2634 insultantis
1383 2611 1437 2632 etc.
1519 2605 1559 2631 16.
1583 2605 1604 2630 Β

286 2647 314 2673 in
346 2654 459 2680 marg:
494 2646 710 2679 l’entekostem
749 2644 789 2671 ib.
820 2645 864 2670 A:
897 2644 964 2670 Joh.
994 2644 1034 2676 1.;
1073 2644 1113 2670 ib.
1135 2644 1178 2670 A:
1214 2650 1315 2669 meum
1347 2640 1479 2667 servabit
1509 2639 1603 2665 deest.

287 2690 328 2717 19.
350 2682 394 2708 A:
423 2680 490 2707 Joh.
511 2680 570 2713 1V3
600 2680 640 2706 ib.
662 2681 706 2706 A:
738 2687 805 2705 mea
825 2678 918 2705 deest.
1011 2686 1057 2705 20.
1082 2683 1123 2705 A:
1145 2676 1361 2704 mendicando.
1444 2682 1490 2708 24.
1512 2675 1555 2700 A:
1577 2678 1605 2700 et

286 2716 487 2743 divinitatem.
559 2714 601 2742 25.
623 2715 666 2741 A:
689 2714 746 2740 hoc
767 2713 860 2740 deest.
926 2712 972 2740 26.
995 2713 1038 2740 A:
1061 2721 1153 2748 quam
1175 2720 1281 2738 verum
1303 2715 1357 2737 est.
1432 2717 1476 2744 27,
1494 2711 1538 2735 28.
1560 2709 1603 2735 A:

286 2756 330 2778 est
352 2750 479 2777 dileccio
501 2750 594 2776 deest.
675 2747 718 2776 32.
740 2749 783 2775 A:
807 2756 836 2774 re
864 2752 966 2781 utant;
996 2748 1035 2774 ib.
1058 2749 1101 2774 A:
1124 2747 1187 2774 Deo
1209 2747 1310 2779 deest;
1340 2745 1379 2771 ib.
1402 2745 1445 2771 A:
1468 2747 1604 2778 prestare

286 2790 358 2818 etc.;
386 2785 425 2812 ib.
447 2784 631 2819 obsequium
653 2783 746 2810 deest.
832 2781 873 2809 ¹3.
890 2782 956 2809 BC:
979 2791 1009 2809 se
1030 2782 1123 2809 deest.
1209 2780 1255 2815 34.
1277 2781 1321 2807 A:
1343 2780 1372 2806 in
1395 2779 1462 2808 hoc,
1484 2778 1513 2804 in
1536 2778 1603 2804 hoe.

364 2857 410 2890 16.
439 2857 491 2890 Cf.
510 2854 674 2899 Wyclif's
708 2856 875 2886 Sermons
908 2855 962 2886 ed.
994 2854 1039 2897 by
1073 2854 1209 2885 Arnold
1246 2853 1268 2893 l,
1305 2851 1379 2884 155.
1466 2861 1518 2882 22.
1553 2849 1604 2881 Cf.

287 2903 446 2945 Gregorii
477 2905 510 2934 in
537 2904 597 2934 Ev.
626 2903 682 2934 lib.
709 2903 748 2942 ΙΙ,
776 2902 879 2933 Hom.
905 2901 1007 2942 XXX,
1034 2901 1124 2943 Opp.
1153 2907 1238 2931 tom.
1269 2900 1291 2937 Ι,
1324 2899 1417 2940 1574.

1799 280 1872 315 '207

1642 1366 1719 1393 How
1742 1366 1808 1392 love
1829 1370 1859 1391 to

1623 1401 1726 1428 Christ
1748 1408 1816 1435 may
1840 1401 1872 1426 be

1697 1436 1804 1462 tested.
