2017 3353
236 262 371 290 suffito
394 251 501 309 xilv]
739 266 878 297 PRIMA
904 267 1031 299 PARS.
1758 276 1837 313 299

234 384 354 408 nemo
393 380 523 419 potest
562 385 645 409 esse
684 372 950 422 propinquior
983 373 1023 410 in
1055 374 1186 422 specie
1220 388 1340 424 quam
1375 387 1432 413 est
1465 379 1549 425 qui-

235 429 330 465 libet
370 429 544 475 cuilibet,
586 438 622 466 et
661 439 745 467 tota
784 431 996 479 generacio
1034 444 1203 481 sequens
1237 433 1285 469 ab
1319 435 1447 470 Adam
1484 437 1549 472 de—

233 488 456 533 scenderat,
491 500 536 524 ac
570 501 660 524 cum
687 488 726 524 in
751 488 930 537 quolibet
954 490 1117 527 homine
1140 490 1189 527 sit
1213 503 1336 539 genus
1360 493 1547 535 hominis,

232 544 514 594 propinquitas
547 555 680 582 autem
720 547 781 583 vel
814 546 1009 584 distancia
1043 561 1065 585 a
1097 548 1231 597 stipite
1271 558 1327 586 est
1366 550 1549 588 acciden-

201 602 322 640 5talis
356 612 393 640 et
425 603 687 653 impertinens
720 604 811 641 huic
844 605 979 653 generi
1009 607 1057 642 de
1086 615 1237 655 quanto
1269 620 1406 655 genuS,
1440 618 1550 657 patet

234 663 341 710 quod
384 674 505 699 nemo
543 671 676 711 potest
714 675 796 699 esse
828 663 984 712 reliquo
1024 664 1080 702 sic
1119 664 1387 714 propinquior
1415 669 1550 716 quoad

232 732 367 767 genus.
402 721 459 756 De
490 720 793 769 propinquitate
826 730 959 758 autem
999 724 1132 771 quoad
1165 724 1300 760 locum
1334 725 1395 761 vel
1428 725 1548 762 aliam

231 777 521 815 accidentalem
555 778 906 816 circumstanciam
941 789 998 817 est
1031 780 1294 830 impertinens
1327 782 1434 820 fideli
1473 783 1550 820 dis-

232 844 378 872 cutere.
433 837 511 873 Sed
554 836 679 874 tercia
727 846 784 874 est
828 837 1109 887 propinquitas
1154 840 1417 889 appropriata
1462 854 1550 890 pre-

179 893 438 930 1odestinatis
483 907 559 944 que
608 895 733 931 eciam
776 908 857 932 non
907 897 1072 945 suscipit
1117 898 1246 935 maius
1290 908 1358 935 aut
1403 899 1547 946 minus,

231 964 320 989 cum
355 954 461 989 Deus
505 953 555 989 sit
600 962 713 1001 pater
752 954 915 991 cuilibet
958 967 1097 992 eorum
1138 965 1175 993 et
1215 957 1382 994 ecclesia
1422 966 1549 995 mater

229 1023 312 1046 sua.
366 1012 415 1046 Et
466 1011 522 1048 sic
574 1020 665 1048 sunt
717 1024 807 1049 vere
858 1013 1000 1050 fratres
1052 1013 1280 1062 spirituales
1325 1017 1547 1053 secundum

228 1076 445 1117 utrumque
496 1078 718 1118 parentem.
773 1072 850 1108 Ista
903 1083 996 1120 ergo
1049 1072 1197 1121 triplici
1245 1073 1548 1123 propinquitate

228 1126 437 1174 supposita
488 1128 604 1164 docet
649 1128 830 1165 Christus
882 1130 1113 1178 parabolice
1157 1133 1365 1180 quomodo
1417 1132 1548 1169 omnis

176 1186 211 1219 15
228 1185 351 1221 homo
384 1186 501 1222 debet
534 1198 617 1222 esse
649 1186 715 1223 alii
748 1187 953 1235 proximus
986 1188 1027 1224 in
1059 1188 1216 1226 affectu.
1250 1189 1380 1227 Homo
1413 1199 1547 1227 autem
1575 1204 1641 1231 The
1663 1212 1732 1231 man
1755 1205 1824 1231 who

228 1242 293 1279 ille
327 1252 385 1280 est
418 1243 572 1292 primus
606 1257 751 1292 parens
784 1245 852 1294 qui
886 1247 1081 1283 descendit
1113 1247 1320 1285 moraliter
1358 1249 1404 1284 cib
1435 1249 1547 1285 Jeru-
1581 1239 1825 1302 wcsstsiffffgmizss'

227 1301 361 1348 Salem,
385 1314 461 1350 que
486 1311 542 1339 est
574 1302 673 1339 visio
706 1303 816 1351 pacis
840 1304 875 1339 in
907 1305 1079 1351 Yet-idio,
1113 1319 1189 1354 que
1223 1314 1280 1342 est
1313 1307 1419 1353 luna,
1453 1307 1547 1356 quia
1644 1310 1757 1336 Adam.

228 1359 440 1396 occasione
472 1360 592 1408 primi
625 1361 779 1409 peccati
812 1362 986 1399 hominis
1018 1363 1125 1400 venit
1158 1365 1207 1400 ad
1241 1372 1389 1401 statum
1429 1364 1546 1401 lumi-

226 1416 378 1454 nariter
417 1418 668 1456 defectivum.
709 1419 902 1456 Latrones
939 1421 975 1457 in
1014 1433 1108 1470 quos
1139 1422 1271 1459 incidit
1302 1431 1394 1459 sunt
1432 1422 1546 1471 spiri-
1562 1436 1764 1466 Therme—ves
1787 1447 1836 1466 are

172 1487 213 1509 20
228 1475 355 1512 tuales
394 1475 547 1513 inimici
587 1486 629 1513 ut
668 1478 874 1525 dyabolus,
921 1491 1015 1515 caro
1061 1488 1098 1516 et
1137 1481 1329 1517 seculum.
1376 1481 1546 1530 Dyaboli
1628 1474 1770 1536 {ffi'l‘liqtiffl

137 1524 212 1586 FOlg
228 1542 362 1570 autem
397 1543 434 1570 et
466 1535 641 1583 perversi
676 1536 786 1572 homi
815 1531 820 1590 Ι
849 1548 918 1573 11θε
951 1546 1042 1574 sunt
1081 1539 1271 1576 latrones.
1318 1539 1383 1575 Illi
1418 1547 1544 1576 autem

134 1571 194 1613 ¹75
228 1592 542 1641 despoliaverunt
574 1594 794 1630 humanum
829 1607 953 1642 genus
986 1595 1026 1631 in
1059 1596 1201 1645 primis
1230 1597 1464 1646 parentibus
1498 1598 1545 1634 de

229 1650 343 1686 donis
376 1651 559 1698 gratuitis
593 1660 629 1688 et
661 1652 811 1688 viribus
845 1653 1108 1691 naturalibus.
1134 1655 1186 1691 Et
1210 1655 1422 1692 vulneratis
1453 1656 1546 1705 ipsis

228 1707 268 1743 in
306 1709 537 1745 substancia
574 1710 748 1746 naturali
794 1711 1030 1759 reliquerant
1075 1713 1297 1749 humanum
1336 1726 1459 1761 genus
1504 1713 1544 1750 in

172 1768 211 1800 25
227 1765 322 1814 ipsis
346 1779 427 1802 non
452 1779 622 1815 peccans
647 1777 813 1816 peccato
838 1769 967 1805 finalis
997 1770 1282 1818 impenitencie
1303 1772 1542 1808 semivivum.

227 1824 420 1861 Sacerdos
463 1833 596 1862 autem
643 1826 710 1874 qui
756 1829 962 1875 peccando
1010 1829 1141 1865 eadem
1188 1829 1247 1865 via
1293 1830 1546 1867 descenderat

225 1890 358 1931 potest
410 1882 577 1931 intelligi
629 1884 859 1932 patriarcha
912 1885 952 1921 in
1005 1895 1175 1935 utraque
1233 1888 1320 1936 lege
1372 1897 1408 1925 et
1459 1888 1543 1925 viso
1582 1904 1809 1940 Thepriestis

226 1941 404 1977 humano
436 1953 579 1989 genere
617 1942 672 1978 sic
710 1943 823 1991 lapso
856 1943 928 1979 fuit
962 1944 1162 1993 impotens
1195 1945 1325 1994 ipsum
1358 1946 1542 1993 liberare,
1579 1940 1628 1966 ΗΝ
1649 1940 1813 1975 patriarch.

227 1997 318 2047 quia
357 1998 525 2036 existens
565 1999 604 2035 in
643 2002 782 2037 eadem
823 2002 1119 2050 dampnacione
1159 2005 1248 2052 plus
1281 2006 1365 2041 Deo
1406 2004 1543 2041 debuit

171 2059 210 2091 30
226 2056 387 2093 racione
428 2058 582 2106 proprii
622 2058 801 2095 criminis
841 2073 961 2107 quam
1002 2062 1168 2098 reddere
1207 2062 1366 2100 sufficit.
1407 2063 1542 2100 Levita
1563 2078 1631 2106 The
1650 2079 1754 2107 Lex-ite
1775 2080 1823 2107 1110

225 2122 351 2151 autem
385 2114 425 2151 in
459 2117 598 2152 eadem
638 2118 934 2166 dampnacione
973 2128 1105 2166 potest
1138 2120 1305 2169 intelligi
1344 2122 1543 2170 propheta
1626 2115 1767 2150 prophet.

224 2173 284 2209 vel
331 2173 496 2221 quilibet
534 2184 695 2211 sanctus
735 2184 826 2212 ante
866 2176 1192 2215 incarnacionem
1232 2181 1441 2216 sacerdote
1485 2179 1543 2216 in-

225 2230 358 2278 ferior,
392 2232 457 2281 qui
487 2233 619 2269 videns
642 2235 809 2270 eandem
836 2235 1174 2283 dampnacionem
1199 2238 1365 2274 humani
1388 2237 1542 2286 generis

224 2289 468 2337 impotenter
494 2291 687 2340 preteriit.
722 2292 800 2328 Sed
832 2293 1104 2331 Samaritanus
1139 2295 1223 2343 (qui
1255 2296 1543 2344 interpretatur
1564 2313 1630 2341 The
1651 2313 1824 2341 Samaritam

168 2350 207 2384 35
225 2350 373 2395 custos)
400 2350 621 2385 secundum
652 2350 853 2398 duplicem
886 2360 1073 2388 naturam
1108 2353 1317 2390 hominum
1351 2354 1542 2391 semivivo
1639 2348 1752 2376 Christ.

225 2405 463 2442 conveniens
498 2416 534 2443 et
568 2407 885 2455 disconveniens,
925 2422 1009 2446 cum
1043 2411 1116 2447 iter
1141 2412 1301 2461 faceret
1333 2426 1403 2461 per
1435 2413 1540 2449 viam

224 2463 521 2501 incarnacionis
565 2465 746 2503 misertus
789 2475 845 2503 est
887 2468 1065 2505 humano
1115 2470 1249 2517 generi
1294 2478 1329 2507 et
1371 2471 1542 2521 alligans

226 2521 386 2558 vulnera
419 2522 499 2559 eius
539 2524 631 2570 (hoc
665 2533 734 2571 est,
769 2525 1009 2562 continuans
1041 2526 1081 2563 in
1116 2527 1281 2565 caritate
1314 2528 1424 2577 prius
1464 2528 1540 2564 dis-

226 2579 373 2627 soluta)
421 2592 491 2628 per
534 2581 639 2618 viam
686 2582 884 2620 medicine
931 2584 1110 2634 imposuit
1154 2586 1295 2630 vinum,
1349 2587 1423 2623 hoc
1469 2595 1537 2633 est,

295 2733 314 2752 1.
336 2726 364 2752 A
385 2725 414 2752 in
436 2733 551 2760 marg:
573 2726 737 2754 Proximus
757 2727 934 2763 tripliciter:
966 2730 986 2757 Β
1008 2730 1037 2757 iu
1061 2739 1174 2762 marcu:
1206 2731 1341 2766 Quilibet
1363 2731 1456 2758 homo
1478 2732 1539 2759 cui-

225 2760 296 2787 libet
317 2764 361 2786 est
405 2760 542 2787 roximus
564 2765 591 2788 et
611 2762 771 2797 multiplex
793 2763 1008 2800 propinquitas
1029 2759 1210 2793 ostenditur.
1274 2774 1299 2793 2.
1320 2767 1364 2793 A:
1386 2766 1422 2793 ub
1443 2766 1537 2794 deest.

224 2803 250 2828 2,
266 2793 290 2822 3.
308 2794 348 2822 C:
393 2795 545 2822 escendat.
601 2795 626 2823 3,
649 2796 696 2835 [ᾖς.
710 2797 846 2836 quolibet
866 2807 984 2833 genere.
1041 2808 1066 2834 7.
1088 2802 1116 2827 A
1137 2801 1166 2828 iu
1188 2809 1302 2839 marg:
1326 2802 1352 2827 b.
1433 2802 1487 2840 ..A
1508 2801 1536 2830 in

225 2837 337 2857 marm:
360 2837 384 2856 c.
459 2838 499 2857 10.
521 2829 559 2857 B:
582 2836 711 2866 susc1p1t
731 2840 838 2868 mag1s.
913 2842 945 2861 11.
969 2835 1006 2861 13:
1029 2834 1111 2861 Deus
1132 2835 1232 2868 dcc>t3
1261 2836 1299 2862 lb.
1323 2836 1361 2863 C:
1385 2836 1536 2863 Ciristus.

224 2862 262 2891 13.
283 2850 327 2891 K:
350 2864 555 2899 proximitate.
630 2865 671 2893 16.
693 2866 732 2893 B:
754 2868 932 2896 mortaliter.
1008 2869 1048 2903 18,
1071 2877 1113 2905 19-
1136 2869 1175 2897 C:
1198 2870 1352 2898 lunariter.
1427 2878 1470 2898 22.
1491 2872 1533 2898 A:

225 2899 441 2934 spoliaverunt.
515 2898 559 2927 28.
582 2900 620 2927 13:
643 2900 757 2936 lapsus.
832 2902 877 2931 36.
899 2904 943 2931 A:
966 2909 1038 2932 tunc
1057 2904 1178 2932 faceret.
