<?xml version="1.0" encoding="UTF-8"?>
<!DOCTYPE html PUBLIC "-//W3C//DTD XHTML 1.0 Transitional//EN"
    "http://www.w3.org/TR/xhtml1/DTD/xhtml1-transitional.dtd">
<html xmlns="http://www.w3.org/1999/xhtml" xml:lang="en" lang="en">
 <head>
  <title>
</title>
<meta http-equiv="Content-Type" content="text/html;charset=utf-8" />
  <meta name='ocr-system' content='tesseract 3.04.00' />
  <meta name='ocr-capabilities' content='ocr_page ocr_carea ocr_par ocr_line ocrx_word'/>
</head>
<body>
  <div class='ocr_page' id='page_1' title='image "./iohanniswyclifse0701wycl_0192.png"; bbox 0 0 2017 3353; ppageno 0'>
   <div class='ocr_carea' id='block_1_1' title="bbox 126 317 198 350">
    <p class='ocr_par' dir='ltr' id='par_1_1' title="bbox 126 317 198 350">
     <span class='ocr_line' id='line_1_1' title="bbox 126 317 198 350; baseline 0.014 -11"><span class='ocrx_word' id='word_1_1' title='bbox 126 317 198 350; x_wconf 82' lang='lat'>140</span> 
     </span>
    </p>
   </div>
   <div class='ocr_carea' id='block_1_2' title="bbox 129 542 387 604">
    <p class='ocr_par' dir='ltr' id='par_1_2' title="bbox 129 542 387 604">
     <span class='ocr_line' id='line_1_2' title="bbox 129 542 387 570; baseline -0.004 -1"><span class='ocrx_word' id='word_1_2' title='bbox 129 542 332 570; x_wconf 51' lang='lat' dir='ltr'>xx&#39;icltedness</span> <span class='ocrx_word' id='word_1_3' title='bbox 353 542 387 569; x_wconf 79' lang='lat' dir='ltr'>of</span> 
     </span>
     <span class='ocr_line' id='line_1_3' title="bbox 189 577 320 604; baseline -0.008 0"><span class='ocrx_word' id='word_1_4' title='bbox 189 577 320 604; x_wconf 82' lang='lat' dir='ltr'>slander.</span> 
     </span>
    </p>
   </div>
   <div class='ocr_carea' id='block_1_3' title="bbox 126 1757 399 1856">
    <p class='ocr_par' dir='ltr' id='par_1_3' title="bbox 126 1757 399 1856">
     <span class='ocr_line' id='line_1_4' title="bbox 127 1757 397 1794; baseline 0 -10"><span class='ocrx_word' id='word_1_5' title='bbox 127 1757 209 1794; x_wconf 70' lang='lat' dir='ltr'>Why</span> <span class='ocrx_word' id='word_1_6' title='bbox 225 1757 329 1785; x_wconf 77' lang='lat' dir='ltr'>Christ</span> <span class='ocrx_word' id='word_1_7' title='bbox 347 1757 397 1784; x_wconf 79' lang='lat' dir='ltr'>did</span> 
     </span>
     <span class='ocr_line' id='line_1_5' title="bbox 126 1792 399 1832; baseline 0 -13"><span class='ocrx_word' id='word_1_8' title='bbox 126 1797 177 1819; x_wconf 85' lang='lat' dir='ltr'>not</span> <span class='ocrx_word' id='word_1_9' title='bbox 195 1801 232 1832; x_wconf 67' lang='lat' dir='ltr'>go</span> <span class='ocrx_word' id='word_1_10' title='bbox 249 1801 288 1828; x_wconf 86' lang='lat' dir='ltr'>up</span> <span class='ocrx_word' id='word_1_11' title='bbox 305 1797 334 1819; x_wconf 84' lang='lat' dir='ltr'>to</span> <span class='ocrx_word' id='word_1_12' title='bbox 351 1792 399 1819; x_wconf 80' lang='lat' dir='ltr'>the</span> 
     </span>
     <span class='ocr_line' id='line_1_6' title="bbox 219 1831 304 1856; baseline 0 0"><span class='ocrx_word' id='word_1_13' title='bbox 219 1831 304 1856; x_wconf 67' lang='lat' dir='ltr'>least.</span> 
     </span>
    </p>
   </div>
   <div class='ocr_carea' id='block_1_4' title="bbox 703 288 1719 346">
    <p class='ocr_par' dir='ltr' id='par_1_4' title="bbox 703 288 1719 346">
     <span class='ocr_line' id='line_1_7' title="bbox 703 288 1719 346; baseline -0.01 -7"><span class='ocrx_word' id='word_1_14' title='bbox 703 305 927 340; x_wconf 83' lang='lat' dir='ltr'>JOHANNIS</span> <span class='ocrx_word' id='word_1_15' title='bbox 954 304 1137 338; x_wconf 85' lang='lat' dir='ltr'><strong>WYCLIF&#39;</strong></span> <span class='ocrx_word' id='word_1_16' title='bbox 1161 302 1421 335; x_wconf 81' lang='lat' dir='ltr'>SERMONUM</span> <span class='ocrx_word' id='word_1_17' title='bbox 1467 288 1618 346; x_wconf 70' lang='lat' dir='ltr'>[SERMO</span> <span class='ocrx_word' id='word_1_18' title='bbox 1640 298 1719 326; x_wconf 74' lang='lat' dir='ltr'>XXI-</span> 
     </span>
    </p>
   </div>
   <div class='ocr_carea' id='block_1_5' title="bbox 407 406 1786 1150">
    <p class='ocr_par' dir='ltr' id='par_1_5' title="bbox 407 406 1786 1150">
     <span class='ocr_line' id='line_1_8' title="bbox 408 406 1724 464; baseline -0.009 -10"><span class='ocrx_word' id='word_1_19' title='bbox 408 418 512 454; x_wconf 89' lang='lat' dir='ltr'>mala</span> <span class='ocrx_word' id='word_1_20' title='bbox 547 417 633 464; x_wconf 79' lang='lat' dir='ltr'>plus</span> <span class='ocrx_word' id='word_1_21' title='bbox 666 415 891 463; x_wconf 84' lang='lat' dir='ltr'>ponderant</span> <span class='ocrx_word' id='word_1_22' title='bbox 923 411 1040 448; x_wconf 83' lang='lat' dir='ltr'>nudis</span> <span class='ocrx_word' id='word_1_23' title='bbox 1073 409 1214 447; x_wconf 76' lang='lat' dir='ltr'>verbis,</span> <span class='ocrx_word' id='word_1_24' title='bbox 1240 410 1306 446; x_wconf 90' lang='lat' dir='ltr'>Ille</span> <span class='ocrx_word' id='word_1_25' title='bbox 1336 418 1468 445; x_wconf 89' lang='lat' dir='ltr'>autem</span> <span class='ocrx_word' id='word_1_26' title='bbox 1502 407 1568 456; x_wconf 92' lang='lat' dir='ltr'>qui</span> <span class='ocrx_word' id='word_1_27' title='bbox 1602 406 1724 443; x_wconf 88' lang='lat' dir='ltr'>trahit</span> 
     </span>
     <span class='ocr_line' id='line_1_9' title="bbox 408 466 1723 523; baseline -0.008 -12"><span class='ocrx_word' id='word_1_28' title='bbox 408 474 632 523; x_wconf 75' lang='lat' dir='ltr'>proximum</span> <span class='ocrx_word' id='word_1_29' title='bbox 678 485 792 508; x_wconf 88' lang='lat' dir='ltr'>suum</span> <span class='ocrx_word' id='word_1_30' title='bbox 829 471 878 506; x_wconf 90' lang='lat' dir='ltr'>ad</span> <span class='ocrx_word' id='word_1_31' title='bbox 912 471 1116 506; x_wconf 83' lang='lat' dir='ltr'>baratrum</span> <span class='ocrx_word' id='word_1_32' title='bbox 1155 468 1215 504; x_wconf 69' lang='lat' dir='ltr'>vel</span> <span class='ocrx_word' id='word_1_33' title='bbox 1254 467 1359 503; x_wconf 79' lang='lat' dir='ltr'>iuxta</span> <span class='ocrx_word' id='word_1_34' title='bbox 1396 466 1497 502; x_wconf 75' lang='lat' dir='ltr'>vires</span> <span class='ocrx_word' id='word_1_35' title='bbox 1541 477 1630 501; x_wconf 89' lang='lat' dir='ltr'>suas</span> <span class='ocrx_word' id='word_1_36' title='bbox 1675 466 1723 500; x_wconf 84' lang='lat' dir='ltr'>ad</span> 
     </span>
     <span class='ocr_line' id='line_1_10' title="bbox 408 524 1722 576; baseline -0.009 -7"><span class='ocrx_word' id='word_1_37' title='bbox 408 534 482 569; x_wconf 90' lang='lat' dir='ltr'>hoc</span> <span class='ocrx_word' id='word_1_38' title='bbox 521 531 673 576; x_wconf 81' lang='lat' dir='ltr'>nititur,</span> <span class='ocrx_word' id='word_1_39' title='bbox 721 538 776 566; x_wconf 84' lang='lat' dir='ltr'>est</span> <span class='ocrx_word' id='word_1_40' title='bbox 816 527 890 564; x_wconf 80' lang='lat' dir='ltr'>sibi</span> <span class='ocrx_word' id='word_1_41' title='bbox 930 526 1125 576; x_wconf 84' lang='lat' dir='ltr'>pessimus</span> <span class='ocrx_word' id='word_1_42' title='bbox 1164 524 1362 562; x_wconf 90' lang='lat' dir='ltr'>inimicus.</span> <span class='ocrx_word' id='word_1_43' title='bbox 1403 525 1552 560; x_wconf 85' lang='lat' dir='ltr'>Omnes</span> <span class='ocrx_word' id='word_1_44' title='bbox 1591 531 1722 559; x_wconf 88' lang='lat' dir='ltr'>autem</span> 
     </span>
     <span class='ocr_line' id='line_1_11' title="bbox 407 580 1723 630; baseline -0.009 -3"><span class='ocrx_word' id='word_1_45' title='bbox 407 590 590 627; x_wconf 88' lang='lat' dir='ltr'>homines</span> <span class='ocrx_word' id='word_1_46' title='bbox 631 589 774 624; x_wconf 87' lang='lat' dir='ltr'>debent</span> <span class='ocrx_word' id='word_1_47' title='bbox 814 598 896 622; x_wconf 89' lang='lat' dir='ltr'>esse</span> <span class='ocrx_word' id='word_1_48' title='bbox 942 583 1195 622; x_wconf 88' lang='lat' dir='ltr'>concatenati</span> <span class='ocrx_word' id='word_1_49' title='bbox 1241 582 1279 618; x_wconf 92' lang='lat' dir='ltr'>in</span> <span class='ocrx_word' id='word_1_50' title='bbox 1323 581 1470 630; x_wconf 82' lang='lat' dir='ltr'>gracia,</span> <span class='ocrx_word' id='word_1_51' title='bbox 1516 580 1571 617; x_wconf 90' lang='lat' dir='ltr'>sic</span> <span class='ocrx_word' id='word_1_52' title='bbox 1617 581 1723 628; x_wconf 81' lang='lat' dir='ltr'>quod</span> 
     </span>
     <span class='ocr_line' id='line_1_12' title="bbox 407 637 1782 686; baseline -0.009 -1"><span class='ocrx_word' id='word_1_53' title='bbox 407 661 487 685; x_wconf 90' lang='lat' dir='ltr'>uno</span> <span class='ocrx_word' id='word_1_54' title='bbox 520 649 705 684; x_wconf 78' lang='lat' dir='ltr'>tardante</span> <span class='ocrx_word' id='word_1_55' title='bbox 737 646 797 681; x_wconf 77' lang='lat' dir='ltr'>vel</span> <span class='ocrx_word' id='word_1_56' title='bbox 830 645 1107 680; x_wconf 80' lang='lat' dir='ltr'>retrocedente</span> <span class='ocrx_word' id='word_1_57' title='bbox 1141 641 1183 678; x_wconf 83' lang='lat' dir='ltr'>fit</span> <span class='ocrx_word' id='word_1_58' title='bbox 1216 640 1288 677; x_wconf 88' lang='lat' dir='ltr'>toti</span> <span class='ocrx_word' id='word_1_59' title='bbox 1314 652 1428 676; x_wconf 89' lang='lat' dir='ltr'>coree</span> <span class='ocrx_word' id='word_1_60' title='bbox 1461 638 1624 677; x_wconf 82' lang='lat' dir='ltr'>iniuria:</span> <span class='ocrx_word' id='word_1_61' title='bbox 1659 637 1725 686; x_wconf 90' lang='lat' dir='ltr'>qui</span> <span class='ocrx_word' id='word_1_62' title='bbox 1767 641 1782 672; x_wconf 77' lang='lat'><strong>5</strong></span> 
     </span>
     <span class='ocr_line' id='line_1_13' title="bbox 407 700 1726 750; baseline -0.009 -7"><span class='ocrx_word' id='word_1_63' title='bbox 407 716 540 744; x_wconf 89' lang='lat' dir='ltr'>autem</span> <span class='ocrx_word' id='word_1_64' title='bbox 575 704 758 741; x_wconf 85' lang='lat' dir='ltr'>falsificat</span> <span class='ocrx_word' id='word_1_65' title='bbox 791 703 939 738; x_wconf 88' lang='lat' dir='ltr'>famam</span> <span class='ocrx_word' id='word_1_66' title='bbox 973 700 1144 750; x_wconf 84' lang='lat' dir='ltr'>proximi</span> <span class='ocrx_word' id='word_1_67' title='bbox 1178 708 1258 735; x_wconf 88' lang='lat' dir='ltr'>tam</span> <span class='ocrx_word' id='word_1_68' title='bbox 1292 700 1413 734; x_wconf 81' lang='lat' dir='ltr'>verbo</span> <span class='ocrx_word' id='word_1_69' title='bbox 1447 709 1567 745; x_wconf 89' lang='lat' dir='ltr'>quam</span> <span class='ocrx_word' id='word_1_70' title='bbox 1606 708 1726 744; x_wconf 85' lang='lat' dir='ltr'>opere</span> 
     </span>
     <span class='ocr_line' id='line_1_14' title="bbox 408 753 1726 813; baseline -0.009 -12"><span class='ocrx_word' id='word_1_71' title='bbox 408 773 547 813; x_wconf 85' lang='lat' dir='ltr'>peccat</span> <span class='ocrx_word' id='word_1_72' title='bbox 593 760 854 810; x_wconf 81' lang='lat' dir='ltr'>multiplicius</span> <span class='ocrx_word' id='word_1_73' title='bbox 894 759 933 795; x_wconf 86' lang='lat' dir='ltr'>in</span> <span class='ocrx_word' id='word_1_74' title='bbox 972 767 1157 807; x_wconf 86' lang='lat' dir='ltr'>utroque.</span> <span class='ocrx_word' id='word_1_75' title='bbox 1197 759 1299 793; x_wconf 86' lang='lat' dir='ltr'>Nam</span> <span class='ocrx_word' id='word_1_76' title='bbox 1339 757 1397 792; x_wconf 81' lang='lat' dir='ltr'>lex</span> <span class='ocrx_word' id='word_1_77' title='bbox 1436 764 1579 791; x_wconf 89' lang='lat' dir='ltr'>nature</span> <span class='ocrx_word' id='word_1_78' title='bbox 1619 753 1726 790; x_wconf 85' lang='lat' dir='ltr'>dedit</span> 
     </span>
     <span class='ocr_line' id='line_1_15' title="bbox 407 813 1725 869; baseline -0.01 -10"><span class='ocrx_word' id='word_1_79' title='bbox 407 822 522 859; x_wconf 89' lang='lat' dir='ltr'>nobis</span> <span class='ocrx_word' id='word_1_80' title='bbox 573 820 788 869; x_wconf 90' lang='lat' dir='ltr'>loquelam,</span> <span class='ocrx_word' id='word_1_81' title='bbox 841 826 882 854; x_wconf 90' lang='lat' dir='ltr'>ut</span> <span class='ocrx_word' id='word_1_82' title='bbox 940 815 1185 854; x_wconf 83' lang='lat' dir='ltr'>caritativius</span> <span class='ocrx_word' id='word_1_83' title='bbox 1239 813 1583 851; x_wconf 83' lang='lat' dir='ltr'>communicemus</span> <span class='ocrx_word' id='word_1_84' title='bbox 1636 824 1725 847; x_wconf 89' lang='lat' dir='ltr'>cum</span> 
     </span>
     <span class='ocr_line' id='line_1_16' title="bbox 410 871 1727 929; baseline -0.009 -13"><span class='ocrx_word' id='word_1_85' title='bbox 410 879 614 929; x_wconf 76' lang='lat' dir='ltr'>proximiS,</span> <span class='ocrx_word' id='word_1_86' title='bbox 660 877 761 914; x_wconf 90' lang='lat' dir='ltr'>sicut</span> <span class='ocrx_word' id='word_1_87' title='bbox 801 885 836 913; x_wconf 86' lang='lat' dir='ltr'>et</span> <span class='ocrx_word' id='word_1_88' title='bbox 875 875 1025 912; x_wconf 89' lang='lat' dir='ltr'>faciunt</span> <span class='ocrx_word' id='word_1_89' title='bbox 1065 874 1188 910; x_wconf 86' lang='lat' dir='ltr'>bestie</span> <span class='ocrx_word' id='word_1_90' title='bbox 1225 872 1354 909; x_wconf 70' lang='lat' dir='ltr'>verbis</span> <span class='ocrx_word' id='word_1_91' title='bbox 1394 871 1487 907; x_wconf 89' lang='lat' dir='ltr'>suis.</span> <span class='ocrx_word' id='word_1_92' title='bbox 1528 871 1594 906; x_wconf 89' lang='lat' dir='ltr'>Ille</span> <span class='ocrx_word' id='word_1_93' title='bbox 1634 882 1727 917; x_wconf 79' lang='lat' dir='ltr'>ergo</span> 
     </span>
     <span class='ocr_line' id='line_1_17' title="bbox 409 928 1786 987; baseline -0.009 -13"><span class='ocrx_word' id='word_1_94' title='bbox 409 938 476 987; x_wconf 89' lang='lat' dir='ltr'>qui</span> <span class='ocrx_word' id='word_1_95' title='bbox 522 936 650 974; x_wconf 73' lang='lat' dir='ltr'>verbis</span> <span class='ocrx_word' id='word_1_96' title='bbox 696 934 862 971; x_wconf 84' lang='lat' dir='ltr'>offendit</span> <span class='ocrx_word' id='word_1_97' title='bbox 907 933 946 969; x_wconf 93' lang='lat' dir='ltr'>in</span> <span class='ocrx_word' id='word_1_98' title='bbox 991 932 1232 981; x_wconf 76' lang='lat' dir='ltr'>proximum,</span> <span class='ocrx_word' id='word_1_99' title='bbox 1283 930 1438 966; x_wconf 80' lang='lat' dir='ltr'>videtur</span> <span class='ocrx_word' id='word_1_100' title='bbox 1483 940 1565 965; x_wconf 88' lang='lat' dir='ltr'>esse</span> <span class='ocrx_word' id='word_1_101' title='bbox 1610 928 1786 963; x_wconf 91' lang='lat' dir='ltr'>brut01o</span> 
     </span>
     <span class='ocr_line' id='line_1_18' title="bbox 410 986 1726 1044; baseline -0.009 -12"><span class='ocrx_word' id='word_1_102' title='bbox 410 995 612 1044; x_wconf 82' lang='lat' dir='ltr'>indignior</span> <span class='ocrx_word' id='word_1_103' title='bbox 642 1002 761 1042; x_wconf 84' lang='lat' dir='ltr'>atque</span> <span class='ocrx_word' id='word_1_104' title='bbox 784 992 914 1042; x_wconf 80' lang='lat' dir='ltr'>peior3</span> <span class='ocrx_word' id='word_1_105' title='bbox 951 992 1057 1039; x_wconf 87' lang='lat' dir='ltr'>quod</span> <span class='ocrx_word' id='word_1_106' title='bbox 1082 990 1113 1026; x_wconf 89' lang='lat' dir='ltr'>si</span> <span class='ocrx_word' id='word_1_107' title='bbox 1137 1001 1255 1038; x_wconf 84' lang='lat' dir='ltr'>super</span> <span class='ocrx_word' id='word_1_108' title='bbox 1280 1001 1400 1037; x_wconf 84' lang='lat' dir='ltr'>prava</span> <span class='ocrx_word' id='word_1_109' title='bbox 1423 987 1542 1023; x_wconf 82' lang='lat' dir='ltr'>verba</span> <span class='ocrx_word' id='word_1_110' title='bbox 1564 986 1726 1022; x_wconf 78' lang='lat' dir='ltr'>verbere</span> 
     </span>
     <span class='ocr_line' id='line_1_19' title="bbox 411 1041 1727 1103; baseline -0.01 -12"><span class='ocrx_word' id='word_1_111' title='bbox 411 1067 532 1103; x_wconf 81' lang='lat' dir='ltr'>pravo</span> <span class='ocrx_word' id='word_1_112' title='bbox 577 1051 829 1101; x_wconf 88' lang='lat' dir='ltr'>percusserit,</span> <span class='ocrx_word' id='word_1_113' title='bbox 873 1062 955 1086; x_wconf 89' lang='lat' dir='ltr'>non</span> <span class='ocrx_word' id='word_1_114' title='bbox 999 1049 1154 1085; x_wconf 78' lang='lat' dir='ltr'>videtur</span> <span class='ocrx_word' id='word_1_115' title='bbox 1196 1046 1271 1083; x_wconf 87' lang='lat' dir='ltr'>nisi</span> <span class='ocrx_word' id='word_1_116' title='bbox 1316 1046 1422 1094; x_wconf 89' lang='lat' dir='ltr'>quod</span> <span class='ocrx_word' id='word_1_117' title='bbox 1468 1044 1506 1080; x_wconf 87' lang='lat' dir='ltr'>in</span> <span class='ocrx_word' id='word_1_118' title='bbox 1557 1041 1727 1092; x_wconf 80' lang='lat' dir='ltr'>proximi</span> 
     </span>
     <span class='ocr_line' id='line_1_20' title="bbox 409 1104 1257 1150; baseline -0.011 0"><span class='ocrx_word' id='word_1_119' title='bbox 409 1111 652 1150; x_wconf 86' lang='lat' dir='ltr'>occisionem</span> <span class='ocrx_word' id='word_1_120' title='bbox 686 1108 839 1145; x_wconf 86' lang='lat' dir='ltr'>vulneri</span> <span class='ocrx_word' id='word_1_121' title='bbox 871 1108 1012 1144; x_wconf 86' lang='lat' dir='ltr'>vulnus</span> <span class='ocrx_word' id='word_1_122' title='bbox 1045 1104 1257 1143; x_wconf 83' lang='lat' dir='ltr'>addiderit.</span> 
     </span>
    </p>
   </div>
   <div class='ocr_carea' id='block_1_6' title="bbox 904 1230 1240 1273">
    <p class='ocr_par' dir='ltr' id='par_1_6' title="bbox 904 1230 1240 1273">
     <span class='ocr_line' id='line_1_21' title="bbox 904 1230 1240 1273; baseline -0.003 0"><span class='ocrx_word' id='word_1_123' title='bbox 904 1231 1098 1273; x_wconf 83' lang='lat' dir='ltr'>SERMO</span> <span class='ocrx_word' id='word_1_124' title='bbox 1131 1230 1240 1272; x_wconf 89' lang='lat' dir='ltr'>XXI.</span> 
     </span>
    </p>
   </div>
   <div class='ocr_carea' id='block_1_7' title="bbox 413 1334 1794 2435">
    <p class='ocr_par' dir='ltr' id='par_1_7' title="bbox 470 1334 1786 1379">
     <span class='ocr_line' id='line_1_22' title="bbox 470 1334 1786 1379; baseline -0.008 0"><span class='ocrx_word' id='word_1_125' title='bbox 470 1344 569 1379; x_wconf 75' lang='lat' dir='ltr'>Abiit</span> <span class='ocrx_word' id='word_1_126' title='bbox 600 1343 711 1379; x_wconf 56' lang='lat' dir='ltr'>„lesus</span> <span class='ocrx_word' id='word_1_127' title='bbox 743 1349 852 1377; x_wconf 82' lang='lat' dir='ltr'>trans</span> <span class='ocrx_word' id='word_1_128' title='bbox 884 1351 993 1375; x_wconf 82' lang='lat' dir='ltr'>mare</span> <span class='ocrx_word' id='word_1_129' title='bbox 1029 1338 1188 1375; x_wconf 82' lang='lat' dir='ltr'>Galilee.</span> <span class='ocrx_word' id='word_1_130' title='bbox 1223 1338 1416 1379; x_wconf 78' lang='lat' dir='ltr'>Joh.V10‚</span> <span class='ocrx_word' id='word_1_131' title='bbox 1449 1349 1479 1373; x_wconf 92' lang='lat'>1.</span> <span class='ocrx_word' id='word_1_132' title='bbox 1751 1334 1786 1366; x_wconf 78' lang='lat'>15</span> 
     </span>
    </p>

    <p class='ocr_par' dir='ltr' id='par_1_8' title="bbox 413 1393 1794 2435">
     <span class='ocr_line' id='line_1_23' title="bbox 470 1393 1730 1444; baseline -0.008 -7"><span class='ocrx_word' id='word_1_133' title='bbox 470 1402 615 1437; x_wconf 86' lang='lat' dir='ltr'>Sensus</span> <span class='ocrx_word' id='word_1_134' title='bbox 655 1398 820 1436; x_wconf 87' lang='lat' dir='ltr'>literalis</span> <span class='ocrx_word' id='word_1_135' title='bbox 859 1397 974 1434; x_wconf 90' lang='lat' dir='ltr'>huius</span> <span class='ocrx_word' id='word_1_136' title='bbox 1014 1395 1205 1444; x_wconf 82' lang='lat' dir='ltr'>evangelii</span> <span class='ocrx_word' id='word_1_137' title='bbox 1246 1403 1354 1443; x_wconf 87' lang='lat' dir='ltr'>patet</span> <span class='ocrx_word' id='word_1_138' title='bbox 1394 1393 1611 1442; x_wconf 89' lang='lat' dir='ltr'>plurimum</span> <span class='ocrx_word' id='word_1_139' title='bbox 1643 1394 1730 1429; x_wconf 88' lang='lat' dir='ltr'>Ser-</span> 
     </span>
     <span class='ocr_line' id='line_1_24' title="bbox 414 1451 1731 1503; baseline -0.008 -7"><span class='ocrx_word' id='word_1_140' title='bbox 414 1472 531 1496; x_wconf 87' lang='lat' dir='ltr'>mone</span> <span class='ocrx_word' id='word_1_141' title='bbox 564 1459 742 1494; x_wconf 75' lang='lat' dir='ltr'>XXXIXO</span> <span class='ocrx_word' id='word_1_142' title='bbox 778 1466 814 1493; x_wconf 88' lang='lat' dir='ltr'>et</span> <span class='ocrx_word' id='word_1_143' title='bbox 853 1455 996 1492; x_wconf 90' lang='lat' dir='ltr'>ultimo</span> <span class='ocrx_word' id='word_1_144' title='bbox 1029 1454 1067 1491; x_wconf 87' lang='lat' dir='ltr'>in</span> <span class='ocrx_word' id='word_1_145' title='bbox 1102 1462 1238 1490; x_wconf 87' lang='lat' dir='ltr'>estate.</span> <span class='ocrx_word' id='word_1_146' title='bbox 1280 1451 1284 1503; x_wconf 72' lang='lat'>1</span> <span class='ocrx_word' id='word_1_147' title='bbox 1325 1454 1410 1488; x_wconf 92' lang='lat' dir='ltr'>Hoc</span> <span class='ocrx_word' id='word_1_148' title='bbox 1450 1460 1583 1488; x_wconf 87' lang='lat' dir='ltr'>autem</span> <span class='ocrx_word' id='word_1_149' title='bbox 1624 1463 1731 1486; x_wconf 79' lang='lat' dir='ltr'>mare</span> 
     </span>
     <span class='ocr_line' id='line_1_25' title="bbox 417 1508 1729 1565; baseline -0.007 -12"><span class='ocrx_word' id='word_1_150' title='bbox 417 1518 566 1553; x_wconf 84' lang='lat' dir='ltr'>Galilee</span> <span class='ocrx_word' id='word_1_151' title='bbox 598 1516 699 1565; x_wconf 78' lang='lat' dir='ltr'>quod</span> <span class='ocrx_word' id='word_1_152' title='bbox 730 1523 785 1551; x_wconf 81' lang='lat' dir='ltr'>est</span> <span class='ocrx_word' id='word_1_153' title='bbox 815 1513 1028 1550; x_wconf 76' lang='lat' dir='ltr'>Tiberiadis</span> <span class='ocrx_word' id='word_1_154' title='bbox 1061 1512 1133 1548; x_wconf 90' lang='lat' dir='ltr'>fuit</span> <span class='ocrx_word' id='word_1_155' title='bbox 1156 1510 1342 1548; x_wconf 83' lang='lat' dir='ltr'>Jordanis</span> <span class='ocrx_word' id='word_1_156' title='bbox 1366 1509 1508 1546; x_wconf 81' lang='lat' dir='ltr'>fluvius</span> <span class='ocrx_word' id='word_1_157' title='bbox 1533 1508 1729 1545; x_wconf 88' lang='lat' dir='ltr'>transiens</span> 
     </span>
     <span class='ocr_line' id='line_1_26' title="bbox 413 1566 1730 1624; baseline -0.008 -12"><span class='ocrx_word' id='word_1_158' title='bbox 413 1589 482 1624; x_wconf 85' lang='lat' dir='ltr'>per</span> <span class='ocrx_word' id='word_1_159' title='bbox 515 1575 624 1611; x_wconf 90' lang='lat' dir='ltr'>illam</span> <span class='ocrx_word' id='word_1_160' title='bbox 660 1572 909 1622; x_wconf 72' lang='lat' dir='ltr'>provinciam</span> <span class='ocrx_word' id='word_1_161' title='bbox 944 1580 980 1607; x_wconf 89' lang='lat' dir='ltr'>et</span> <span class='ocrx_word' id='word_1_162' title='bbox 1014 1570 1221 1606; x_wconf 88' lang='lat' dir='ltr'>dicebatur</span> <span class='ocrx_word' id='word_1_163' title='bbox 1253 1567 1477 1605; x_wconf 87' lang='lat' dir='ltr'>Tiberiadis</span> <span class='ocrx_word' id='word_1_164' title='bbox 1517 1580 1538 1603; x_wconf 93' lang='lat' dir='ltr'>a</span> <span class='ocrx_word' id='word_1_165' title='bbox 1573 1566 1730 1603; x_wconf 83' lang='lat' dir='ltr'>civitate</span> 
     </span>
     <span class='ocr_line' id='line_1_27' title="bbox 413 1623 1789 1679; baseline -0.009 -9"><span class='ocrx_word' id='word_1_166' title='bbox 413 1633 598 1670; x_wconf 88' lang='lat' dir='ltr'>edificata</span> <span class='ocrx_word' id='word_1_167' title='bbox 631 1643 749 1679; x_wconf 80' lang='lat' dir='ltr'>super</span> <span class='ocrx_word' id='word_1_168' title='bbox 781 1630 890 1666; x_wconf 90' lang='lat' dir='ltr'>illam</span> <span class='ocrx_word' id='word_1_169' title='bbox 915 1641 1082 1677; x_wconf 74' lang='lat' dir='ltr'>aquam:</span> <span class='ocrx_word' id='word_1_170' title='bbox 1117 1640 1192 1676; x_wconf 87' lang='lat' dir='ltr'>que</span> <span class='ocrx_word' id='word_1_171' title='bbox 1219 1626 1355 1663; x_wconf 87' lang='lat' dir='ltr'>civitas</span> <span class='ocrx_word' id='word_1_172' title='bbox 1388 1626 1591 1674; x_wconf 91' lang='lat' dir='ltr'>quondam</span> <span class='ocrx_word' id='word_1_173' title='bbox 1627 1623 1730 1660; x_wconf 91' lang='lat' dir='ltr'>dice·</span> <span class='ocrx_word' id='word_1_174' title='bbox 1747 1633 1789 1656; x_wconf 88' lang='lat'>20</span> 
     </span>
     <span class='ocr_line' id='line_1_28' title="bbox 414 1682 1732 1733; baseline -0.008 -5"><span class='ocrx_word' id='word_1_175' title='bbox 414 1694 530 1728; x_wconf 90' lang='lat' dir='ltr'>batur</span> <span class='ocrx_word' id='word_1_176' title='bbox 564 1689 800 1733; x_wconf 87' lang='lat' dir='ltr'>Chenereth,</span> <span class='ocrx_word' id='word_1_177' title='bbox 834 1689 902 1724; x_wconf 89' lang='lat' dir='ltr'>sed</span> <span class='ocrx_word' id='word_1_178' title='bbox 934 1688 982 1723; x_wconf 89' lang='lat' dir='ltr'>ab</span> <span class='ocrx_word' id='word_1_179' title='bbox 1018 1687 1176 1722; x_wconf 86' lang='lat' dir='ltr'>Herode</span> <span class='ocrx_word' id='word_1_180' title='bbox 1210 1684 1439 1721; x_wconf 89' lang='lat' dir='ltr'>reedificata</span> <span class='ocrx_word' id='word_1_181' title='bbox 1471 1692 1507 1719; x_wconf 89' lang='lat' dir='ltr'>et</span> <span class='ocrx_word' id='word_1_182' title='bbox 1539 1682 1732 1730; x_wconf 86' lang='lat' dir='ltr'>ampliata</span> 
     </span>
     <span class='ocr_line' id='line_1_29' title="bbox 415 1739 1730 1786; baseline -0.008 0"><span class='ocrx_word' id='word_1_183' title='bbox 415 1749 521 1786; x_wconf 87' lang='lat' dir='ltr'>dicta</span> <span class='ocrx_word' id='word_1_184' title='bbox 555 1757 611 1785; x_wconf 87' lang='lat' dir='ltr'>est</span> <span class='ocrx_word' id='word_1_185' title='bbox 651 1747 823 1783; x_wconf 79' lang='lat' dir='ltr'>Tiberias</span> <span class='ocrx_word' id='word_1_186' title='bbox 856 1745 894 1781; x_wconf 91' lang='lat' dir='ltr'>in</span> <span class='ocrx_word' id='word_1_187' title='bbox 928 1746 1124 1781; x_wconf 87' lang='lat' dir='ltr'>honorem</span> <span class='ocrx_word' id='word_1_188' title='bbox 1157 1742 1308 1779; x_wconf 88' lang='lat' dir='ltr'>Tiberii</span> <span class='ocrx_word' id='word_1_189' title='bbox 1343 1741 1500 1778; x_wconf 90' lang='lat' dir='ltr'>cesaris.</span> <span class='ocrx_word' id='word_1_190' title='bbox 1546 1742 1594 1776; x_wconf 84' lang='lat' dir='ltr'>Et</span> <span class='ocrx_word' id='word_1_191' title='bbox 1627 1739 1730 1775; x_wconf 88' lang='lat' dir='ltr'>istud</span> 
     </span>
     <span class='ocr_line' id='line_1_30' title="bbox 415 1797 1732 1853; baseline -0.008 -9"><span class='ocrx_word' id='word_1_192' title='bbox 415 1816 472 1844; x_wconf 88' lang='lat' dir='ltr'>est</span> <span class='ocrx_word' id='word_1_193' title='bbox 505 1807 725 1843; x_wconf 90' lang='lat' dir='ltr'>secundum</span> <span class='ocrx_word' id='word_1_194' title='bbox 760 1816 880 1853; x_wconf 86' lang='lat' dir='ltr'>pasca</span> <span class='ocrx_word' id='word_1_195' title='bbox 914 1804 961 1839; x_wconf 91' lang='lat' dir='ltr'>de</span> <span class='ocrx_word' id='word_1_196' title='bbox 996 1815 1075 1851; x_wconf 89' lang='lat' dir='ltr'>quo</span> <span class='ocrx_word' id='word_1_197' title='bbox 1107 1800 1201 1838; x_wconf 86' lang='lat' dir='ltr'>facit</span> <span class='ocrx_word' id='word_1_198' title='bbox 1223 1801 1424 1837; x_wconf 88' lang='lat' dir='ltr'>Johannes</span> <span class='ocrx_word' id='word_1_199' title='bbox 1459 1797 1732 1842; x_wconf 79' lang='lat' dir='ltr'>mencionem3</span> 
     </span>
     <span class='ocr_line' id='line_1_31' title="bbox 416 1855 1733 1913; baseline -0.008 -11"><span class='ocrx_word' id='word_1_200' title='bbox 416 1866 455 1902; x_wconf 94' lang='lat' dir='ltr'>in</span> <span class='ocrx_word' id='word_1_201' title='bbox 501 1878 579 1913; x_wconf 90' lang='lat' dir='ltr'>quo</span> <span class='ocrx_word' id='word_1_202' title='bbox 623 1873 757 1900; x_wconf 88' lang='lat' dir='ltr'>tamen</span> <span class='ocrx_word' id='word_1_203' title='bbox 802 1864 911 1898; x_wconf 86' lang='lat' dir='ltr'>Jesus</span> <span class='ocrx_word' id='word_1_204' title='bbox 956 1873 1037 1897; x_wconf 88' lang='lat' dir='ltr'>non</span> <span class='ocrx_word' id='word_1_205' title='bbox 1081 1858 1260 1896; x_wconf 88' lang='lat' dir='ltr'>ascendit</span> <span class='ocrx_word' id='word_1_206' title='bbox 1299 1856 1594 1898; x_wconf 79' lang='lat' dir='ltr'>Jerosolimam,</span> <span class='ocrx_word' id='word_1_207' title='bbox 1640 1855 1733 1904; x_wconf 84' lang='lat' dir='ltr'>quia</span> 
     </span>
     <span class='ocr_line' id='line_1_32' title="bbox 417 1912 1790 1969; baseline -0.009 -9"><span class='ocrx_word' id='word_1_208' title='bbox 417 1925 608 1960; x_wconf 88' lang='lat' dir='ltr'>habentes</span> <span class='ocrx_word' id='word_1_209' title='bbox 642 1920 832 1969; x_wconf 85' lang='lat' dir='ltr'>capitales</span> <span class='ocrx_word' id='word_1_210' title='bbox 866 1918 1104 1955; x_wconf 87' lang='lat' dir='ltr'>inimicicias</span> <span class='ocrx_word' id='word_1_211' title='bbox 1144 1918 1434 1953; x_wconf 82' lang='lat' dir='ltr'>excusabantur</span> <span class='ocrx_word' id='word_1_212' title='bbox 1473 1927 1494 1951; x_wconf 92' lang='lat' dir='ltr'>a</span> <span class='ocrx_word' id='word_1_213' title='bbox 1534 1912 1790 1961; x_wconf 78' lang='lat' dir='ltr'>compari-25</span> 
     </span>
     <span class='ocr_line' id='line_1_33' title="bbox 418 1971 1734 2022; baseline -0.009 -4"><span class='ocrx_word' id='word_1_214' title='bbox 418 1982 532 2019; x_wconf 91' lang='lat' dir='ltr'>cione</span> <span class='ocrx_word' id='word_1_215' title='bbox 572 1992 707 2017; x_wconf 83' lang='lat' dir='ltr'>coram</span> <span class='ocrx_word' id='word_1_216' title='bbox 742 1977 916 2014; x_wconf 92' lang='lat' dir='ltr'>Domino</span> <span class='ocrx_word' id='word_1_217' title='bbox 949 1976 1018 2013; x_wconf 90' lang='lat' dir='ltr'>tali</span> <span class='ocrx_word' id='word_1_218' title='bbox 1052 1976 1163 2012; x_wconf 88' lang='lat' dir='ltr'>festo.</span> <span class='ocrx_word' id='word_1_219' title='bbox 1198 1976 1246 2010; x_wconf 86' lang='lat' dir='ltr'>Et</span> <span class='ocrx_word' id='word_1_220' title='bbox 1279 1983 1411 2022; x_wconf 86' lang='lat' dir='ltr'>preter</span> <span class='ocrx_word' id='word_1_221' title='bbox 1444 1974 1519 2009; x_wconf 91' lang='lat' dir='ltr'>hoc</span> <span class='ocrx_word' id='word_1_222' title='bbox 1554 1971 1734 2008; x_wconf 87' lang='lat' dir='ltr'>Christus</span> 
     </span>
     <span class='ocr_line' id='line_1_34' title="bbox 418 2031 1732 2083; baseline -0.009 -7"><span class='ocrx_word' id='word_1_223' title='bbox 418 2039 592 2076; x_wconf 84' lang='lat' dir='ltr'>ostendit</span> <span class='ocrx_word' id='word_1_224' title='bbox 625 2050 665 2073; x_wconf 91' lang='lat' dir='ltr'>se</span> <span class='ocrx_word' id='word_1_225' title='bbox 699 2049 782 2072; x_wconf 84' lang='lat' dir='ltr'>esse</span> <span class='ocrx_word' id='word_1_226' title='bbox 805 2048 926 2083; x_wconf 86' lang='lat' dir='ltr'>supra</span> <span class='ocrx_word' id='word_1_227' title='bbox 949 2035 1075 2082; x_wconf 83' lang='lat' dir='ltr'>legem</span> <span class='ocrx_word' id='word_1_228' title='bbox 1101 2034 1320 2069; x_wconf 85' lang='lat' dir='ltr'>secundum</span> <span class='ocrx_word' id='word_1_229' title='bbox 1346 2031 1521 2079; x_wconf 88' lang='lat' dir='ltr'>priorem</span> <span class='ocrx_word' id='word_1_230' title='bbox 1546 2038 1732 2066; x_wconf 87' lang='lat' dir='ltr'>naturam</span> 
     </span>
     <span class='ocr_line' id='line_1_35' title="bbox 419 2089 1734 2143; baseline -0.008 -10"><span class='ocrx_word' id='word_1_231' title='bbox 419 2107 455 2134; x_wconf 84' lang='lat' dir='ltr'>et</span> <span class='ocrx_word' id='word_1_232' title='bbox 479 2097 669 2133; x_wconf 90' lang='lat' dir='ltr'>innuebat</span> <span class='ocrx_word' id='word_1_233' title='bbox 703 2094 810 2143; x_wconf 90' lang='lat' dir='ltr'>quod</span> <span class='ocrx_word' id='word_1_234' title='bbox 844 2091 1128 2129; x_wconf 86' lang='lat' dir='ltr'>ceremonialia</span> <span class='ocrx_word' id='word_1_235' title='bbox 1160 2100 1293 2127; x_wconf 73' lang='lat' dir='ltr'>vetera</span> <span class='ocrx_word' id='word_1_236' title='bbox 1327 2101 1481 2126; x_wconf 88' lang='lat' dir='ltr'>cessare</span> <span class='ocrx_word' id='word_1_237' title='bbox 1514 2089 1734 2124; x_wconf 89' lang='lat' dir='ltr'>debuerant</span> 
     </span>
     <span class='ocr_line' id='line_1_36' title="bbox 418 2145 1735 2203; baseline -0.01 -11"><span class='ocrx_word' id='word_1_238' title='bbox 418 2166 625 2203; x_wconf 86' lang='lat' dir='ltr'>tamquam</span> <span class='ocrx_word' id='word_1_239' title='bbox 660 2151 832 2200; x_wconf 85' lang='lat' dir='ltr'>amplius</span> <span class='ocrx_word' id='word_1_240' title='bbox 856 2150 1025 2187; x_wconf 86' lang='lat' dir='ltr'>inutilia.</span> <span class='ocrx_word' id='word_1_241' title='bbox 1056 2150 1105 2185; x_wconf 83' lang='lat' dir='ltr'>Et</span> <span class='ocrx_word' id='word_1_242' title='bbox 1127 2149 1355 2197; x_wconf 81' lang='lat' dir='ltr'>sequebatur</span> <span class='ocrx_word' id='word_1_243' title='bbox 1374 2147 1501 2183; x_wconf 80' lang='lat' dir='ltr'>Jesum</span> <span class='ocrx_word' id='word_1_244' title='bbox 1532 2145 1735 2181; x_wconf 79' lang='lat' dir='ltr'>multitudo</span> 
     </span>
     <span class='ocr_line' id='line_1_37' title="bbox 414 2202 1794 2264; baseline -0.009 -15"><span class='ocrx_word' id='word_1_245' title='bbox 414 2213 552 2264; x_wconf 81' lang='lat' dir='ltr'>populi</span> <span class='ocrx_word' id='word_1_246' title='bbox 589 2219 754 2260; x_wconf 88' lang='lat' dir='ltr'>propter</span> <span class='ocrx_word' id='word_1_247' title='bbox 794 2218 967 2258; x_wconf 88' lang='lat' dir='ltr'>quatuor</span> <span class='ocrx_word' id='word_1_248' title='bbox 1007 2220 1098 2255; x_wconf 85' lang='lat' dir='ltr'>sepe</span> <span class='ocrx_word' id='word_1_249' title='bbox 1138 2206 1257 2251; x_wconf 75' lang='lat' dir='ltr'>dicta,</span> <span class='ocrx_word' id='word_1_250' title='bbox 1297 2204 1447 2241; x_wconf 88' lang='lat' dir='ltr'>scilicet</span> <span class='ocrx_word' id='word_1_251' title='bbox 1481 2212 1645 2251; x_wconf 83' lang='lat' dir='ltr'>propter</span> <span class='ocrx_word' id='word_1_252' title='bbox 1677 2202 1735 2238; x_wconf 89' lang='lat' dir='ltr'>in-</span> <span class='ocrx_word' id='word_1_253' title='bbox 1751 2202 1794 2234; x_wconf 87' lang='lat'>30</span> 
     </span>
     <span class='ocr_line' id='line_1_38' title="bbox 420 2260 1736 2314; baseline -0.009 -7"><span class='ocrx_word' id='word_1_254' title='bbox 420 2270 650 2307; x_wconf 88' lang='lat' dir='ltr'>firmitatem</span> <span class='ocrx_word' id='word_1_255' title='bbox 691 2269 926 2309; x_wconf 81' lang='lat' dir='ltr'>sanandam,</span> <span class='ocrx_word' id='word_1_256' title='bbox 974 2274 1138 2314; x_wconf 83' lang='lat' dir='ltr'>propter</span> <span class='ocrx_word' id='word_1_257' title='bbox 1178 2262 1378 2299; x_wconf 87' lang='lat' dir='ltr'>miseriam</span> <span class='ocrx_word' id='word_1_258' title='bbox 1420 2260 1600 2309; x_wconf 87' lang='lat' dir='ltr'>corporis</span> <span class='ocrx_word' id='word_1_259' title='bbox 1639 2261 1736 2296; x_wconf 89' lang='lat' dir='ltr'>rele-</span> 
     </span>
     <span class='ocr_line' id='line_1_39' title="bbox 420 2319 1737 2374; baseline -0.009 -9"><span class='ocrx_word' id='word_1_260' title='bbox 420 2329 606 2372; x_wconf 74' lang='lat' dir='ltr'>vandam,</span> <span class='ocrx_word' id='word_1_261' title='bbox 652 2334 817 2374; x_wconf 86' lang='lat' dir='ltr'>propter</span> <span class='ocrx_word' id='word_1_262' title='bbox 855 2324 1116 2360; x_wconf 88' lang='lat' dir='ltr'>subtilitatem</span> <span class='ocrx_word' id='word_1_263' title='bbox 1159 2320 1341 2358; x_wconf 88' lang='lat' dir='ltr'>miraculi</span> <span class='ocrx_word' id='word_1_264' title='bbox 1379 2319 1660 2356; x_wconf 85' lang='lat' dir='ltr'>admirandam</span> <span class='ocrx_word' id='word_1_265' title='bbox 1701 2326 1737 2354; x_wconf 86' lang='lat' dir='ltr'>et</span> 
     </span>
     <span class='ocr_line' id='line_1_40' title="bbox 422 2377 1737 2435; baseline -0.009 -12"><span class='ocrx_word' id='word_1_266' title='bbox 422 2394 587 2435; x_wconf 84' lang='lat' dir='ltr'>propter</span> <span class='ocrx_word' id='word_1_267' title='bbox 619 2385 831 2420; x_wconf 89' lang='lat' dir='ltr'>verborum</span> <span class='ocrx_word' id='word_1_268' title='bbox 863 2382 1009 2419; x_wconf 85' lang='lat' dir='ltr'>Christi</span> <span class='ocrx_word' id='word_1_269' title='bbox 1045 2379 1317 2428; x_wconf 80' lang='lat' dir='ltr'>ingruenciam</span> <span class='ocrx_word' id='word_1_270' title='bbox 1353 2377 1737 2426; x_wconf 84' lang='lat' dir='ltr'>reprehendendam.</span> 
     </span>
    </p>
   </div>
   <div class='ocr_carea' id='block_1_8' title="bbox 1758 1438 1840 1516">
    <p class='ocr_par' dir='ltr' id='par_1_9' title="bbox 1758 1438 1840 1516">
     <span class='ocr_line' id='line_1_41' title="bbox 1758 1438 1831 1469; baseline 0.014 -1"><span class='ocrx_word' id='word_1_271' title='bbox 1758 1438 1831 1469; x_wconf 86' lang='lat' dir='ltr'>Fol.</span> 
     </span>
     <span class='ocr_line' id='line_1_42' title="bbox 1765 1483 1840 1516; baseline 0 -1"><span class='ocrx_word' id='word_1_272' title='bbox 1765 1483 1840 1516; x_wconf 69' lang='lat'>156⁰</span> 
     </span>
    </p>
   </div>
   <div class='ocr_carea' id='block_1_9' title="bbox 422 2486 1743 2803">
    <p class='ocr_par' dir='ltr' id='par_1_10' title="bbox 422 2486 1743 2741">
     <span class='ocr_line' id='line_1_43' title="bbox 493 2486 1740 2528; baseline -0.01 -3"><span class='ocrx_word' id='word_1_273' title='bbox 493 2507 512 2525; x_wconf 88' lang='lat'>1.</span> <span class='ocrx_word' id='word_1_274' title='bbox 537 2498 580 2524; x_wconf 83' lang='lat' dir='ltr'>A:</span> <span class='ocrx_word' id='word_1_275' title='bbox 610 2495 774 2522; x_wconf 55' lang='lat' dir='ltr'>nonderant</span> <span class='ocrx_word' id='word_1_276' title='bbox 795 2493 860 2523; x_wconf 78' lang='lat' dir='ltr'>cui:</span> <span class='ocrx_word' id='word_1_277' title='bbox 882 2492 1019 2528; x_wconf 75' lang='lat' dir='ltr'>sequitur</span> <span class='ocrx_word' id='word_1_278' title='bbox 1039 2492 1162 2520; x_wconf 83' lang='lat' dir='ltr'>lacuna:</span> <span class='ocrx_word' id='word_1_279' title='bbox 1193 2490 1232 2517; x_wconf 86' lang='lat' dir='ltr'>ib.</span> <span class='ocrx_word' id='word_1_280' title='bbox 1255 2489 1295 2517; x_wconf 89' lang='lat' dir='ltr'>C:</span> <span class='ocrx_word' id='word_1_281' title='bbox 1317 2489 1369 2516; x_wconf 76' lang='lat' dir='ltr'>Ille</span> <span class='ocrx_word' id='word_1_282' title='bbox 1389 2496 1471 2523; x_wconf 76' lang='lat' dir='ltr'>ergo.</span> <span class='ocrx_word' id='word_1_283' title='bbox 1576 2487 1599 2514; x_wconf 84' lang='lat'>5.</span> <span class='ocrx_word' id='word_1_284' title='bbox 1621 2488 1664 2514; x_wconf 84' lang='lat' dir='ltr'>A:</span> <span class='ocrx_word' id='word_1_285' title='bbox 1686 2486 1740 2513; x_wconf 84' lang='lat' dir='ltr'>toti</span> 
     </span>
     <span class='ocr_line' id='line_1_44' title="bbox 422 2521 1741 2567; baseline -0.01 -7"><span class='ocrx_word' id='word_1_286' title='bbox 422 2534 515 2560; x_wconf 78' lang='lat' dir='ltr'>deest.</span> <span class='ocrx_word' id='word_1_287' title='bbox 555 2540 580 2567; x_wconf 88' lang='lat'>7.</span> <span class='ocrx_word' id='word_1_288' title='bbox 643 2530 672 2557; x_wconf 87' lang='lat' dir='ltr'>in</span> <span class='ocrx_word' id='word_1_289' title='bbox 694 2537 807 2556; x_wconf 55' lang='lat' dir='ltr'>maru:</span> <span class='ocrx_word' id='word_1_290' title='bbox 831 2528 878 2555; x_wconf 79' lang='lat' dir='ltr'>Ad</span> <span class='ocrx_word' id='word_1_291' title='bbox 900 2527 971 2561; x_wconf 82' lang='lat' dir='ltr'>quid</span> <span class='ocrx_word' id='word_1_292' title='bbox 993 2526 1114 2561; x_wconf 82' lang='lat' dir='ltr'>loquela</span> <span class='ocrx_word' id='word_1_293' title='bbox 1134 2526 1222 2552; x_wconf 85' lang='lat' dir='ltr'>datur</span> <span class='ocrx_word' id='word_1_294' title='bbox 1243 2524 1346 2553; x_wconf 82' lang='lat' dir='ltr'>nobis:</span> <span class='ocrx_word' id='word_1_295' title='bbox 1372 2524 1411 2550; x_wconf 83' lang='lat' dir='ltr'>ib.</span> <span class='ocrx_word' id='word_1_296' title='bbox 1428 2524 1455 2550; x_wconf 76' lang='lat' dir='ltr'><strong>A</strong></span> <span class='ocrx_word' id='word_1_297' title='bbox 1476 2522 1504 2549; x_wconf 83' lang='lat' dir='ltr'>iu</span> <span class='ocrx_word' id='word_1_298' title='bbox 1528 2530 1640 2556; x_wconf 59' lang='lat' dir='ltr'>marg:</span> <span class='ocrx_word' id='word_1_299' title='bbox 1661 2521 1741 2548; x_wconf 83' lang='lat' dir='ltr'>Nota</span> 
     </span>
     <span class='ocr_line' id='line_1_45' title="bbox 424 2538 1741 2603; baseline -0.011 -8"><span class='ocrx_word' id='word_1_300' title='bbox 424 2568 506 2603; x_wconf 80' lang='lat' dir='ltr'>quod</span> <span class='ocrx_word' id='word_1_301' title='bbox 529 2572 573 2595; x_wconf 83' lang='lat' dir='ltr'>est</span> <span class='ocrx_word' id='word_1_302' title='bbox 595 2538 836 2599; x_wconf 52' lang='lat' dir='ltr'>dampnabilis-,31</span> <span class='ocrx_word' id='word_1_303' title='bbox 858 2562 973 2589; x_wconf 84' lang='lat' dir='ltr'>idioma</span> <span class='ocrx_word' id='word_1_304' title='bbox 994 2561 1139 2587; x_wconf 85' lang='lat' dir='ltr'>naturale.</span> <span class='ocrx_word' id='word_1_305' title='bbox 1222 2568 1249 2595; x_wconf 80' lang='lat'>9.</span> <span class='ocrx_word' id='word_1_306' title='bbox 1271 2560 1315 2586; x_wconf 79' lang='lat' dir='ltr'>A:</span> <span class='ocrx_word' id='word_1_307' title='bbox 1338 2559 1441 2585; x_wconf 69' lang='lat' dir='ltr'>verbo.</span> <span class='ocrx_word' id='word_1_308' title='bbox 1526 2565 1558 2583; x_wconf 81' lang='lat'>11.</span> <span class='ocrx_word' id='word_1_309' title='bbox 1581 2557 1624 2583; x_wconf 87' lang='lat' dir='ltr'>A:</span> <span class='ocrx_word' id='word_1_310' title='bbox 1647 2564 1741 2591; x_wconf 71' lang='lat' dir='ltr'>pravo</span> 
     </span>
     <span class='ocr_line' id='line_1_46' title="bbox 424 2591 1742 2637; baseline -0.011 -7"><span class='ocrx_word' id='word_1_311' title='bbox 424 2603 516 2629; x_wconf 67' lang='lat' dir='ltr'>verbo</span> <span class='ocrx_word' id='word_1_312' title='bbox 546 2598 742 2637; x_wconf 80' lang='lat' dir='ltr'>percusserit.</span> <span class='ocrx_word' id='word_1_313' title='bbox 853 2597 889 2624; x_wconf 80' lang='lat'>15.</span> <span class='ocrx_word' id='word_1_314' title='bbox 921 2597 947 2623; x_wconf 84' lang='lat' dir='ltr'><strong>A</strong></span> <span class='ocrx_word' id='word_1_315' title='bbox 974 2596 1003 2622; x_wconf 85' lang='lat' dir='ltr'>in</span> <span class='ocrx_word' id='word_1_316' title='bbox 1032 2603 1146 2630; x_wconf 76' lang='lat' dir='ltr'>marg.:</span> <span class='ocrx_word' id='word_1_317' title='bbox 1169 2596 1278 2623; x_wconf 74' lang='lat' dir='ltr'>Sermo</span> <span class='ocrx_word' id='word_1_318' title='bbox 1304 2593 1373 2621; x_wconf 75' lang='lat' dir='ltr'>xxi</span> <span class='ocrx_word' id='word_1_319' title='bbox 1399 2592 1428 2619; x_wconf 83' lang='lat' dir='ltr'>in</span> <span class='ocrx_word' id='word_1_320' title='bbox 1455 2591 1609 2618; x_wconf 82' lang='lat' dir='ltr'>dominica</span> <span class='ocrx_word' id='word_1_321' title='bbox 1635 2594 1742 2625; x_wconf 80' lang='lat' dir='ltr'>quarta</span> 
     </span>
     <span class='ocr_line' id='line_1_47' title="bbox 427 2625 1741 2672; baseline -0.011 -7"><span class='ocrx_word' id='word_1_322' title='bbox 427 2635 690 2672; x_wconf 72' lang='lat' dir='ltr'>Quadragesime:</span> <span class='ocrx_word' id='word_1_323' title='bbox 730 2631 753 2660; x_wconf 92' lang='lat' dir='ltr'>C</span> <span class='ocrx_word' id='word_1_324' title='bbox 782 2632 811 2659; x_wconf 89' lang='lat' dir='ltr'>i11</span> <span class='ocrx_word' id='word_1_325' title='bbox 839 2640 952 2665; x_wconf 63' lang='lat' dir='ltr'>marg:</span> <span class='ocrx_word' id='word_1_326' title='bbox 975 2630 1138 2657; x_wconf 75' lang='lat' dir='ltr'>Dominica</span> <span class='ocrx_word' id='word_1_327' title='bbox 1158 2630 1198 2657; x_wconf 90' lang='lat' dir='ltr'>IV</span> <span class='ocrx_word' id='word_1_328' title='bbox 1222 2627 1476 2663; x_wconf 82' lang='lat' dir='ltr'>Quadragesime.</span> <span class='ocrx_word' id='word_1_329' title='bbox 1567 2625 1609 2655; x_wconf 75' lang='lat'>16,</span> <span class='ocrx_word' id='word_1_330' title='bbox 1632 2633 1670 2660; x_wconf 83' lang='lat'>17.</span> <span class='ocrx_word' id='word_1_331' title='bbox 1696 2625 1741 2651; x_wconf 85' lang='lat' dir='ltr'>A:</span> 
     </span>
     <span class='ocr_line' id='line_1_48' title="bbox 425 2659 1741 2700; baseline -0.011 0"><span class='ocrx_word' id='word_1_332' title='bbox 425 2671 574 2700; x_wconf 79' lang='lat' dir='ltr'>Sermone</span> <span class='ocrx_word' id='word_1_333' title='bbox 594 2669 662 2697; x_wconf 87' lang='lat' dir='ltr'><strong>VII.</strong></span> <span class='ocrx_word' id='word_1_334' title='bbox 729 2667 769 2695; x_wconf 86' lang='lat'>18.</span> <span class='ocrx_word' id='word_1_335' title='bbox 789 2668 834 2695; x_wconf 87' lang='lat' dir='ltr'>A:</span> <span class='ocrx_word' id='word_1_336' title='bbox 855 2664 1043 2693; x_wconf 75' lang='lat' dir='ltr'>Tibariadis.</span> <span class='ocrx_word' id='word_1_337' title='bbox 1111 2665 1154 2694; x_wconf 81' lang='lat'>25,</span> <span class='ocrx_word' id='word_1_338' title='bbox 1176 2663 1222 2691; x_wconf 83' lang='lat'>26.</span> <span class='ocrx_word' id='word_1_339' title='bbox 1243 2664 1287 2691; x_wconf 88' lang='lat' dir='ltr'>A:</span> <span class='ocrx_word' id='word_1_340' title='bbox 1310 2663 1346 2689; x_wconf 83' lang='lat' dir='ltr'>ab</span> <span class='ocrx_word' id='word_1_341' title='bbox 1367 2660 1550 2697; x_wconf 83' lang='lat' dir='ltr'>apericione.</span> <span class='ocrx_word' id='word_1_342' title='bbox 1632 2667 1675 2694; x_wconf 83' lang='lat'>27.</span> <span class='ocrx_word' id='word_1_343' title='bbox 1697 2659 1741 2686; x_wconf 92' lang='lat' dir='ltr'>A:</span> 
     </span>
     <span class='ocr_line' id='line_1_49' title="bbox 425 2694 1743 2741; baseline -0.011 -8"><span class='ocrx_word' id='word_1_344' title='bbox 425 2706 502 2733; x_wconf 85' lang='lat' dir='ltr'>sicut</span> <span class='ocrx_word' id='word_1_345' title='bbox 531 2705 675 2741; x_wconf 83' lang='lat' dir='ltr'>priorem.</span> <span class='ocrx_word' id='word_1_346' title='bbox 753 2709 800 2737; x_wconf 85' lang='lat'>29.</span> <span class='ocrx_word' id='word_1_347' title='bbox 822 2702 849 2728; x_wconf 90' lang='lat' dir='ltr'><strong>A</strong></span> <span class='ocrx_word' id='word_1_348' title='bbox 877 2700 906 2727; x_wconf 83' lang='lat' dir='ltr'>in</span> <span class='ocrx_word' id='word_1_349' title='bbox 934 2707 1049 2733; x_wconf 54' lang='lat' dir='ltr'>marg:</span> <span class='ocrx_word' id='word_1_350' title='bbox 1078 2698 1241 2726; x_wconf 81' lang='lat' dir='ltr'>Multitudo</span> <span class='ocrx_word' id='word_1_351' title='bbox 1271 2696 1406 2731; x_wconf 82' lang='lat' dir='ltr'>sequitur</span> <span class='ocrx_word' id='word_1_352' title='bbox 1433 2694 1590 2722; x_wconf 85' lang='lat' dir='ltr'>Christum</span> <span class='ocrx_word' id='word_1_353' title='bbox 1619 2697 1743 2728; x_wconf 79' lang='lat' dir='ltr'>propter</span> 
     </span>
    </p>

    <p class='ocr_par' dir='ltr' id='par_1_11' title="bbox 431 2728 1741 2803">
     <span class='ocr_line' id='line_1_50' title="bbox 449 2728 1741 2771; baseline -0.011 -4"><span class='ocrx_word' id='word_1_354' title='bbox 449 2746 567 2768; x_wconf 85' lang='lat' dir='ltr'>uatuor.</span> <span class='ocrx_word' id='word_1_355' title='bbox 677 2738 717 2771; x_wconf 81' lang='lat'>31,</span> <span class='ocrx_word' id='word_1_356' title='bbox 738 2736 781 2765; x_wconf 85' lang='lat'>32.</span> <span class='ocrx_word' id='word_1_357' title='bbox 809 2736 853 2763; x_wconf 91' lang='lat' dir='ltr'>A:</span> <span class='ocrx_word' id='word_1_358' title='bbox 881 2733 1088 2761; x_wconf 68' lang='lat' dir='ltr'>revelandum.</span> <span class='ocrx_word' id='word_1_359' title='bbox 1198 2732 1240 2760; x_wconf 81' lang='lat'>32.</span> <span class='ocrx_word' id='word_1_360' title='bbox 1263 2733 1306 2759; x_wconf 90' lang='lat' dir='ltr'>A:</span> <span class='ocrx_word' id='word_1_361' title='bbox 1335 2730 1485 2759; x_wconf 89' lang='lat' dir='ltr'>mirabili:</span> <span class='ocrx_word' id='word_1_362' title='bbox 1523 2729 1544 2756; x_wconf 81' lang='lat' dir='ltr'>B</span> <span class='ocrx_word' id='word_1_363' title='bbox 1572 2728 1601 2755; x_wconf 85' lang='lat' dir='ltr'>in</span> <span class='ocrx_word' id='word_1_364' title='bbox 1629 2736 1741 2762; x_wconf 57' lang='lat' dir='ltr'>marg:</span> 
     </span>
     <span class='ocr_line' id='line_1_51' title="bbox 431 2762 1702 2803; baseline -0.011 0"><span class='ocrx_word' id='word_1_365' title='bbox 431 2775 588 2803; x_wconf 63' lang='lat' dir='ltr'>(An-istum</span> <span class='ocrx_word' id='word_1_366' title='bbox 610 2773 685 2800; x_wconf 66' lang='lat' dir='ltr'>rarii</span> <span class='ocrx_word' id='word_1_367' title='bbox 706 2770 800 2799; x_wconf 77' lang='lat' dir='ltr'>variis</span> <span class='ocrx_word' id='word_1_368' title='bbox 820 2770 856 2797; x_wconf 84' lang='lat' dir='ltr'>de</span> <span class='ocrx_word' id='word_1_369' title='bbox 876 2768 977 2796; x_wconf 77' lang='lat' dir='ltr'>causis</span> <span class='ocrx_word' id='word_1_370' title='bbox 999 2769 1214 2803; x_wconf 75' lang='lat' dir='ltr'>sequebantur.</span> <span class='ocrx_word' id='word_1_371' title='bbox 1289 2765 1331 2794; x_wconf 80' lang='lat'>33.</span> <span class='ocrx_word' id='word_1_372' title='bbox 1352 2766 1396 2793; x_wconf 90' lang='lat' dir='ltr'>A:</span> <span class='ocrx_word' id='word_1_373' title='bbox 1419 2762 1702 2798; x_wconf 81' lang='lat' dir='ltr'>incongruenciam.</span> 
     </span>
    </p>
   </div>
   <div class='ocr_carea' id='block_1_10' title="bbox 425 2822 1744 2969">
    <p class='ocr_par' dir='ltr' id='par_1_12' title="bbox 425 2822 1744 2969">
     <span class='ocr_line' id='line_1_52' title="bbox 502 2822 1744 2875; baseline -0.01 -9"><span class='ocrx_word' id='word_1_374' title='bbox 502 2845 552 2875; x_wconf 82' lang='lat'>¹4·</span> <span class='ocrx_word' id='word_1_375' title='bbox 579 2833 630 2865; x_wconf 89' lang='lat' dir='ltr'>Cf.</span> <span class='ocrx_word' id='word_1_376' title='bbox 660 2830 822 2874; x_wconf 80' lang='lat' dir='ltr'>Wyclif&#39;s</span> <span class='ocrx_word' id='word_1_377' title='bbox 849 2830 1018 2861; x_wconf 86' lang='lat' dir='ltr'>Sermons</span> <span class='ocrx_word' id='word_1_378' title='bbox 1044 2830 1098 2861; x_wconf 90' lang='lat' dir='ltr'>ed.</span> <span class='ocrx_word' id='word_1_379' title='bbox 1127 2829 1170 2871; x_wconf 87' lang='lat' dir='ltr'>by</span> <span class='ocrx_word' id='word_1_380' title='bbox 1198 2827 1329 2858; x_wconf 77' lang='lat' dir='ltr'>Arnold</span> <span class='ocrx_word' id='word_1_381' title='bbox 1358 2827 1383 2867; x_wconf 88' lang='lat'>1,</span> <span class='ocrx_word' id='word_1_382' title='bbox 1415 2834 1488 2857; x_wconf 87' lang='lat'>120.</span> <span class='ocrx_word' id='word_1_383' title='bbox 1578 2834 1628 2865; x_wconf 82' lang='lat'>¹7·</span> <span class='ocrx_word' id='word_1_384' title='bbox 1656 2822 1744 2854; x_wconf 85' lang='lat' dir='ltr'>Vide</span> 
     </span>
     <span class='ocr_line' id='line_1_53' title="bbox 427 2867 1742 2914; baseline -0.011 -1"><span class='ocrx_word' id='word_1_385' title='bbox 427 2881 528 2913; x_wconf 80' lang='lat' dir='ltr'>infra:</span> <span class='ocrx_word' id='word_1_386' title='bbox 558 2880 614 2914; x_wconf 86' lang='lat' dir='ltr'>Nr.</span> <span class='ocrx_word' id='word_1_387' title='bbox 645 2878 786 2911; x_wconf 89' lang='lat' dir='ltr'>XXXIX</span> <span class='ocrx_word' id='word_1_388' title='bbox 814 2876 879 2908; x_wconf 86' lang='lat' dir='ltr'>and</span> <span class='ocrx_word' id='word_1_389' title='bbox 908 2876 1014 2907; x_wconf 87' lang='lat' dir='ltr'>LVIl.</span> <span class='ocrx_word' id='word_1_390' title='bbox 1066 2885 1119 2907; x_wconf 85' lang='lat'>20.</span> <span class='ocrx_word' id='word_1_391' title='bbox 1147 2874 1199 2906; x_wconf 92' lang='lat' dir='ltr'>Cf.</span> <span class='ocrx_word' id='word_1_392' title='bbox 1226 2873 1370 2904; x_wconf 83' lang='lat' dir='ltr'>Hieron.</span> <span class='ocrx_word' id='word_1_393' title='bbox 1391 2872 1527 2904; x_wconf 87' lang='lat' dir='ltr'>Comm.</span> <span class='ocrx_word' id='word_1_394' title='bbox 1554 2868 1585 2900; x_wconf 77' lang='lat' dir='ltr'>in</span> <span class='ocrx_word' id='word_1_395' title='bbox 1619 2867 1742 2900; x_wconf 83' lang='lat' dir='ltr'>Ezech.</span> 
     </span>
     <span class='ocr_line' id='line_1_54' title="bbox 425 2921 872 2969; baseline -0.011 -10"><span class='ocrx_word' id='word_1_396' title='bbox 425 2928 518 2968; x_wconf 75' lang='lat' dir='ltr'>XIV,</span> <span class='ocrx_word' id='word_1_397' title='bbox 545 2937 598 2969; x_wconf 85' lang='lat'>47.</span> <span class='ocrx_word' id='word_1_398' title='bbox 628 2926 700 2956; x_wconf 72' lang='lat' dir='ltr'>vol.</span> <span class='ocrx_word' id='word_1_399' title='bbox 726 2925 768 2964; x_wconf 86' lang='lat' dir='ltr'>V,</span> <span class='ocrx_word' id='word_1_400' title='bbox 794 2921 872 2955; x_wconf 74' lang='lat'>612.</span> 
     </span>
    </p>
   </div>
  </div>
 </body>
</html>
