2017 3353
179 265 254 301 308
761 261 985 293 JOHANNIS
1006 260 1191 294 WYCLIF
1211 260 1466 293 SERMONUM
1501 246 1651 305 [SERMO
1673 256 1780 285 XLVI·

464 370 591 403 Deum
625 376 662 402 et
694 379 765 415 per
798 379 1045 416 consequens
1077 366 1244 403 infertur
1278 369 1360 403 Deo
1400 366 1556 403 iniuria.
1613 365 1652 401 Si
1686 377 1779 412 ergo

463 424 550 474 quis
583 425 686 461 tollit
718 434 942 473 peccatum,
982 425 1218 472 simpliciter
1261 424 1429 460 absolvit
1462 437 1484 460 a
1518 423 1587 460 Dei
1622 422 1780 459 iniuria.

464 486 511 519 Et
544 483 676 519 minor
708 485 902 531 probatur
935 496 979 519 ex
1012 484 1086 518 hoc
1121 484 1228 531 quod
1264 482 1471 531 proprium
1498 491 1554 518 est
1579 484 1662 517 Deo
1696 478 1779 533 1·e-{
1809 469 1886 534 Fmolg,

465 541 622 577 mittere
666 542 726 577 vel
771 542 922 577 donare
965 553 1077 577 suam
1119 540 1319 577 iniuriam.
1369 541 1434 576 Sic
1471 540 1575 576 enim
1617 521 1870 588 quilibetIlo

466 599 704 636 christianus
739 608 921 635 movetur
953 612 975 635 a
1004 601 1086 635 Deo
1119 612 1231 635 suam
1267 598 1454 635 iniuriam
1489 597 1702 640 dimittere,
1737 602 1817 634 eo5

466 658 574 707 quod
597 669 715 693 nemo
748 665 880 705 potest
913 669 1003 693 cum
1038 657 1117 693 alio
1146 656 1185 692 in
1209 656 1277 693 tali
1303 656 1537 692 dimissione
1561 654 1784 692 communi-

467 728 569 752 care.
605 717 709 763 Ergo
743 716 870 751 multo
903 715 1029 763 magis
1061 727 1181 751 nemo
1215 723 1345 763 potest
1369 714 1670 751 communicare
1694 725 1784 749 cum

179 793 307 828 lnjuries
333 790 451 828 against
467 776 564 818 Deo,
604 772 844 809 dimittendo
879 772 949 809 Dei
989 772 1190 809 iniuriam.
1239 774 1332 809 Ideo
1370 772 1489 808 nimis
1522 784 1658 820 grosse
1692 783 1785 807 con-

202 826 430 890 sfflffffvggssossfv
467 831 619 880 cipiunt
659 830 726 879 qui
765 831 1030 867 fantasiantur
1068 831 1176 878 quod
1209 833 1313 867 Deus
1353 830 1626 867 communicat
1657 841 1786 865 sacer-

251 884 267 897 Β
413 892 421 896 μ

243 898 279 932 by
303 896 385 924 Him.
468 889 551 925 doti
584 897 825 936 potestatem
860 888 1037 925 donandi
1070 889 1131 925 vel
1169 888 1397 924 dimittendi
1435 901 1549 925 suam
1583 887 1784 931 iniuriam,
1806 903 1844 923 10

469 947 562 996 quia
594 947 724 982 solum
758 946 1033 983 communicat
1067 955 1248 982 creature
1281 945 1465 982 acciones
1505 959 1581 995 que
1620 953 1787 993 possunt

469 1017 552 1042 esse
589 1004 663 1041 sibi
696 1004 872 1053 proprie,
911 1013 953 1040 ut
996 1012 1105 1053 patet
1140 1005 1187 1040 de
1219 1004 1407 1052 operibus
1441 1003 1718 1052 corporalibus
1751 1011 1787 1038 et

469 1063 623 1100 actibus
657 1062 803 1109 anime,
837 1063 906 1099 sed
938 1063 994 1099 sic
1028 1064 1179 1098 donare
1211 1063 1271 1099 vel
1304 1062 1505 1098 dimittere
1530 1061 1600 1098 Dei
1623 1060 1788 1096 iniurias

469 1134 550 1157 non
590 1129 646 1157 est
685 1129 796 1157 actus
836 1120 1078 1166 huiusmodi,
1123 1120 1212 1156 ideo
1248 1133 1329 1156 non
1363 1129 1419 1156 est
1452 1117 1790 1156 communicabile

470 1188 664 1216 creature.
719 1177 760 1214 Si
804 1179 909 1215 enim
949 1179 1123 1215 donatur
1161 1179 1221 1215 vel
1260 1178 1476 1214 dimittitur
1521 1177 1587 1213 illa
1632 1175 1847 1220 iniuria‚15

471 1247 564 1274 tunc
598 1239 704 1273 Deus
736 1236 863 1285 ipsam
900 1236 1077 1282 dimittit,
1118 1245 1154 1272 et
1194 1249 1282 1272 cum
1326 1236 1392 1272 illa
1426 1235 1605 1271 dimissio
1638 1234 1686 1270 sit
1720 1233 1791 1269 im-

471 1295 670 1344 partibilis
704 1303 741 1331 et
775 1295 974 1342 complete
1006 1295 1110 1331 facta
1143 1307 1166 1331 a
1199 1297 1296 1340 Deo,
1329 1294 1360 1330 si
1393 1293 1461 1340 sic,
1496 1293 1652 1330 videtur
1685 1292 1791 1340 quod

474 1354 754 1401 blasphemum
789 1362 846 1389 est
879 1361 1103 1389 creaturam
1139 1351 1414 1388 dimissionem
1448 1351 1556 1388 illam
1587 1350 1661 1387 sibi
1686 1363 1793 1386 assu-

194 1431 260 1459 The
283 1430 376 1466 priest
396 1429 451 1456 has
476 1423 596 1448 mere.
630 1413 711 1447 Nec
743 1411 846 1447 valet
880 1412 987 1459 quod
1020 1412 1226 1458 presbyter
1257 1409 1404 1446 vicarie
1437 1409 1601 1445 dimittit
1632 1408 1702 1444 Dei
1736 1407 1792 1443 in-

217 1465 430 1536 usiuj'jfgfl-siffoffi
476 1469 633 1515 iuriam,
663 1468 765 1504 sicut
791 1481 863 1505 nec
891 1469 1065 1517 baptisat
1087 1468 1261 1513 flamine,
1291 1467 1383 1516 quia
1405 1467 1470 1503 illa
1493 1466 1672 1503 dimissio
1700 1478 1789 1501 cum
1810 1481 1852 1504 20

208 1534 439 1570 soi-gisethem.
476 1528 525 1563 sit
558 1529 641 1563 Deo
686 1526 850 1574 propria
893 1539 974 1563 non
1019 1535 1076 1562 est
1120 1526 1258 1574 pocius
1303 1538 1424 1574 quam
1470 1525 1585 1561 dacio
1624 1523 1794 1572 Spiritus

478 1584 613 1622 Sancti
651 1585 712 1621 vel
744 1584 877 1632 gracie
913 1584 1072 1621 vicariis
1110 1584 1413 1621 committenda.
1448 1583 1545 1628 Quis
1578 1582 1682 1618 enim
1715 1593 1795 1617 non

478 1645 646 1680 abutens
678 1641 808 1690 logica
839 1642 973 1679 favens
1006 1643 1242 1690 blasphemo
1275 1643 1512 1678 concederet
1536 1641 1643 1689 quod
1677 1651 1797 1688 preco

478 1702 539 1737 vel
572 1700 754 1736 minister
793 1699 1013 1737 dimitteret
1050 1699 1238 1736 iniuriam
1279 1698 1433 1736 domini
1466 1698 1525 1735 sui
1558 1699 1619 1735 vel
1652 1698 1799 1734 faceret

480 1758 799 1795 misericordiam
833 1767 900 1795 aut
933 1760 1045 1795 daret
1080 1757 1455 1794 excellentissimum
1491 1758 1641 1793 donum
1669 1761 1856 1800 suum,25

480 1816 571 1853 licet
602 1816 829 1865 preconiset
860 1817 920 1853 vel
952 1816 1127 1865 publicet
1160 1815 1370 1852 dominum
1403 1814 1500 1851 illud
1535 1815 1653 1851 dare?
1698 1816 1798 1849 Nam

481 1875 520 1911 in
558 1874 706 1923 policia
744 1875 920 1911 humana
958 1874 1139 1911 minister
1176 1873 1405 1922 preconisat
1449 1872 1656 1909 dominum
1703 1871 1800 1907 illud

482 1933 596 1979 dare;
630 1941 780 1980 quanto
814 1932 939 1981 magis
968 1932 1008 1968 in
1030 1932 1237 1981 presencia
1260 1932 1331 1968 Dei
1355 1931 1502 1967 diceret
1526 1930 1608 1966 eius
1629 1928 1802 1966 vicarius

483 1993 610 2027 Deum
644 1990 743 2026 illud
767 1991 875 2027 dare.
908 1992 1053 2027 Ymmo
1086 1990 1126 2026 in
1159 1989 1313 2026 actibus
1347 1989 1624 2037 apostolorum
1657 1987 1802 2035 legitur

484 2050 591 2097 quod
625 2048 797 2096 apostoli
829 2061 911 2085 non
944 2049 1140 2085 dederunt
1172 2047 1365 2095 Spiritum
1391 2049 1581 2083 Sanctum
1617 2045 1800 2082 fidelibus
1817 2050 1859 2084 30

484 2108 551 2143 sed
575 2105 839 2155 imponebant
862 2119 1004 2143 manus
1027 2118 1145 2155 super
1168 2105 1256 2142 illos
1280 2114 1317 2142 et
1340 2104 1590 2153 accipiebant
1607 2103 1800 2152 Spiritum

224 2172 457 2211 masplicmous
486 2166 691 2201 Sanctum.
718 2165 795 2200 Sed
820 2164 939 2201 hodie
963 2164 1150 2201 dicuntur
1181 2163 1325 2212 prelati
1348 2171 1514 2210 peccata
1537 2162 1690 2203 tollere,
1715 2160 1801 2209 Spi-

210 2213 405 2277 Ρωὶξίἶῇῗζῖἓζ
424 2209 452 2232 ⁰¹
486 2222 606 2258 ritum
631 2223 823 2258 Sanctum
858 2223 965 2268 dare,
999 2231 1036 2258 et
1068 2230 1203 2258 tamen
1235 2229 1401 2270 peccata
1433 2228 1648 2268 gravantur
1676 2227 1713 2255 et
1737 2220 1801 2254 de—

487 2279 591 2328 cepti
635 2281 815 2316 nondum
856 2279 888 2317 si
921 2280 1092 2328 Spiritus
1125 2280 1294 2316 Sanctus
1334 2287 1390 2314 est
1430 2277 1676 2323 audiverant,
1711 2276 1804 2325 quia

488 2338 630 2386 prelati
665 2338 818 2385 fingunt
851 2339 958 2386 quod
992 2340 1096 2374 Deus
1130 2350 1220 2373 cum
1254 2336 1330 2372 illis
1364 2335 1514 2384 pepigit
1547 2336 1653 2384 quod
1686 2339 1860 2383 snper-25

490 2395 796 2444 quibuscunque
833 2395 945 2443 signa
983 2408 1053 2432 sua
1086 2403 1306 2443 posuerunt
1345 2395 1452 2442 quod
1491 2393 1545 2429 eis
1590 2393 1804 2437 assisteret,

490 2454 623 2490 dando
657 2452 850 2501 Spiritum
885 2455 1075 2489 Sanctum
1111 2462 1147 2489 et
1179 2452 1421 2488 remittendo
1458 2460 1642 2499 peccata;
1681 2459 1717 2486 et
1750 2450 1805 2486 sic

561 2577 588 2603 ὅ.
609 2575 687 2603 Ain
710 2583 823 2610 marg:
853 2574 933 2601 Nota
959 2575 995 2601 de
1022 2574 1203 2601 dimissione
1231 2579 1437 2609 peccatorum.
1482 2586 1485 2589 ·
1551 2594 1556 2600 .
1584 2573 1606 2600 Β
1634 2572 1663 2599 in
1692 2581 1787 2608 marg.

492 2610 713 2645 Blasphemant
732 2609 869 2637 dicentes
889 2618 920 2636 se
942 2609 1093 2636 dimittere
1108 2609 1172 2636 Deo
1188 2609 1313 2636 illatam.
1334 2609 1384 2636 AI.
1406 2616 1514 2635 manu:
1528 2581 1594 2635 q-lic
1615 2607 1703 2634 docet
1722 2607 1803 2642 quod

493 2653 583 2672 nemo
598 2644 672 2672 citra
688 2643 846 2671 Christum
864 2647 963 2678 potest
978 2644 1136 2670 absolvere
1152 2652 1167 2670 a
1183 2648 1306 2679 peccato
1327 2643 1422 2670 eciam
1445 2651 1499 2669 nec
1518 2642 1639 2669 vicarie.
1707 2650 1744 2677 ¹7-
1760 2643 1787 2668 A

493 2684 520 2706 et
541 2680 593 2706 sic.
720 2678 759 2717 r8.
781 2679 809 2705 A
829 2678 858 2705 in
881 2686 994 2705 marcu:
1022 2678 1111 2705 Nota.
1231 2686 1277 2705 20.
1300 2677 1365 2705 BC:
1393 2677 1470 2704 sicut
1498 2677 1646 2712 baptizat;
1676 2677 1716 2703 ib.
1739 2676 1803 2703 BC:

495 2714 627 2749 baptisat
648 2714 846 2752 baptismum.
897 2698 1022 2740 21ffssC:
1045 2713 1132 2740 dacio
1153 2713 1257 2749 deest..
1304 2712 1347 2740 25.
1363 2713 1407 2739 A:
1429 2712 1513 2738 daret
1533 2711 1633 2738 deest·
1655 2711 1694 2738 B:
1716 2711 1804 2743 darm

494 2749 533 2775 ib.
550 2749 588 2775 ss:
609 2748 801 2781 dominium
823 2748 862 2774 ib.
879 2748 923 2774 A:
945 2756 1034 2774 suum
1056 2747 1150 2774 deest.
1223 2747 1342 2774 20-28,
1364 2746 1404 2774 C:
1425 2746 1504 2773 Nam
1526 2746 1554 2772 in
1569 2761 1603 2764 —
1617 2733 1688 2772 clare
1709 2745 1803 2772 deest.

494 2791 540 2818 29.
557 2784 601 2810 A:
623 2782 791 2810 Dominum
808 2782 900 2812 illud:
922 2781 988 2809 BC:
1010 2782 1083 2808 illud
1106 2782 1198 2809 deest.
1272 2781 1316 2815 32,
1331 2780 1374 2809 33.
1397 2780 1462 2808 BC:
1484 2781 1634 2815 Spiritum
1656 2782 1802 2807 Sanctum

495 2818 566 2844 dare
587 2818 681 2845 deest.
766 2816 814 2852 34,
834 2816 878 2844 35.
900 2817 939 2843 ss:
961 2816 1042 2851 quod
1064 2817 1191 2851 p1·elati;
1222 2816 1262 2843 C:
1288 2816 1377 2852 quasi
1399 2815 1515 2850 prelati.
1599 2814 1641 2842 35.
1661 2816 1706 2841 A:
1727 2814 1804 2849 ipsis

495 2852 626 2913 ggpilgin
655 2852 696 2912 ibi
718 2851 795 2912 Btin
817 2859 939 2912 maugss
961 2851 1198 2913 betlemetiimoe
1227 2850 1397 2877 dicencium
1428 2859 1460 2876 se
1490 2853 1613 2885 peccato
1640 2849 1802 2875 remittere.

496 2911 501 2913 ,
537 2908 541 2913 ,
603 2896 629 2912 ,ς
652 2894 684 2912 as
701 2894 773 2913 arc.
848 2894 891 2920 ,7.
951 2895 956 2912 ;
981 2894 1096 2912 remen
1122 2895 1150 2912 o.
