2017 3353
244 273 380 302 SERMo
402 263 501 318 xm]
754 277 891 309 PRIMA
919 277 1045 308 PARS.
1771 273 1850 321 273

241 381 362 419 tritici
396 383 464 418 sed
497 381 724 419 exoneravit
757 394 824 419 eos
867 395 917 419 ne
955 391 1068 419 tanto
1113 383 1245 420 reditu
1283 394 1558 432 gravarentur,

240 449 276 476 et
310 440 400 476 hinc
425 439 619 476 Dominus
651 439 829 476 laudavit
862 440 945 477 eius
983 441 1260 489 prudenciam.
1314 443 1416 490 Sepe
1455 443 1559 480 enim

239 497 429 534 accrescit
462 497 543 546 regi
577 497 801 534 dominium
834 507 1000 547 propter
1034 500 1110 536 hoc
1142 501 1252 548 quod
1284 500 1585 548 multiplicatis·

238 555 464 591 tenentibus
498 568 540 592 ex
576 555 853 593 minoracione
885 557 1065 593 tenencie
1113 557 1292 594 redditus
1322 558 1559 596 minoratur.

203 614 220 646 5
238 614 404 649 Summa
428 626 521 661 ergo
545 626 683 662 regum
707 614 927 663 prudencia
948 615 1052 651 foret
1077 617 1331 652 exonerando
1354 616 1562 654 subtiliare
1611 625 1635 664 It
1657 627 1766 665 wputd
1781 627 1815 654 bc

237 671 507 718 possessiones
553 671 661 717 cleri,
706 681 749 708 ut
794 681 906 721 egeat
944 673 1104 710 Christo
1150 674 1423 720 conformiter,
1470 688 1560 712 cum
1594 662 1827 723 ἳὲὸᾓζξωξῃῐᾞῗζ

238 730 511 766 subtrahendo
545 731 594 766 ab
627 730 696 766 illo
728 743 890 767 omnem
932 731 1187 768 dotacionem
1222 744 1424 769 cesaream
1467 734 1561 770 alle-
1589 731 1841 792 pffiffeescsligfssff‘ff

237 786 362 823 viaret
395 799 483 823 eum
520 789 571 824 ad
608 789 866 837 subduplum,
913 801 1004 825 cum
1058 789 1188 826 minus
1241 790 1471 827 devocionis
1525 800 1562 827 et
1755 786 1802 801 ⁸⁸⁶

237 844 456 892 spiritualis
500 845 678 894 suffragii
729 855 932 883 teneretur
984 849 1216 895 rependere,
1271 848 1303 885 si
1356 850 1560 898 sequendo

182 915 222 936 10
237 902 385 939 Christi
403 903 638 952 pauperiem
657 917 738 941 non
756 904 956 954 acciperet
971 908 1088 942 aDeo
1106 906 1286 942 redditus
1304 908 1560 955 temporales.

235 963 284 997 Et
316 961 597 998 innaturalitas
637 963 753 999 huius
793 963 1018 1000 dotacionis
1057 963 1286 1001 inhabilitat
1320 966 1469 1001 clerum
1511 967 1561 1002 ad

234 1027 390 1055 tantum
426 1021 662 1057 merendum
696 1030 738 1057 ut
771 1020 881 1070 prius
915 1030 952 1058 et
995 1022 1147 1070 obligat
1180 1024 1229 1059 ad
1263 1023 1436 1071 amplius
1470 1037 1562 1072 pro-

236 1079 484 1114 merendum.
519 1080 611 1115 Ideo
644 1092 724 1115 non
758 1079 925 1116 dubium
959 1080 1056 1128 quin
1089 1081 1217 1117 clerus
1251 1081 1458 1118 alleviatus
1492 1095 1562 1130 per

235 1136 421 1173 dominos
453 1138 696 1185 temporales
736 1139 785 1174 ab
831 1138 906 1175 ista
944 1137 1197 1186 obligacione
1236 1139 1409 1176 Luciferi
1448 1141 1561 1176 daret

181 1193 310 1229 15illis
342 1203 385 1230 ut
417 1194 473 1230 sic
507 1197 731 1231 mercedem
767 1196 898 1232 meriti
932 1197 1108 1244 amplam
1139 1197 1179 1233 in
1210 1196 1352 1245 patria,
1385 1210 1473 1234 cum
1500 1211 1561 1234 ex-

235 1251 326 1288 hinc
367 1251 676 1301 disponerentur
715 1263 758 1290 ut
797 1254 922 1290 alcius
961 1267 1006 1290 ac
1044 1254 1283 1291 retribucius
1322 1255 1401 1291 sint
1441 1256 1558 1293 beati.

291 1312 339 1345 Et
371 1320 481 1358 patet
513 1313 621 1359 quod
658 1324 768 1360 reges
800 1312 841 1348 in
885 1313 1064 1349 dotando
1103 1313 1238 1350 taliter
1282 1313 1560 1362 multipliciter

233 1380 273 1403 se
306 1368 413 1416 ipsos
437 1369 740 1417 dampnificant‚
765 1370 858 1418 quia
881 1371 1016 1419 quoad
1038 1373 1232 1408 mundum
1257 1384 1297 1408 se
1320 1382 1557 1420 pauperant‚

233 1435 413 1463 oratores
446 1440 538 1463 suos
577 1429 628 1464 ad
676 1429 913 1465 merendum
966 1428 1223 1466 inhabilitant
1277 1439 1313 1466 et
1366 1430 1422 1466 sic
1474 1439 1556 1467 tam

174 1494 216 1517 20
232 1485 509 1532 temporaliter
548 1498 669 1533 quam
723 1486 986 1534 spiritualiter
1039 1496 1167 1524 totam
1221 1489 1555 1525 communitatem

231 1542 535 1591 dampnificant.
588 1546 636 1580 Et
676 1546 818 1581 eodem
865 1546 988 1581 modo
1041 1545 1198 1594 expedit
1242 1558 1335 1594 sepe
1382 1547 1556 1584 dominis
1601 1555 1824 1586 Evensecular

229 1601 475 1637 secularibus
523 1603 632 1650 quod
680 1603 905 1639 dominium
958 1616 1074 1639 suum
1121 1604 1341 1650 subtilient‚
1383 1617 1473 1641 cum
1514 1618 1558 1642 ex
1573 1591 1846 1655 logldosrenitzkifflnogn

229 1659 305 1695 hoc
336 1659 445 1696 racio
479 1662 563 1696 Deo
602 1661 807 1697 reddenda
840 1661 889 1698 sit
921 1661 1058 1698 levior.
1097 1664 1146 1698 Et
1178 1671 1288 1710 patet
1332 1663 1558 1700 communis
1572 1661 1652 1695 good
1680 1662 1727 1689 for
1753 1663 1847 1690 them.

230 1717 480 1764 experiencia
513 1719 622 1766 quod
655 1719 920 1767 conglobacio
954 1720 1174 1756 multorum
1209 1720 1483 1758 dominiorum
1516 1721 1557 1758 in

173 1775 212 1808 25
230 1776 369 1811 eadem
393 1788 565 1824 persona
589 1777 798 1813 confundit
820 1777 1127 1825 rempublicam.
1162 1781 1204 1814 In
1226 1779 1396 1815 seculari
1419 1788 1556 1816 tamen

229 1842 389 1881 oportet
421 1846 505 1870 esse
537 1835 891 1883 proporcionabile
924 1837 971 1872 de
995 1836 1143 1881 seculo,
1174 1836 1264 1873 ideo
1287 1836 1441 1874 villicus
1465 1839 1555 1874 sub-

229 1891 346 1927 traxit
380 1904 401 1928 a
440 1892 611 1928 seculari
642 1893 781 1941 viginti
815 1902 852 1929 et
885 1906 907 1930 a
941 1894 1094 1930 clericis
1119 1894 1424 1943 quinquaginta.
1456 1896 1555 1933 Filie

227 1957 364 1985 tamen
395 1950 631 1998 sanguisuge
664 1952 840 1988 clamant
872 1951 1002 2000 prime
1033 1952 1154 2001 Affer,
1197 1953 1308 2002 affer,
1350 1962 1386 1990 et
1419 1963 1554 1991 tamen

227 2016 369 2043 notum
404 2016 460 2044 est
493 2010 602 2057 quod
635 2021 727 2057 sepe
760 2018 818 2046 est
862 2009 988 2058 magis
1021 2010 1273 2047 meritorium
1301 2013 1410 2060 quod
1442 2025 1552 2061 reges

172 2067 213 2099 30
228 2065 452 2102 alleviando
486 2068 533 2103 de
565 2067 722 2103 sarcina
755 2068 937 2104 auferant
967 2070 1016 2105 ab
1039 2068 1226 2117 indignis,
1260 2069 1328 2117 qui
1354 2070 1413 2117 (ut
1436 2072 1553 2107 docet

227 2125 421 2171 parabola
436 2124 601 2173 Christi)
619 2125 758 2162 exhinc
774 2126 815 2162 in
831 2134 967 2163 eterna
990 2128 1250 2164 tabernacula
1272 2136 1363 2164 sunt
1386 2129 1549 2177 recepti.

285 2182 428 2218 Oleum
463 2191 597 2219 autem
631 2183 762 2232 signat
796 2185 1057 2221 devocionem
1092 2185 1200 2231 cleri,
1226 2198 1302 2234 que
1326 2187 1443 2222 debet
1467 2200 1550 2224 esse

227 2240 391 2276 ecclesie
425 2240 534 2277 cibus
568 2241 753 2278 subtilior
786 2252 823 2278 et
856 2242 1106 2279 delicabilior
1139 2257 1260 2292 quam
1284 2244 1398 2292 panis
1423 2245 1550 2282 domi-

226 2297 284 2333 nis
317 2298 564 2335 secularibus
598 2302 930 2348 correspondens.
966 2303 1092 2338 Debet
1125 2301 1253 2338 eciam
1286 2302 1420 2350 granis
1466 2316 1549 2340 esse

169 2356 208 2389 35
226 2368 298 2391 uve
331 2357 585 2393 constancior
618 2370 662 2394 ex
695 2358 838 2407 quibus
870 2359 1006 2396 vinum
1040 2359 1182 2406 affluit,
1223 2360 1316 2409 quia
1350 2361 1548 2410 eliquatus

225 2414 272 2449 de
305 2415 439 2451 seculo
471 2428 590 2463 super
622 2416 827 2453 terrestria
859 2426 896 2454 et
929 2418 1116 2466 aquatica
1147 2427 1395 2467 supernatat.

281 2473 336 2508 Ex
374 2472 458 2509 istis
503 2473 704 2522 colligitur
749 2477 956 2524 quomodo
1002 2476 1109 2513 dives
1154 2478 1372 2524 prudenter
1417 2477 1547 2514 distri-

224 2531 347 2566 buens
391 2543 626 2568 mammona
669 2532 709 2569 in
753 2546 833 2581 quo
884 2543 941 2570 est
986 2542 1098 2571 tanta
1140 2534 1380 2583 inequalitas
1424 2536 1548 2584 parti-

291 2640 320 2664 4.
341 2631 386 2658 A:
413 2639 449 2658 ex
476 2632 596 2659 minora
622 2640 797 2660 commune.
906 2634 929 2662 5.
951 2636 980 2662 A
1000 2634 1029 2661 in
1052 2643 1165 2669 marg:
1193 2635 1310 2662 Contra
1331 2635 1544 2662 dotacionem:

222 2665 261 2691 ib.
279 2666 322 2692 A:
346 2666 531 2693 subtiliores.
589 2675 617 2702 9.
639 2668 683 2695 A:
705 2672 859 2695 teneretur
879 2669 981 2701 deest:
1002 2670 1042 2696 ib.
1057 2670 1102 2697 A:
1125 2669 1167 2696 sic
1189 2670 1356 2705 sequendo.
1413 2678 1453 2696 io.
1476 2670 1542 2697 BC:

223 2699 259 2726 de
280 2700 354 2726 Deo.
407 2709 440 2727 11.
458 2701 523 2728 BC:
546 2701 597 2729 Sic
618 2703 806 2729 naturalitas,
858 2712 896 2730 12.
913 2705 956 2731 A:
978 2705 1014 2731 ad
1032 2705 1126 2731 deest.
1178 2704 1218 2731 υἱ.
1234 2705 1278 2731 A:
1301 2710 1329 2732 et
1350 2704 1542 2731 retribucius.

224 2742 262 2769 17·
284 2736 313 2761 A
333 2735 363 2761 in
384 2743 497 2773 marga
526 2736 579 2763 inf.
602 2736 654 2763 fol.
678 2737 758 2772 172⁶:
789 2737 905 2765 Contra
926 2740 1048 2766 dotatos
1069 2747 1103 2766 ac
1124 2739 1219 2766 eciam
1242 2740 1383 2766 dotantes
1404 2739 1541 2766 clericos.

223 2777 265 2795 02.
287 2771 330 2796 A:
354 2770 527 2797 subtilietnr
547 2779 616 2798 cum
638 2772 756 2799 exhinc.
831 2772 874 2800 23.
895 2774 938 2801 A:
962 2779 1043 2809 patet
1063 2774 1156 2801 deest.
1235 2782 1281 2807 24.
1305 2774 1420 2801 Codd.:
1443 2774 1543 2800 domi-

223 2812 344 2831 norum.
459 2813 503 2840 27.
532 2806 562 2832 A
590 2806 619 2832 in
650 2815 762 2841 marg:
793 2807 838 2834 De
867 2809 1064 2844 sanguisuga.
1173 2808 1211 2836 31.
1232 2810 1276 2835 A:
1308 2808 1418 2835 exhinc
1447 2808 1541 2835 deest.

223 2837 264 2865 1³2.
287 2838 404 2866 Codd.:
427 2840 488 2874 qni.
527 2839 570 2867 33.
592 2840 632 2868 C:
656 2841 828 2868 delicacior.
868 2841 914 2877 34.
939 2843 1002 2870 MC:
1026 2844 1123 2878 grani.
1163 2843 1207 2871 3³.
1231 2842 1295 2870 HC:
1318 2851 1540 2870 mammonam.

294 2899 346 2933 28.
376 2900 427 2931 Cf.
455 2900 662 2943 Trialogum
689 2911 766 2944 pag.
794 2913 874 2944 440.

1364 2961 1402 2994 18
