2017 3353
165 309 215 343 88

173 834 233 862 We
253 841 305 862 are
325 837 380 861 not
401 838 430 861 to

202 873 301 904 tempt
322 868 405 897 God.

206 1353 290 1383 Who
311 1363 402 1393 prays

301 1391 331 1418 in
352 1390 426 1418 saith

296 1426 402 1453 obtain

184 1461 268 1489 what
287 1461 325 1488 he
345 1461 426 1489 asks.

199 1391 258 1418 trul

213 1427 263 1453 wil

751 310 976 342 ,IOHANNIS
994 309 1178 341 WYCMF
1205 307 1464 340 SERMONUM
1509 294 1664 348 [SERMO
1685 301 1765 330 Xlll·

455 420 523 456 sed
557 419 613 455 sic
648 417 742 453 facit
775 415 946 464 quilibet
981 427 1164 462 peccans,
1199 426 1292 462 ergo
1323 413 1490 461 quilibet
1526 424 1695 460 peccans
1728 412 1767 448 in

457 477 533 513 fide
567 474 714 512 deficit.
748 476 797 511 Et
829 473 922 510 hinc
960 475 1072 509 Jesus
1107 472 1292 508 Christus
1331 480 1413 508 tam
1448 472 1587 508 crebro
1630 482 1766 517 repro-

456 537 524 572 bat
559 533 756 570 defectum
791 531 895 568 fidei.
920 533 1021 567 Nam
1057 530 1223 567 Matthei
1256 530 1378 575 X1V0,
1412 531 1453 566 31
1496 528 1590 565 dicit
1628 530 1766 565 Petro:

454 593 608 630 Modice
629 591 730 641 fidei
761 601 880 639 quare
913 589 1123 624 dubitasti?
1155 590 1203 624 Et
1237 587 1403 624 Matthei
1434 588 1549 633 XVII,
1591 598 1636 633 19
1672 585 1770 622 dicit

457 653 570 688 Jesus
603 647 814 696 discipulis
860 647 969 695 quod
1002 653 1169 695 propter
1200 646 1506 682 incredulitatem
1547 657 1655 681 suam
1696 647 1800 681 non5

450 715 659 759 potuerunt
705 705 920 742 demonium
966 704 1063 740 illud
1094 703 1228 740 eicere.
1272 703 1325 747 Si,
1366 702 1510 750 inquit,
1558 703 1767 739 habueritis

445 767 569 817 fidem
604 773 643 802 ut
673 776 843 816 granum
876 762 1052 814 synapis,
1088 762 1219 798 dicetis
1251 761 1370 797 monti
1399 761 1483 798 huic
1515 761 1639 796 transi
1670 761 1767 803 hinc,

456 833 491 861 et
523 823 713 869 transibit,
748 829 782 858 et
815 821 930 857 nichil
962 820 1193 869 impossibile
1225 820 1297 856 erit
1320 820 1436 856 vobis.
1460 821 1508 855 Et
1532 817 1655 854 Marci
1681 819 1766 864 IX⁰‚

458 893 530 919 22:
565 882 608 917 Si
638 880 777 924 credis„
821 879 947 915 omnia
987 878 1185 928 possibilia
1217 885 1302 914 sunt
1348 877 1528 913 credenti.
1575 878 1623 912 Et
1662 884 1770 924 patet

457 953 578 989 quam
620 935 771 990 stulte}
800 936 966 986 quidam
1007 935 1188 972 obiciunt
1228 935 1335 983 quod
1369 935 1474 971 iuxta
1519 935 1594 970 hoc
1640 937 1859 982 temp-1³01.

457 1006 588 1035 tarent
620 999 747 1032 Deum
790 1005 827 1032 et
872 994 995 1031 nichil
1029 994 1278 1042 aufugerent,
1313 1006 1404 1029 cum
1440 1005 1484 1029 ex
1516 992 1768 1040 plenitudine
1791 983 1868 1016 ¹5¹⁸

458 1055 551 1092 fidei
584 1055 848 1091 salvarentur.
890 1054 992 1089 Nam
1026 1052 1212 1088 homines
1244 1060 1288 1087 ut
1329 1050 1385 1088 sic
1425 1050 1642 1087 fantasiant
1679 1062 1769 1098 pec—

458 1123 563 1158 cant,
598 1122 636 1149 et
670 1124 740 1160 per
772 1123 1022 1158 consequens
1056 1110 1095 1146 in
1128 1110 1204 1146 fide
1228 1109 1432 1146 deficiunt.
1464 1109 1557 1145 Ideo
1582 1118 1771 1156 rogarent

459 1171 681 1208 Dominum
716 1182 807 1206 cum
843 1168 1040 1217 apostolis
1076 1169 1182 1204 Luce
1204 1169 1344 1212 XV110,
1381 1167 1397 1203 5
1436 1167 1541 1214 quod
1575 1167 1771 1218 adaugeat

459 1230 534 1266 illis
568 1229 706 1280 fidem.
767 1228 869 1264 Nam
916 1226 1149 1275 quicunque
1194 1225 1277 1262 sine
1330 1224 1654 1262 auctorizacione
1700 1224 1827 1260 Dei15

460 1287 683 1336 quidquam
718 1284 1023 1335 presumpserit,
1057 1284 1188 1333 primo
1223 1283 1261 1319 in
1295 1282 1372 1319 fide
1396 1282 1541 1331 deficit,
1576 1282 1666 1318 ideo
1689 1295 1771 1318 non

462 1346 608 1382 mirum
653 1344 685 1380 si
730 1343 891 1380 deficiat
934 1343 973 1379 in
1018 1354 1141 1390 opere
1180 1340 1454 1390 consequenti.
1496 1340 1631 1377 Faciat
1676 1352 1769 1388 ergo

462 1405 585 1440 homo
639 1401 893 1449 beneplacito
945 1401 1017 1437 Dei
1070 1400 1111 1436 in
1163 1409 1248 1436 toto
1299 1398 1564 1436 conformiter
1609 1406 1645 1435 et
1689 1411 1769 1434 non

461 1461 677 1510 vagabitur
716 1459 824 1496 circa
862 1458 1157 1506 temptaciones
1197 1457 1374 1503 inutiles,
1408 1457 1476 1493 sed
1515 1456 1714 1505 quidquid
1748 1469 1769 1493 a

460 1523 545 1557 Deo
578 1517 811 1567 poposcerit
843 1517 1055 1554 obtinebit.
1091 1516 1131 1552 Si
1165 1515 1271 1552 enim
1305 1528 1397 1552 cum
1431 1514 1517 1551 istis
1550 1514 1714 1562 paribus
1748 1526 1827 1550 azo

463 1577 589 1626 petito
643 1576 844 1622 deficeret,
898 1575 958 1611 vel
1011 1575 1096 1622 ipse
1149 1586 1171 1610 a
1223 1573 1418 1622 dignitate
1465 1572 1525 1608 vel
1574 1574 1680 1608 Deus
1731 1572 1769 1608 in

465 1643 664 1684 potestate
696 1633 895 1670 deficeret.
931 1633 971 1669 Si
1006 1633 1181 1681 primum
1217 1632 1344 1676 detur,
1385 1643 1474 1667 cum
1514 1643 1593 1666 non
1638 1639 1771 1678 potest

462 1691 730 1742 indignificari
763 1691 841 1728 nisi
875 1699 1041 1738 propter
1065 1698 1291 1738 peccatum,
1317 1697 1425 1736 patet
1451 1689 1561 1736 quod
1595 1688 1770 1736 primum

463 1752 662 1789 deficeret.
715 1749 755 1786 Si
806 1750 1026 1786 secundum
1079 1749 1208 1793 detur,
1256 1746 1481 1795 imponitur
1532 1748 1615 1783 Deo
1668 1747 1773 1782 blas-

464 1809 636 1858 phemia,
677 1807 833 1844 scilicet
873 1808 980 1854 quod
1023 1806 1282 1854 omnipotens
1316 1804 1448 1841 deficit
1488 1803 1527 1839 in
1560 1808 1830 1852 potestate.25

463 1871 511 1905 Et
553 1867 661 1903 iuxta
694 1866 795 1902 hanc
828 1864 946 1901 fidem
981 1864 1151 1912 precipit
1175 1863 1359 1900 Christus
1382 1862 1578 1909 apostolis
1612 1861 1775 1898 indubie

464 1938 546 1962 non
580 1923 921 1960 irracionabiliter
943 1922 1111 1960 Matthei
1133 1923 1220 1967 VIO,
1247 1922 1312 1958 25:
1338 1922 1409 1965 Ne,
1443 1920 1587 1967 inquit,
1621 1921 1777 1957 solliciti

464 1984 545 2020 sitis
560 1983 685 2019 anime
704 1989 830 2019 vestre
854 1981 944 2030 quid
966 1980 1201 2017 manducetis
1226 1991 1341 2028 neque
1362 1978 1522 2027 corpori
1539 1986 1665 2015 vestro
1688 1979 1778 2027 quid

466 2041 704 2077 induamini?
740 2042 789 2076 Et
812 2038 1012 2087 sequitur:
1036 2038 1164 2075 Nolite
1191 2037 1344 2074 solliciti
1375 2048 1454 2073 esse
1486 2036 1522 2071 in
1554 2037 1776 2080 crastinum,

466 2099 660 2137 crastinus
692 2098 790 2133 enim
824 2097 903 2133 dies
933 2097 1119 2133 sollicitus
1141 2096 1213 2131 erit
1244 2095 1315 2131 sibi
1345 2094 1427 2143 ipsi.
1452 2097 1501 2130 Et
1527 2102 1636 2141 patet
1665 2095 1773 2142 quod
1794 2098 1834 2131 30

467 2157 606 2193 fratres
639 2155 840 2203 peccando
874 2154 912 2190 in
952 2153 1279 2190 monstruositate
1311 2165 1475 2188 suorum
1509 2160 1776 2188 conventuum

468 2223 511 2250 ut
562 2213 617 2250 sic
669 2221 836 2260 peccant
882 2224 927 2248 ac
973 2212 1010 2247 in
1060 2211 1136 2247 fide
1184 2210 1369 2247 vacillant
1416 2210 1550 2258 quoad
1598 2210 1775 2257 regulam

469 2270 727 2320 primitivam.
773 2272 822 2306 Et
863 2277 973 2317 patet
1013 2270 1121 2317 quod
1161 2270 1312 2305 habens
1352 2268 1470 2304 fidem
1511 2267 1775 2304 sufficientem

471 2341 582 2366 more
616 2328 762 2365 Christi
805 2328 866 2364 vel
912 2327 1194 2364 innocencium
1234 2326 1392 2369 viveret,
1432 2325 1493 2361 vel
1525 2325 1649 2362 instar
1681 2338 1778 2373 apo-

471 2388 669 2424 stolorum
710 2394 802 2433 post
844 2385 1076 2422 missionem
1112 2384 1282 2433 Spiritus
1321 2383 1469 2420 Sancti.
1508 2385 1557 2419 Et
1588 2383 1642 2419 ita
1681 2384 1780 2420 sicut
1796 2387 1836 2420 35

471 2446 509 2481 in
555 2444 631 2480 fide
675 2456 757 2480 non
801 2443 1002 2488 deficeret,
1049 2443 1103 2479 ita
1144 2455 1216 2478 nec
1256 2442 1293 2478 in
1333 2441 1533 2489 peticione
1572 2454 1690 2488 quam
1737 2454 1780 2477 ex

472 2503 663 2539 instinctu
696 2501 860 2550 spiritus
890 2501 1134 2549 postularet3
1169 2509 1205 2537 et
1238 2508 1346 2548 patet
1371 2499 1579 2547 quomodo
1603 2499 1780 2535 defectus

541 2633 565 2652 2.
587 2626 631 2652 A:
654 2624 702 2651 hic
721 2624 825 2656 Jesus;
850 2624 913 2651 ssC:
935 2623 1023 2651 Jesus
1045 2625 1140 2651 deest.
1197 2623 1224 2650 o.
1246 2623 1289 2650 A:
1312 2630 1393 2650 nunc
1413 2621 1603 2649 demonium.
1661 2622 1686 2649 8.
1711 2622 1730 2648 Β
1751 2623 1781 2649 in

473 2668 590 2694 marg.:
611 2658 754 2687 Efficacia
775 2658 844 2686 fidei
865 2664 979 2693 quanta
1000 2658 1082 2686 facit.
1159 2666 1187 2692 9.
1209 2658 1237 2685 A
1258 2658 1287 2684 in
1309 2664 1424 2691 marga
1446 2655 1604 2683 Obieccio.
1662 2665 1694 2683 ιι.
1718 2656 1781 2684 ssC:

473 2695 635 2722 dominum
656 2698 693 2720 et.
803 2701 839 2728 17.
863 2693 883 2720 b
905 2693 934 2720 in
957 2701 1071 2727 marg.:
1101 2693 1149 2720 Ad
1171 2692 1401 2727 impetrandum
1422 2692 1577 2727 postulata
1597 2691 1671 2726 quid
1692 2691 1782 2718 debet

475 2730 568 2757 homo
588 2729 698 2756 facere.
760 2735 807 2755 20.
829 2727 869 2755 C:
893 2730 1034 2762 poscerit.
1091 2728 1130 2755 ib.
1153 2729 1197 2755 A:
1220 2726 1335 2761 peribis
1355 2726 1502 2762 appetito.
1567 2726 1614 2754 30.
1636 2725 1678 2753 C:
1700 2726 1781 2753 enim

473 2764 566 2791 deest.
647 2762 689 2791 32.
705 2762 748 2791 A:
771 2763 858 2790 etsie
873 2763 1017 2798 peccavit.
1109 2762 1154 2791 2⁴6.
1175 2762 1215 2790 B:
1237 2761 1380 2794 deficere;
1442 2761 1482 2788 ib.
1500 2762 1545 2788 At
1567 2768 1659 2797 quam
1675 2762 1782 2788 eciam.

472 2799 517 2835 37.
538 2797 604 2826 BC:
625 2802 706 2834 patet
725 2798 818 2833 quod.

545 2892 600 2914 20.
631 2881 737 2913 Hebr.
762 2880 818 2922 XI,
850 2890 881 2913 1:
919 2880 984 2912 Est
1021 2885 1140 2913 autem
1159 2880 1252 2922 fides
1284 2879 1548 2922 sperandarum
1579 2880 1781 2912 substantia

475 2937 603 2967 rerum,
629 2931 879 2970 argumentum
909 2937 975 2959 non
1004 2926 1265 2969 apparentium.
