2017 3353
251 268 326 303 325
826 271 1051 304 JOHANNIS
1072 270 1256 303 WYCLIF
1276 270 1535 303 SERMONUM
1570 255 1721 314 [SERMO
1744 267 1849 295 XLIX-

536 388 572 417 et
605 378 875 416 beneficencia
897 378 1073 414 virtuosa
1105 379 1154 414 ad
1189 378 1383 413 honorem
1418 377 1488 413 Dei
1513 386 1549 413 et
1582 376 1712 413 omnis
1735 389 1852 412 occu—

535 437 652 486 pacio
675 437 714 473 in
738 438 905 473 sabbato
929 448 1004 485 que
1038 436 1077 471 in
1107 435 1183 471 isto
1208 435 1416 472 excesserit
1448 444 1503 471 est
1533 435 1673 483 pocior
1696 433 1852 471 sabbati

536 494 781 533 observacio.
816 495 892 530 Sed
917 507 964 530 ne
994 493 1214 530 declinacio
1238 495 1287 530 ad
1311 502 1476 541 peccata
1510 506 1552 530 ex
1581 492 1853 541 occupacione

537 553 737 602 corporali
783 552 1037 589 occasionem
1083 551 1268 599 accipiat,
1309 551 1509 588 ordinavit
1555 552 1612 588 lex
1658 559 1768 587 vetus
1812 559 1854 586 ut

268 621 291 647 lt
311 620 336 646 i>
359 620 453 646 better
473 622 502 644 [ο
537 614 585 649 ab
637 610 910 659 occupacione
961 609 1092 646 servili
1141 609 1402 658 appreciabili
1447 609 1560 645 Judei
1613 608 1887 645 abstineant.5

250 654 474 721 ploffihlapxiapn
491 657 521 680 to
538 672 701 707 Certum
742 678 798 705 est
837 677 972 705 tamen
1012 668 1119 716 quod
1160 667 1290 703 minus
1331 668 1480 704 malum
1516 667 1616 704 foret
1649 679 1763 703 arare
1793 667 1854 703 vel

326 721 450 752 chur'ch.
536 737 666 765 texere
699 739 819 776 quam
853 726 893 762 in
927 725 1093 763 ecclesia
1123 725 1375 774 culpabiliter
1413 724 1550 762 ociari.
1592 726 1683 761 Ideo
1722 724 1856 773 sophi-

537 786 703 823 sticatus
752 783 1028 832 multipliciter
1072 783 1332 820 observancia
1376 783 1544 829 sabbati,
1592 796 1681 820 cum
1733 783 1855 819 homo

539 845 654 880 debet
687 843 726 879 in
759 843 926 879 sabbato
950 842 1069 879 vitam
1096 841 1205 878 illam
1231 841 1387 889 eligere7
1413 854 1488 891 que
1512 842 1613 878 foret
1635 843 1720 878 Deo
1744 849 1855 889 apta-

539 902 635 945 cior,
678 899 1017 949 contemplacioni
1062 899 1234 936 habilior
1273 909 1310 936 et
1355 913 1376 936 a
1417 901 1567 936 mundo
1611 898 1914 947 suspensior.10

540 961 653 997 Unde
692 959 742 996 ad
783 959 1055 995 denotandum
1097 959 1203 1006 quod
1238 959 1342 994 Deus
1376 970 1455 995 non
1489 957 1745 1006 apprecIatur
1777 966 1856 994 tra·

541 1017 720 1055 diciones
744 1016 954 1053 hominum
986 1017 1033 1052 de
1065 1017 1246 1057 sabbato,
1270 1015 1345 1052 nisi
1379 1017 1426 1052 de
1460 1024 1611 1064 quanto
1635 1023 1856 1052 consonant

539 1076 603 1113 isti
637 1075 718 1122 fini,
752 1074 952 1112 ordinavit
985 1076 1090 1110 Deus
1124 1074 1232 1122 quod
1266 1073 1305 1109 in
1344 1074 1428 1122 lege
1461 1087 1563 1110 nova
1594 1074 1857 1111 transferatur

540 1147 562 1171 a
615 1133 713 1170 feria
751 1132 923 1182 septima
968 1132 1007 1168 in
1051 1132 1224 1180 primam
1277 1131 1417 1168 feriam
1468 1141 1633 1180 propter
1677 1131 1858 1169 raciones

541 1191 782 1240 multiplices
815 1190 909 1228 alibi
943 1191 1179 1227 declaratas.
1347 1227 1350 1230 ,
1878 1190 1914 1222 15

261 1272 365 1299 Christ
386 1271 518 1299 rebuked
598 1249 742 1286 Tereia
774 1262 866 1298 pars
900 1248 1090 1296 evangelii
1125 1247 1281 1296 repellit
1312 1247 1541 1296 superbiam
1575 1247 1857 1296 pharisaicam,

252 1306 525 1377 t‘diuiveiiiigriasfgtid
541 1308 642 1345 sicut
674 1307 806 1356 prima
840 1308 1035 1355 dampnat
1059 1319 1197 1343 eorum
1224 1305 1467 1354 cupidinem.
1503 1305 1699 1354 Superbia
1723 1314 1856 1342 autem

252 1376 380 1415 ostheir
401 1380 475 1403 state
496 1376 680 1403 ofeorum
714 1366 807 1402 fetet
841 1365 880 1401 in
913 1364 1187 1414 presumptiva
1221 1364 1527 1412 dignificacione
1559 1364 1618 1401 sui
1643 1376 1686 1401 ex
1708 1365 1858 1412 precel-

361 1411 421 1439 l1fe.
541 1424 669 1461 lencia
702 1432 827 1460 status
860 1423 1088 1472 pharisaici.
1124 1423 1198 1459 Sed
1246 1422 1343 1459 fides
1381 1435 1500 1471 quam
1542 1422 1677 1459 fideles
1716 1422 1859 1458 debent

542 1483 703 1519 credere
735 1490 792 1518 est
825 1483 931 1530 quod
966 1481 1004 1517 in
1037 1493 1278 1529 quocunque
1306 1489 1411 1517 statu
1433 1480 1633 1517 viancium
1667 1488 1744 1517 stat
1777 1492 1860 1516 esse
1877 1490 1918 1512 20

543 1549 899 1590 quantumcunque
932 1540 1058 1576 bonos
1091 1539 1150 1575 vel
1176 1540 1303 1575 malos
1328 1538 1546 1584 moraliter,
1580 1538 1670 1575 ideo
1694 1538 1858 1574 stultum

543 1608 600 1636 est
632 1599 739 1647 quod
773 1599 894 1634 homo
929 1609 971 1634 ex
1009 1596 1079 1634 tali
1117 1598 1226 1633 nudo
1270 1605 1375 1633 statu
1413 1596 1630 1645 superbiat.
1670 1595 1861 1632 Doctrina

543 1665 676 1694 autem
716 1655 949 1705 parabolica
982 1655 1200 1692 Salvatoris
1245 1655 1430 1703 intelligit
1469 1656 1516 1691 de
1553 1653 1710 1703 nupciis
1749 1653 1862 1702 spiri—

544 1714 718 1752 tualibus
759 1723 795 1751 et
834 1726 916 1751 non
956 1715 1003 1750 de
1038 1713 1315 1761 corporalibus
1352 1714 1413 1750 vel
1453 1725 1591 1749 eorum
1631 1711 1863 1749 adiacencia

545 1772 759 1822 corporali.
795 1772 941 1808 Sensus
977 1784 1069 1820 ergo
1103 1770 1295 1819 evangelii
1330 1780 1386 1808 est
1419 1770 1639 1819 intelligere
1671 1783 1742 1819 per
1764 1783 1863 1819 nup·
1880 1770 1919 1802 25

545 1831 625 1868 cias
658 1831 746 1867 illas
779 1842 855 1879 que
879 1838 969 1866 sunt
993 1830 1095 1866 inter
1123 1842 1314 1878 sponsum
1346 1829 1549 1866 Christum
1587 1837 1623 1865 et
1653 1828 1862 1865 ecclesiam

544 1901 734 1938 sponsam
768 1900 903 1934 suam3
937 1889 987 1924 ad
1020 1887 1108 1925 illas
1143 1896 1275 1924 autem
1310 1887 1477 1936 nupcias
1509 1895 1676 1923 vocatur
1699 1886 1864 1935 quilibet

543 1946 673 1985 viator
703 1947 765 1984 vel
798 1945 1080 1995 predicacione
1112 1946 1172 1982 vel
1196 1945 1352 1982 interna
1376 1944 1646 1994 inspiracione
1668 1945 1728 1982 vel
1752 1944 1864 1992 signo

545 2005 624 2043 alio
664 2013 707 2041 ut
746 2012 803 2041 est
842 2003 1020 2052 dignum.
1068 2005 1196 2040 Locus
1235 2012 1368 2040 autem
1415 2003 1581 2040 istarum
1625 2002 1863 2051 nupciarum

545 2072 602 2101 est
634 2064 780 2112 gradus
813 2061 1016 2111 dignitatis
1046 2062 1177 2098 meriti
1201 2063 1332 2110 quoad
1357 2063 1497 2098 Deum.
1532 2061 1598 2097 Ille
1631 2069 1764 2098 autem
1789 2060 1865 2097 dis-
1882 2059 1922 2092 30

545 2121 696 2159 cumbit
728 2120 767 2156 in
799 2121 889 2157 1060
922 2119 1054 2169 primo
1087 2119 1153 2169 qui
1187 2128 1345 2168 reputat
1377 2131 1416 2156 se
1449 2118 1613 2167 dignum
1647 2118 1716 2155 tali
1739 2118 1865 2166 digni-

545 2188 639 2225 tate,
680 2191 772 2227 61ςο
813 2191 901 2215 cum
943 2177 1110 2226 quilibet
1154 2179 1276 2214 homo
1316 2178 1432 2213 debet
1476 2177 1621 2213 sentire
1661 2176 1865 2213 humiliter

547 2239 595 2274 de
627 2249 667 2274 se
699 2236 786 2285 ipso
821 2245 857 2273 et
890 2248 1051 2284 sperare
1084 2236 1218 2273 locum
1249 2234 1289 2271 in
1313 2234 1397 2271 istis
1429 2233 1598 2283 nupciis,
1623 2243 1733 2283 patet
1757 2236 1861 2283 quod

548 2294 714 2344 quilibet
757 2307 838 2331 non
884 2294 1100 2342 inspiratus
1150 2294 1199 2330 ad
1244 2292 1409 2329 ulterius
1454 2294 1570 2329 debet
1615 2292 1865 2329 discumbere

547 2353 586 2389 in
620 2353 709 2389 loco
742 2351 972 2397 novissimo,
998 2351 1091 2400 quia
1115 2359 1301 2399 reputare
1325 2363 1364 2387 se
1388 2350 1599 2387 minimum
1625 2351 1864 2396 electorum;
1881 2356 1921 2390 35

549 2419 586 2448 et
619 2410 709 2447 dico
742 2418 929 2458 reputare
969 2418 1004 2446 et
1042 2422 1123 2446 non
1163 2409 1337 2454 credere,
1378 2408 1470 2457 quia
1510 2409 1626 2445 debet
1659 2421 1749 2445 cum
1787 2408 1865 2445 for-

548 2467 698 2506 midine
729 2479 956 2516 supponere
989 2468 1097 2516 quod
1130 2479 1173 2503 ex
1206 2467 1276 2503 Dei
1310 2466 1443 2514 gracia
1476 2466 1525 2503 sit
1558 2467 1717 2504 electus.
1752 2465 1866 2503 Luci-

619 2634 639 2654 1.
661 2625 704 2653 A:
727 2624 952 2653 beneficiencia.
1026 2632 1046 2658 1,
1068 2631 1093 2651 2.
1115 2623 1154 2651 B:
1175 2624 1327 2659 occupati.
1399 2632 1429 2658 4.
1452 2623 1491 2653 Β;
1513 2623 1710 2651 occisionem.
1774 2622 1797 2651 5.
1819 2623 1863 2650 A:

549 2659 827 2696 apprehenciabili:
848 2659 888 2686 ib.
904 2658 970 2687 BC:
992 2658 1098 2697 mundi
1120 2658 1302 2686 abstineant.
1368 2666 1396 2694 9,
1413 2667 1453 2686 10.
1477 2658 1543 2685 BC:
1565 2658 1713 2693 optacior.
1780 2657 1820 2685 16.
1837 2658 1862 2685 Α

549 2695 578 2722 in
601 2703 714 2729 marg:
738 2693 779 2725 C:
806 2692 846 2721 ib.
868 2693 935 2721 BC:
964 2693 1080 2721 refelht.
1183 2701 1229 2720 20.
1251 2694 1295 2720 A:
1323 2698 1367 2720 est
1387 2693 1480 2720 deest.
1580 2700 1618 2720 21.
1640 2693 1684 2720 A:
1706 2696 1733 2719 et
1754 2692 1863 2719 malos.

549 2737 595 2768 24ἶ
618 2728 684 2757 BC:
712 2729 749 2756 de
769 2729 862 2756 deest.
954 2736 998 2763 27.
1020 2729 1064 2755 A:
1092 2728 1159 2755 illas
1180 2736 1261 2762 ergo.
1353 2726 1398 2755 30.
1420 2726 1486 2755 BC:
1514 2727 1667 2754 meritum.
1758 2725 1797 2754 31.
1818 2728 1863 2754 A:

551 2772 652 2799 primo
673 2763 773 2797 deest;
795 2763 835 2790 ib.
857 2762 928 2790 AC:
951 2771 981 2790 se
1001 2762 1124 2790 iudicat.
1204 2760 1242 2793 31„
1265 2761 1307 2790 32.
1330 2761 1396 2789 BC:
1418 2763 1486 2790 talis
1508 2761 1675 2797 dignitatis.
1755 2760 1798 2788 32.
1821 2761 1862 2788 C:

549 2798 637 2825 debet
664 2805 785 2832 secure;
814 2798 855 2825 ib.
878 2798 899 2825 B
925 2797 955 2825 in
983 2805 1096 2836 marga
1127 2797 1170 2824 De
1197 2797 1317 2832 nupciis
1345 2796 1557 2832 spiritualibus
1584 2796 1619 2823 ad
1648 2804 1723 2831 quas
1750 2795 1860 2830 singuli

548 2832 726 2860 invitantur.
798 2830 846 2867 34.
868 2832 906 2859 B:
936 2832 1135 2860 adulterinus.
1209 2830 1252 2860 35.
1274 2831 1312 2859 B:
1343 2831 1545 2865 semivivum3
1575 2830 1615 2858 ib.
1637 2830 1658 2857 B
1684 2830 1714 2857 in
1741 2838 1858 2864 marg..-

548 2866 630 2902 Quid
657 2871 701 2895 est
729 2867 759 2895 in
789 2866 959 2895 novissimo
987 2867 1055 2894 loco
1085 2866 1294 2901 discumbere3
1324 2866 1352 2894 A
1372 2865 1402 2894 in
1424 2873 1538 2901 marg:
1570 2863 1751 2893 Differencia
1778 2864 1855 2892 inter

548 2906 687 2937 reputare
707 2905 735 2929 et
754 2901 888 2930 credere.
