2017 3353
126 306 203 339 206

137 589 259 616 Abuses
280 588 378 626 ofilio

186 631 272 649 sense
293 626 323 649 ot

187 658 321 690 hearing.

129 2266 231 2294 When
252 2271 310 2293 tem
338 2266 385 2293 ted

171 2309 215 2327 we
236 2301 312 2328 shou
328 2301 346 2327 d

165 2335 280 2362 imitate
301 2336 350 2362 the

150 2370 244 2396 addet·
264 2370 363 2396 which

139 2409 225 2439 stops
245 2404 284 2431 its
303 2413 380 2432 ears.

714 310 935 342 JOHANNIS
953 310 1138 343 WYCLIF
1158 309 1412 343 SERMONUM
1455 297 1609 355 [SERMO
1625 308 1719 336 xxx.

409 415 609 462 virtutem,
645 427 721 463 que
746 415 933 452 inseritur
958 415 997 453 in
1023 416 1204 464 iniringa,
1229 416 1284 453 sic
1309 429 1419 453 mens
1443 418 1558 453 debet
1580 426 1721 454 notare

410 473 759 510 circumstanciam
793 475 1011 510 secundum
1045 487 1165 523 quam
1200 474 1339 522 expelli
1372 476 1487 511 debet
1520 475 1721 511 horribilis

408 545 528 568 sonus
575 531 723 568 diaboli
770 540 889 579 atque
935 532 1072 568 mundi
1117 541 1153 568 et
1198 531 1237 568 in
1281 532 1419 569 auditu
1465 533 1590 569 dulcis
1633 532 1719 569 soni

409 590 572 638 spiritus
607 589 810 625 delectari.
845 592 944 626 Nam
979 590 1138 626 auditus
1171 590 1471 627 detraccionum
1507 591 1718 636 mendacii,

409 647 655 695 blasphemie
702 656 737 683 et
783 656 1007 683 ceterorum
1054 647 1282 684 huiusmodi
1322 650 1462 685 devote
1495 649 1628 685 anime
1662 654 1752 685 est5

409 706 644 751 horrendus,
690 706 757 741 sed
803 705 962 741 auditus
1006 707 1218 742 verborum
1254 706 1415 742 Domini
1456 720 1531 755 que
1575 716 1718 742 sonant

408 763 594 811 opposita
634 772 690 799 est
729 763 871 799 suavis.
913 765 1004 799 Ideo
1045 764 1203 800 Psalmo
1238 765 1460 809 LXXXIW,
1497 778 1518 811 ς)
1554 764 1717 800 dicitur:

407 822 572 857 Audiam
623 822 713 869 quid
762 822 942 869 loquatur
984 822 1020 856 in
1064 834 1123 857 me
1166 822 1341 858 dominus
1376 823 1493 865 Deus,
1543 823 1718 871 quoniam

408 880 584 927 loquetur
616 891 751 927 pacem
803 880 838 914 in
872 879 1021 928 plebem
1061 892 1181 915 suam.
1237 879 1427 915 Diabolus
1470 893 1644 928 namque
1683 889 1719 916 et

408 950 570 972 susurro
603 936 798 984 pessimus
832 945 868 973 et
901 946 1015 984 pater
1048 936 1245 973 mendacii
1286 937 1461 985 suggerit
1494 938 1578 974 auri
1612 937 1778 975 vian-1o

408 994 512 1030 cium
548 994 834 1030 dissensionem
860 1003 897 1031 et
920 996 1082 1041 bellum,
1117 1004 1159 1030 ut
1182 1004 1290 1043 patet
1320 995 1357 1031 in
1382 995 1572 1043 practica.
1607 997 1720 1032 Unde

407 1052 589 1088 homines
614 1053 763 1088 mundo
789 1052 924 1099 dediti,
940 1066 1077 1101 ymmo
1100 1052 1337 1100 generaliter
1358 1053 1490 1090 clerici
1512 1063 1548 1090 et
1564 1053 1718 1101 prelati,

407 1119 497 1146 sunt
536 1110 573 1146 in
614 1110 731 1146 huius
769 1123 905 1146 sensus
943 1110 1202 1147 observancia
1240 1110 1395 1158 peiores
1435 1113 1612 1157 Balaam,
1653 1111 1719 1159 qui

406 1168 570 1204 Numeri
605 1169 760 1213 XX1V0,
802 1170 847 1204 16
883 1168 1011 1204 dictus
1045 1178 1101 1205 est
1126 1169 1282 1204 auditor
1305 1182 1524 1205 sermonum
1559 1170 1642 1205 Dei.
1679 1171 1720 1205 In

407 1226 569 1262 auribus
603 1239 778 1274 namque
821 1226 999 1274 ipsorum
1042 1227 1224 1263 diabolus
1265 1235 1301 1262 et
1346 1228 1518 1263 mundus
1563 1233 1775 1264 tantu1n15

406 1285 651 1320 tumultuant
685 1285 791 1332 quod
826 1284 864 1320 in
899 1284 993 1332 ipsis
1026 1293 1233 1333 tamquam
1275 1284 1404 1320 surdis
1437 1298 1557 1321 sonus
1590 1284 1719 1321 suavis

407 1342 577 1389 Spiritus
610 1355 690 1378 non
723 1341 895 1378 auditur.
938 1345 991 1378 Ex
1025 1342 1101 1378 tide
1134 1355 1307 1390 namque
1340 1343 1580 1390 supponitur
1613 1344 1719 1391 quod

406 1399 495 1436 talis
528 1399 724 1435 sensibilis
757 1400 1022 1436 tumultuacio
1057 1409 1092 1436 et
1126 1400 1288 1448 spiritus
1322 1400 1393 1436 Dei
1427 1401 1586 1437 audicio
1620 1410 1719 1437 tam-

407 1471 525 1505 quam
561 1457 761 1494 contraria
795 1470 834 1494 se
868 1459 1125 1504 confundant,
1160 1458 1253 1506 quia
1292 1460 1384 1506 Sap.
1418 1460 1520 1503 xlv),
1555 1458 1718 1494 dicitur:

413 1516 446 1551 O
476 1528 588 1564 quam
621 1516 740 1551 bonus
771 1524 805 1551 et
838 1528 949 1564 quam
988 1517 1117 1551 suavis
1148 1524 1202 1552 est
1237 1517 1400 1552 Domine
1430 1517 1589 1565 spiritus
1620 1524 1716 1552 tuus.
1735 1531 1777 1553 20

407 1575 506 1609 Nam
542 1572 703 1621 spiritus
733 1573 892 1609 Domini
927 1573 993 1621 qui
1027 1573 1191 1621 replevit
1223 1575 1361 1610 orbem
1395 1583 1592 1610 terrarum
1627 1587 1718 1610 con-

406 1631 515 1667 tinue
549 1631 725 1679 loquitur
758 1631 972 1679 capacibus
1012 1632 1148 1668 utilem
1182 1631 1404 1668 veritatem.
1451 1633 1527 1668 Sed
1561 1641 1719 1680 oportet

407 1690 513 1737 quod
544 1689 703 1725 auditus
727 1698 996 1737 sequestretur
1027 1702 1048 1725 a
1078 1690 1252 1725 tumultu
1283 1689 1511 1725 huiusmodi
1536 1689 1717 1726 seculari.

407 1749 455 1782 Et
489 1748 560 1783 hec
593 1747 702 1783 racio
737 1760 859 1795 quare
885 1747 923 1783 in
946 1747 1074 1783 noctis
1098 1747 1263 1783 silencio
1288 1749 1506 1783 secundum
1542 1747 1719 1795 dispares

406 1806 552 1852 gradus
586 1804 759 1852 sompnii
794 1814 831 1841 et
864 1805 1144 1853 disposicionis
1178 1805 1350 1841 hominis
1383 1805 1553 1853 percipit
1586 1807 1719 1841 lumen
1737 1811 1776 1842 23

407 1862 575 1910 predicti
599 1862 782 1910 Spiritus,
812 1871 848 1898 et
878 1863 916 1898 in
942 1863 1108 1910 liguram
1139 1863 1306 1899 istorum
1336 1865 1382 1899 lII
1413 1865 1504 1910 Reg.
1529 1865 1648 1908 X1X0‚
1673 1874 1716 1899 12

407 1920 552 1956 dicitur
585 1922 692 1969 quod
730 1921 879 1956 sibillus
915 1934 1010 1957 aure
1047 1922 1168 1957 tenuis
1205 1930 1242 1956 et
1275 1920 1327 1956 ibi
1362 1921 1570 1957 Dominus.
1616 1923 1720 1957 Bene

408 1991 502 2026 ergo
535 1979 635 2014 foret
669 1977 724 2013 illi
757 1978 823 2026 qui
864 1979 1038 2015 claustra
1072 1978 1187 2014 huius
1219 1978 1376 2015 virtutis
1415 1991 1550 2015 cerare
1588 1978 1718 2025 sciret,

407 2048 456 2072 ne
489 2036 642 2072 eveniat
675 2035 807 2072 anime
836 2045 1137 2082 nocumentum,
1173 2037 1280 2084 quod
1310 2036 1490 2073 Christus
1523 2036 1721 2073 subtiliter

409 2095 525 2130 docet
570 2093 735 2130 Matthei
780 2095 847 2139 XO,
888 2096 954 2130 16:
999 2095 1145 2141 Estote,
1190 2094 1330 2142 inquit,
1370 2095 1583 2143 prudentes
1624 2095 1778 2132 sicut30

407 2159 603 2200 serpentes
650 2159 684 2187 et
731 2152 923 2200 simplices
970 2153 1066 2188 sicut
1107 2152 1289 2188 columbe.
1344 2152 1515 2199 Serpens
1558 2152 1719 2200 quidem

409 2209 554 2245 dicitur
593 2210 739 2245 habere
777 2209 893 2245 istam
940 2209 1176 2246 industriam
1223 2218 1259 2245 et
1293 2210 1471 2245 Psalmus
1506 2212 1655 2253 LVIIUS,
1697 2212 1718 2246 6

410 2266 592 2303 meminit
636 2268 757 2315 quod,
803 2280 893 2303 cum
945 2268 1164 2303 incantatur
1207 2268 1333 2303 verbis
1386 2268 1797 2326 stupefacientibusFOI

407 2325 516 2360 incan
545 2320 550 2377 l
578 2325 705 2372 tantis,
728 2337 848 2361 unam
882 2338 1018 2361 aurem
1043 2334 1146 2361 terre
1170 2325 1345 2372 applicat
1368 2333 1404 2361 et
1428 2325 1547 2361 aliam
1582 2338 1719 2361 aurem
1742 2319 1818 2382 ,5421

409 2395 497 2417 cum
534 2382 782 2418 extremitate
815 2384 940 2418 caude
963 2384 1142 2427 obturat3
1177 2382 1232 2418 sic
1267 2382 1393 2419 tidelis
1427 2395 1515 2419 cum
1550 2382 1777 2420 audierit35

409 2452 551 2476 sonum
579 2439 728 2475 diaboli
751 2440 830 2476 sive
854 2440 991 2476 mundi
1016 2453 1136 2476 unam
1161 2453 1298 2477 aurern
1323 2440 1524 2477 interioris
1547 2440 1720 2477 hominis

408 2506 512 2534 terre
545 2497 734 2545 applicat,
768 2497 1023 2545 fragilitatem
1063 2511 1176 2534 suam
1210 2497 1480 2545 considerans,
1514 2500 1720 2547 quomodo

409 2568 452 2591 ex
485 2554 695 2591 audicione
717 2555 825 2591 vocis
857 2555 1051 2603 serpentis
1084 2555 1151 2604 qui
1184 2555 1316 2603 primo
1348 2556 1420 2592 fuit
1452 2556 1571 2592 limus
1603 2565 1719 2602 terre,

409 2613 536 2649 factus
561 2621 617 2649 est
646 2621 753 2649 terra
785 2612 948 2660 fragilis,
983 2612 1144 2649 racione
1167 2614 1343 2650 defectus
1376 2614 1555 2650 humoris
1588 2613 1720 2662 gracie

477 2733 506 2757 4.
528 2724 572 2750 A:
593 2723 806 2750 detraccionis.
874 2732 900 2758 7.
916 2725 960 2751 A:
982 2724 1126 2758 opposita
1147 2724 1240 2751 deest.
1309 2724 1336 2756 8,
1353 2732 1381 2760 9.
1398 2725 1442 2751 A:
1462 2724 1492 2751 in
1514 2733 1561 2751 me
1580 2741 1613 2744 —
1633 2733 1718 2751 suam

409 2758 502 2785 deest.
577 2767 617 2785 10.
639 2759 683 2785 A:
705 2766 832 2785 susurro
853 2758 945 2785 deest.
1012 2767 1048 2785 12.
1070 2760 1114 2785 Α;
1137 2758 1252 2785 mundo
1274 2759 1367 2785 dediti
1388 2759 1480 2795 deest.
1547 2757 1585 2786 13.
1607 2759 1646 2786 C:
1668 2759 1719 2794 qui

409 2793 502 2820 deest.
612 2793 647 2820 15.
670 2793 714 2819 A:
741 2793 881 2823 illorum:
911 2793 951 2820 ib,
973 2794 1015 2820 A:
1043 2797 1160 2820 tantum
1182 2793 1274 2819 deest.
1384 2797 1425 2820 10.
1446 2795 1488 2820 A:
1510 2794 1718 2820 tumultuerat.

408 2835 447 2854 21.
470 2827 506 2854 1³:
531 2828 633 2862 replet.
697 2826 742 2853 26.
765 2827 804 2853 B:
825 2832 870 2853 est
890 2827 930 2853 in.
998 2835 1042 2862 27.
1063 2829 1107 2854 A:
1130 2827 1257 2854 sibulus.
1319 2835 1364 2866 27,
1385 2828 1429 2855 28.
1453 2828 1490 2855 B:
1511 2828 1598 2855 Unde
1617 2827 1718 2862 igitur.

409 2864 453 2888 28.
475 2862 515 2888 C:
538 2862 638 2896 igitur.
729 2869 775 2896 29.
797 2862 840 2888 A:
863 2862 1005 2888 nocivum
1027 2866 1102 2888 tum.
1193 2861 1231 2889 31.
1253 2863 1296 2889 A:
1320 2867 1397 2889 smut
1417 2866 1471 2889 etc.
1562 2861 1605 2889 32.
1626 2863 1671 2889 A:
1692 2866 1719 2888 et

409 2897 549 2922 Psalmus
570 2896 661 2923 LVII.
684 2896 823 2922 meminit
843 2896 941 2928 deest:
963 2896 1002 2923 B:
1025 2897 1157 2923 Psalmo.
1208 2895 1250 2923 33.
1266 2898 1310 2924 A:
1333 2896 1604 2932 stupefacienribus
1626 2897 1718 2923 deest.

408 2929 454 2966 39.
477 2930 542 2957 BC:
564 2935 608 2957 est
629 2931 728 2966 deest;
747 2931 790 2957 A:
812 2934 856 2957 est
875 2931 992 2966 fragilis
1012 2936 1106 2965 ter1·e;
1127 2931 1168 2958 ib.
1188 2932 1233 2958 A:
1254 2931 1426 2958 humorem.
