2017 3353
172 286 228 325 74

168 1497 236 1525 The
274 1504 440 1533 waterpots

190 1542 271 1561 were
293 1535 364 1561 used
386 1539 417 1561 to

228 1570 317 1595 make
339 1570 387 1595 the

185 1604 427 1665 mirassletmani-

282 1647 312 1665 es
331 1660 336 1665 .

758 284 982 317 JOHANNIS
1001 286 1183 318 WYCLIF'
1210 286 1469 318 SERMONUM
1554 280 1703 325 [SERMO
1719 283 1768 311 XI-

460 391 681 439 patencius,
727 391 767 427 in
801 403 881 439 quo
916 391 1099 428 Christus
1132 391 1279 428 faceret
1311 391 1463 428 dictum
1497 406 1618 441 opus3
1663 396 1769 432 unde

461 459 590 486 mater
620 451 711 486 Jesu
744 461 824 486 non
858 449 1060 497 reputavit
1094 449 1339 497 peticionem
1364 450 1448 487 eius
1473 452 1673 499 repulsam
1699 455 1769 490 sed

460 507 764 544 racionabiliter
796 506 975 553 dilatam,
1011 520 1101 543 cum
1133 509 1267 545 Jesum
1304 508 1479 555 perfecta
1511 509 1588 546 fide
1621 523 1768 558 cogno-

458 575 568 602 verat
601 578 686 602 esse
726 565 1061 612 omnipotentem,
1107 565 1429 612 omniscientem,
1476 577 1513 604 et
1547 568 1769 607 rectissime

459 623 595 660 omnia
611 631 865 671 operantem3
900 632 937 659 et
954 622 1044 658 ideo
1060 623 1318 660 committens
1337 633 1466 661 totam
1483 626 1765 673 operacionem
1785 631 1801 663 5

461 691 566 718 recte
598 681 793 729 operandi
826 680 1180 717 circumstanciam
1221 694 1293 717 suo
1327 682 1505 729 arbitrio,
1553 684 1767 732 implicans

459 752 571 776 suam
637 738 960 776 condicionalem
1024 738 1266 786 peticionem
1326 738 1406 776 iam
1461 752 1615 778 cessare
1668 744 1767 780 dixit

459 798 660 833 ministris:
701 797 963 846 Quodcunque
1001 797 1145 833 dixerit
1178 797 1282 833 vobis
1309 798 1447 846 facite.
1486 801 1532 835 Et
1565 799 1674 837 istud
1709 811 1766 839 est

458 868 643 892 securum
668 863 706 891 et
735 854 879 891 subtile
903 854 1130 901 consilium,
1151 855 1262 903 quod
1285 855 1438 892 utinam
1463 866 1571 893 totus
1595 860 1766 896 mundus

458 926 539 950 non
563 913 618 950 sic
643 920 959 960 contempneret.
993 913 1108 949 Tunc
1141 912 1247 949 enim
1281 914 1410 951 nostri
1444 915 1587 962 prelati
1621 925 1659 953 et
1690 917 1766 954 cle·
1787 932 1826 954 10

459 971 543 1016 rici⁷
576 984 712 1019 ymmo
759 971 902 1007 fratres
946 970 1169 1018 peculiares
1213 970 1334 1008 huius
1379 973 1542 1010 domine
1585 987 1667 1011 non
1711 975 1768 1012 sic

458 1029 772 1076 sophisticarent
807 1028 847 1064 in
880 1028 1074 1076 operibus
1107 1028 1310 1067 mandatis
1344 1040 1382 1067 et
1415 1031 1593 1068 consiliis
1618 1033 1767 1070 Christi

459 1087 687 1124 contrariis.
725 1088 1032 1135 Consequenter
1063 1097 1253 1124 narratur
1296 1090 1506 1136 quomodo
1549 1102 1620 1127 sex
1643 1092 1769 1143 ydrie

458 1146 609 1195 lapidee
639 1153 750 1182 erant
795 1146 830 1181 in
864 1146 946 1181 loco
980 1144 1141 1182 illarum
1174 1145 1416 1192 nupciarum
1445 1148 1569 1196 posite
1600 1159 1769 1197 propter

458 1204 763 1241 observanciam
817 1202 1054 1240 tradicionis
1107 1202 1355 1251 pharisaice3
1425 1205 1604 1243 laverant
1661 1207 1766 1244 enim
1787 1213 1822 1244 15

456 1261 571 1298 Judei
606 1274 698 1309 sepe
732 1273 875 1298 manus
911 1273 1003 1297 suas
1036 1274 1080 1299 ac
1098 1273 1193 1298 vasa
1216 1272 1384 1309 propter
1406 1271 1556 1301 tactum
1582 1266 1766 1313 corporis

458 1319 559 1356 satis
592 1320 734 1356 mundi
769 1324 826 1364 (ut
861 1328 970 1367 patet
1004 1321 1126 1358 Marc.
1151 1321 1255 1366 V110,
1293 1321 1328 1366 3,
1362 1324 1413 1367 4).
1451 1322 1639 1367 Quelibet
1671 1336 1765 1371 ergo

458 1378 628 1414 istarum
662 1377 869 1425 ydriarum
911 1378 1193 1425 aquaticaium
1240 1377 1407 1426 impleta
1452 1393 1557 1428 aqua
1601 1390 1844 1442 propterFOI

458 1436 567 1472 istud
600 1436 780 1472 officium
815 1436 988 1484 capiebat
1021 1438 1068 1472 de
1093 1449 1199 1484 aqua
1224 1437 1319 1472 duas
1346 1437 1351 1482 Ι
1380 1438 1441 1474 vel
1470 1443 1507 1475 ti
1510 1451 1548 1475 es
1571 1447 1764 1476 metretas.
1788 1421 1862 1500 ¹59}

456 1497 526 1531 Est
559 1503 693 1530 autem
727 1503 898 1530 metreta
932 1506 1120 1531 mensura
1153 1493 1366 1531 continens
1390 1496 1525 1532 decem
1551 1497 1764 1545 sextarios;
1782 1513 1824 1535 20

456 1561 493 1588 et
525 1562 583 1588 est
616 1552 812 1589 sextarius
845 1553 1065 1588 secundum
1100 1552 1298 1588 Isidorum
1332 1554 1437 1589 XVI⁰
1469 1554 1764 1603 Ethimologia-

456 1624 543 1646 rum
579 1622 765 1646 mensura
798 1609 1007 1646 continens
1031 1611 1130 1646 duas
1158 1610 1292 1656 libras,
1318 1620 1354 1647 et
1378 1611 1434 1648 sic
1457 1624 1500 1648 ex
1523 1612 1766 1660 implecione

456 1668 663 1715 ydriarum
699 1680 804 1716 aqua
837 1676 875 1703 et
908 1680 951 1703 ex
984 1668 1118 1705 officio
1165 1668 1330 1704 illorum
1365 1682 1554 1706 vasorum
1588 1684 1762 1719 quorum

457 1735 674 1774 utrumque
708 1726 781 1762 fuit
816 1726 1000 1772 patulum
1035 1726 1108 1763 fuit
1143 1726 1382 1763 miraculum
1417 1727 1660 1768 evidencius.
1782 1724 1821 1756 25

516 1785 628 1820 Unde
661 1792 753 1831 post
786 1783 1091 1820 conversionem
1126 1797 1227 1832 aque
1259 1783 1299 1820 in
1333 1785 1467 1822 vinum
1491 1786 1620 1823 voluit
1651 1789 1764 1824 Jesus

456 1843 580 1878 facete
596 1850 633 1878 et
650 1841 954 1878 racionabiliter
971 1843 1079 1890 quod
1096 1841 1398 1879 architriclinus
1414 1843 1546 1891 primo
1564 1844 1763 1894 liquorem

456 1899 659 1948 egregium
713 1899 921 1936 iudicaret.
985 1900 1075 1937 Fuit
1128 1910 1263 1937 autem
1310 1900 1606 1939 architriclinus
1649 1904 1765 1952 quasi

456 1968 588 1995 rector
619 1970 833 2006 synagoge,
868 1967 1034 1994 vocatus
1067 1960 1117 1995 ad
1142 1959 1459 1996 benedicendum
1494 1970 1530 1998 et
1564 1960 1764 1999 instruen-

455 2018 548 2052 dum
589 2026 754 2067 nuptos,
808 2016 1016 2064 quomodo
1069 2029 1110 2053 se
1162 2018 1353 2054 haberent
1406 2017 1445 2053 in
1499 2019 1762 2056 matrimonio

454 2074 676 2110 secundum
711 2073 956 2110 tradiciones
990 2074 1211 2114 seniorum.
1252 2078 1321 2112 Est
1365 2085 1499 2112 autem
1542 2077 1760 2114 triclinium
1779 2086 1821 2119 30

454 2133 602 2168 domus
635 2132 741 2168 volte
775 2131 897 2168 tercie
930 2131 968 2168 in
1002 2145 1081 2181 qua
1114 2143 1206 2170 sunt
1240 2133 1330 2171 lecti
1367 2133 1583 2182 editorum,
1619 2144 1655 2171 et
1679 2146 1762 2173 erat

454 2190 569 2226 locus
603 2203 676 2237 pro
711 2189 937 2226 carioribus
961 2192 1011 2226 ad
1034 2191 1327 2228 comedendum
1353 2191 1586 2238 dispositus.
1620 2193 1761 2230 Archi-

455 2247 638 2283 triclinus
662 2256 796 2284 autem
831 2257 914 2284 erat
948 2248 1184 2296 principalis
1216 2249 1255 2285 in
1290 2250 1358 2286 illo
1392 2250 1482 2286 loco
1516 2250 1642 2298 ipsius
1667 2264 1762 2288 con—

453 2304 558 2341 vivii.
592 2307 641 2342 Et
675 2306 757 2355 ipse
782 2313 987 2354 postquam
1017 2308 1190 2357 gustavit
1214 2308 1340 2343 vinum
1364 2308 1760 2358 miraculosefactunz

455 2363 648 2399 excellens
681 2363 790 2399 aliud
816 2364 1007 2411 poculum
1042 2365 1226 2401 naturale
1261 2365 1359 2402 dicit
1392 2378 1542 2413 sponso
1578 2366 1617 2402 in
1650 2380 1761 2404 com-
1779 2374 1818 2407 35

455 2421 760 2457 mendacionem
785 2421 1006 2458 fertilitatis
1030 2422 1214 2468 convivii,
1243 2425 1453 2471 quomodo
1478 2424 1545 2460 alii
1570 2425 1761 2461 mundani

454 2478 585 2526 primo
609 2488 765 2526 ponunt
788 2480 922 2516 vinum
948 2480 1089 2516 melius
1112 2491 1154 2517 ut
1170 2482 1361 2518 serenatis
1385 2481 1564 2518 sensibus
1588 2483 1765 2520 iudicent

522 2578 545 2605 3.
568 2579 609 2605 A:
633 2578 836 2605 racionaliter.
977 2588 1018 2607 10.
1042 2579 1110 2607 BC:
1132 2581 1238 2615 prelati
1259 2589 1303 2608 ac.
1443 2580 1479 2609 13.
1502 2582 1571 2610 BC:
1593 2583 1676 2618 quod
1699 2591 1761 2611 sex.

453 2613 489 2640 ι5.
512 2615 559 2640 A:
582 2613 775 2647 pharisante·
798 2615 909 2641 lavant.
974 2622 1013 2642 2ι.
1034 2616 1079 2642 A.
1101 2621 1256 2650 sexterus3
1279 2616 1319 2643 ib.
1337 2616 1403 2643 Bin
1421 2624 1526 2652 marg.
1542 2591 1668 2645 Metreta
1683 2619 1761 2653 ydri-

452 2655 539 2675 arum
555 2652 704 2684 quantum
725 2649 877 2681 continet;
900 2649 939 2675 ib
961 2651 1006 2676 A.
1028 2650 1192 2677 lsiderum.
1231 2658 1273 2678 22.
1294 2652 1338 2679 A:
1361 2659 1396 2678 ex
1411 2652 1505 2678 deest.
1544 2652 1584 2679 25.
1608 2653 1650 2679 A:
1670 2653 1761 2680 Jesus

453 2682 548 2710 deest.
622 2688 667 2709 2.ο
690 2683 732 2709 A:
749 2683 849 2710 facite.
917 2691 959 2718 27
982 2686 1022 2711 A.
1048 2684 1208 2717 iudicant:
1237 2685 1277 2713 ib.
1299 2685 1366 2713 Bin
1383 2694 1499 2720 marg.·
1521 2687 1760 2715 Architriclinus

451 2718 524 2751 quid
547 2721 603 2744 est.
676 2717 722 2745 30.
741 2718 786 2744 A:
808 2717 974 2745 triclinum.
1047 2717 1086 2747 31.
1140 2720 1236 2747 ·1ecti
1257 2720 1457 2754 edicuorum3
1483 2706 1531 2748 A·
1552 2722 1758 2750 ediculorum.

451 2752 492 2780 33.
514 2753 558 2779 A.
580 2751 678 2787 ipsius
700 2752 795 2779 deest.
852 2751 899 2786 34.
920 2754 968 2780 Α·
990 2752 1104 2781 factum
1108 2718 1222 2782 Bdeest.
1295 2753 1339 2789 37.
1361 2754 1432 2783 BC·
1454 2756 1582 2783 servatis
1603 2757 1758 2784 sensibus.

496 2833 730 2921 831.slsidg3ri
746 2835 1048 2877 Etymologiarum
1080 2836 1135 2868 lib.
1166 2837 1253 2877 XVI,
1286 2847 1361 2880 cap.
1387 2838 1491 2870 XXV.
1532 2839 1593 2870 Ed.
1623 2840 1760 2875 Venet.

457 2892 494 2922 14
591 2891 611 2912 0
