2017 3353
279 255 415 283 sERMo
437 246 532 303 xxi}
783 258 925 290 PR1MA
954 258 1076 291 PARS.

274 363 415 400 Abicio
437 365 526 401 Jesu
551 364 590 400 in
618 373 794 401 montem
831 373 867 401 et
901 364 983 401 eius
1017 365 1138 401 sessio
1173 365 1211 401 in
1244 366 1427 402 docendo
1460 367 1588 413 signat

274 422 560 458 exaltacionem
601 435 670 459 sue
708 422 785 459 vite
824 423 1135 471 contemplative
1175 432 1211 459 et
1245 423 1471 460 doctrinam
1506 425 1588 460 eius

274 479 533 516 autenticam.

332 540 411 574 Nec
444 538 608 574 dubium
643 538 739 587 quin
772 538 947 586 quelibet
981 538 1073 575 facti
1098 539 1245 575 Christi
1280 539 1588 577 circumstancia

242 601 394 643 §quarn
418 605 532 632 notat
556 597 803 644 evangelium
828 596 877 632 sit
901 597 1089 634 notabilis
1114 598 1163 634 ad
1186 610 1345 634 sensum
1371 597 1587 641 misticum,

273 662 313 689 ut
338 653 420 690 eius
453 663 589 701 pastus
624 654 854 691 miraculosi
890 655 1119 692 substancia
1153 655 1281 704 signat
1314 665 1474 704 pastum
1510 655 1588 704 spi-

272 711 471 757 ritualem,
507 713 553 749 de
577 726 657 761 quo
681 713 933 761 Evangelista
966 713 1148 761 superius
1179 722 1236 750 est
1260 714 1429 759 locutus,
1464 723 1501 750 et
1534 714 1588 751 ita

272 778 329 805 est
367 771 415 806 de
454 770 632 818 quolibet
670 771 834 807 nomine
878 783 924 807 ac
970 771 1052 808 eius
1097 771 1448 820 interpretacione‚
1495 772 1588 820 quia

272 828 523 875 Evangelista
567 828 705 865 inserit
749 838 790 865 ut
835 829 1102 877 apprehensio
1155 829 1422 866 multitudinis
1468 843 1588 877 egene

217 902 255 923 10
271 894 482 922 attestatur
520 899 639 935 super
682 887 958 924 misericordia
1002 887 1097 933 eius,
1144 887 1332 936 implecio
1377 897 1588 925 attestatur

269 956 388 991 super
410 956 481 980 sua
504 945 703 992 potencia,
738 957 783 982 ac
808 945 890 981 eius
914 945 1183 994 interrogacio
1206 954 1417 983 attestatur
1440 948 1587 983 nedum

269 1014 388 1049 super
426 1001 696 1040 instruccione
735 1016 805 1040 sua
844 1004 1085 1050 voluntaria,
1129 1005 1198 1040 sed
1243 1006 1450 1053 quomodo
1489 1006 1587 1041 hora

269 1072 447 1108 congrua
491 1060 686 1108 operandi
730 1061 939 1099 assistente
983 1062 1170 1110 potencia
1218 1075 1263 1099 ac
1312 1062 1587 1099 benivolencia

269 1126 325 1154 est
359 1120 572 1166 captanda.

216 1181 250 1213 15
327 1178 406 1212 Nec
461 1177 626 1213 dubium
681 1177 777 1226 quin
836 1190 907 1226 per
966 1177 1329 1227 interrogacionem
1384 1178 1493 1215 illam
1549 1187 1585 1215 et

269 1233 409 1270 melius
439 1234 686 1283 imprimitur
718 1248 764 1272 ac
798 1236 1025 1272 declaratur
1059 1236 1299 1273 miraculum
1334 1245 1370 1273 et
1410 1237 1585 1285 quelibet

268 1291 409 1328 sillaba
427 1293 602 1329 nominis
626 1293 776 1330 indicat
800 1294 955 1330 notanti
980 1307 1140 1331 sensum
1165 1294 1380 1331 misticum.
1406 1296 1585 1331 Andreas

270 1349 425 1386 videtur
447 1351 594 1388 sentire
619 1351 805 1400 Philippo
828 1352 1024 1398 subtilius,
1050 1352 1254 1390 innuendo
1278 1354 1385 1401 quod
1405 1353 1586 1389 Christus

270 1408 399 1456 potuit
432 1410 618 1458 supplere
650 1410 895 1458 paucitatem
929 1411 1100 1458 prandii,
1134 1424 1180 1448 ac
1213 1411 1243 1447 si
1284 1420 1480 1459 argueret,
1521 1411 1586 1447 ille

212 1483 252 1504 20
269 1466 336 1514 qui
377 1467 572 1504 convertit
612 1480 758 1516 aquam
798 1468 838 1504 in
876 1468 1010 1505 vinum
1055 1470 1157 1516 (Joh.
1192 1471 1240 1517 ΙΙ)
1283 1469 1414 1517 potuit
1454 1469 1586 1505 multi—

269 1524 418 1572 plicare
452 1538 575 1574 panes
609 1525 726 1572 (sicut
760 1527 806 1563 de
831 1527 990 1563 Heliseo
1020 1527 1164 1575 legitur
1188 1528 1248 1564 IV.
1274 1529 1365 1575 Reg.
1393 1529 1470 1575 IV).
1506 1530 1585 1564 Nec

268 1595 337 1630 per
369 1583 716 1631 specificacionem
751 1584 927 1634 quinque
962 1585 1132 1622 millium
1162 1585 1338 1622 virorum
1365 1585 1586 1622 excluditur

267 1640 363 1689 quin
387 1650 499 1678 erant
522 1642 656 1691 plures
679 1655 849 1691 persone
882 1643 1093 1680 hominum
1126 1652 1303 1681 saturate
1336 1643 1374 1679 in
1408 1644 1483 1680 isto
1514 1644 1585 1680 mi-

267 1700 418 1745 raculo,
460 1700 553 1748 quia
593 1713 679 1737 mos
719 1709 776 1737 est
808 1701 1005 1749 scripture
1036 1701 1142 1739 viros
1175 1715 1197 1739 a
1230 1701 1368 1750 viginti
1401 1702 1515 1738 annis
1549 1711 1585 1739 et

211 1757 440 1805 25amplius
480 1771 693 1795 numerare
733 1761 791 1806 (ut
824 1768 933 1808 patet
966 1762 1084 1796 Num.
1120 1762 1185 1808 10),
1227 1769 1263 1797 et
1302 1760 1358 1796 sic
1398 1761 1585 1808 parvulos

267 1827 313 1851 ac
348 1815 532 1852 mulieres
557 1815 777 1863 dimittere;
802 1818 908 1854 unde
923 1817 1089 1854 Matthei
1104 1819 1225 1864 X1V0,
1244 1828 1288 1854 21
1320 1831 1500 1866 expresse
1524 1831 1584 1854 ex-

268 1873 472 1921 cipiuntur
505 1873 691 1911 mulieres
731 1883 769 1911 et
806 1875 961 1924 parvuli
1000 1877 1048 1912 ab
1089 1875 1164 1913 isto
1203 1888 1385 1913 numero.
1422 1876 1469 1912 Et
1510 1877 1584 1912 hoc

268 1930 398 1979 signat
431 1933 539 1980 quod
571 1945 653 1969 non
686 1945 826 1970 omnes
860 1933 927 1982 qui
960 1933 1223 1982 spiritualiter
1255 1942 1346 1970 sunt
1378 1934 1480 1982 pasti
1515 1947 1585 1982 per

269 1989 469 2026 Christum
498 1999 613 2027 erunt
635 1990 805 2028 virentes
829 1991 869 2028 in
893 1991 1152 2037 beatitudine,
1178 1992 1279 2029 sicut
1302 1992 1435 2028 fenum
1460 1992 1584 2029 viride

210 2054 251 2085 30
267 2047 397 2095 signat
435 2050 542 2096 quod
587 2049 792 2086 humilitas
837 2062 880 2086 ex
924 2050 1088 2098 propria
1132 2051 1345 2099 fragilitate
1390 2060 1585 2099 concepta

267 2105 361 2142 facit
394 2105 525 2142 cibum
551 2106 802 2155 spiritualem
836 2117 1070 2156 perceptum
1105 2122 1197 2145 suos
1221 2110 1382 2145 edentes
1406 2109 1582 2145 converti

267 2163 306 2199 in
341 2163 443 2200 filios
476 2164 598 2213 regni,
632 2165 734 2202 sicut
762 2166 938 2203 medium
963 2166 1173 2204 continens
1198 2175 1325 2203 mutat
1350 2176 1581 2204 contentum

267 2221 306 2257 in
340 2234 451 2259 suam
487 2222 634 2260 crisim.

325 2281 373 2316 Et
405 2289 514 2328 patet
548 2283 754 2330 quomodo
787 2282 968 2319 Christus
1002 2285 1245 2332 quandoque
1274 2283 1365 2320 fecit
1390 2283 1583 2320 miracula

210 2343 249 2376 35
267 2337 517 2386 imperando,
552 2348 594 2375 ut
618 2339 673 2376 sic
697 2342 882 2377 ostendat
905 2354 1016 2378 suam
1045 2341 1306 2387 divinitatem,
1342 2343 1584 2390 quandoque

266 2397 421 2432 orando
459 2398 528 2433 sed
567 2398 697 2434 solum
731 2400 858 2435 Deum
899 2407 935 2435 et
973 2400 1103 2436 solum
1137 2399 1176 2436 in
1210 2399 1292 2436 eius
1330 2399 1507 2446 nomine,
1542 2408 1583 2435 ut

336 2514 360 2534 2.
383 2507 404 2534 B
425 2507 455 2534 in
477 2515 591 2543 marg:
620 2508 732 2536 Abicio
762 2508 876 2537 Christi
906 2509 935 2537 in
966 2514 1104 2537 montem
1135 2515 1162 2538 et
1191 2510 1288 2538 sessio
1319 2511 1391 2547 quid
1423 2511 1582 2547 significat.

265 2551 295 2575 4.
316 2543 360 2569 A:
383 2542 520 2578 quilibet.
559 2551 585 2579 7.
607 2543 650 2571 A:
672 2543 814 2579 superius
836 2549 867 2571 ut
886 2549 941 2572 est.
981 2545 1009 2580 8,
1026 2554 1055 2581 9.
1076 2546 1121 2572 A:
1142 2545 1225 2581 quod
1242 2546 1445 2582 Evangelista.
1486 2554 1514 2582 9.
1536 2547 1581 2573 A:

266 2577 463 2611 apprehensi.
517 2585 557 2605 10.
580 2578 624 2605 A:
646 2577 676 2605 in
699 2579 789 2616 pleno
810 2583 978 2607 attestatur.
1032 2588 1064 2607 ιι.
1086 2581 1130 2607 A:
1154 2589 1246 2621 super
1262 2597 1293 2600 —
1309 2585 1468 2608 attestatur
1488 2580 1582 2608 deest.

268 2612 304 2639 15.
326 2612 353 2638 Α
375 2612 404 2639 in
427 2620 522 2646 marg.
545 2621 614 2648 sup.
636 2613 687 2639 sol.
707 2613 788 2641 1500:
810 2612 865 2641 Est
879 2622 960 2650 puer
977 2623 1056 2650 unus
1076 2615 1124 2642 hic
1144 2623 1195 2651 qut
1216 2616 1308 2643 nabet
1325 2616 1406 2652 quin¹
1421 2624 1458 2643 ue
1477 2624 1582 2650 panes.

265 2646 406 2673 J011.V1.
436 2647 580 2682 Quinque
608 2656 702 2682 panes
729 2648 786 2675 dici
816 2653 946 2686 possunt
972 2650 1099 2676 verbum
1128 2650 1263 2677 veritatis
1290 2650 1371 2689 quod
1422 2651 1487 2677 ebct
1517 2659 1582 2677 esse

267 2681 353 2708 salsis
385 2681 414 2708 in
443 2681 652 2717 proverbium,
682 2691 760 2717 opus
794 2683 915 2718 pietatis
942 2684 1101 2719 egentibus
1127 2684 1155 2711 in
1184 2685 1368 2715 subsidium,
1400 2685 1498 2712 luctus
1527 2693 1582 2718 pro

268 2716 400 2751 peccatis
427 2715 675 2751 delinquentibus
702 2717 738 2744 ad
767 2717 948 2751 remedium,
976 2719 1075 2746 hostia
1104 2719 1245 2746 salutaris
1267 2719 1531 2755 peregrinantibus
1552 2719 1580 2745 in

267 2749 422 2781 viaticum,
445 2759 521 2785 pena
541 2752 711 2786 corporalis
732 2752 942 2780 laborantibus
962 2754 999 2780 ad
1021 2753 1185 2789 premium.
1297 2754 1337 2782 16.
1360 2755 1403 2781 A:
1426 2755 1581 2792 qut-lebet:

269 2793 305 2820 ¹7-
324 2784 362 2812 C:
385 2785 521 2812 notandi.
562 2794 603 2821 ¹9-
625 2787 669 2814 A:
691 2792 718 2814 et
739 2787 782 2814 sic
803 2786 838 2814 si.
876 2786 919 2814 23.
942 2787 1007 2815 BC:
1030 2788 1150 2816 saciare.
1191 2789 1237 2816 26.
1259 2790 1302 2816 A:
1325 2789 1449 2816 Matthel
1472 2789 1580 2816 xxlx':

267 2820 289 2847 B
320 2820 349 2846 in
379 2828 492 2854 marg:
524 2820 644 2849 Parvuli
675 2830 689 2848 a
721 2821 844 2849 Christo
874 2822 952 2857 pasti
984 2831 1043 2850 nou
1074 2823 1285 2850 connumerati
1318 2823 1390 2858 quid
1421 2823 1443 2849 si
1470 2823 1580 2850 niticut.

267 2855 313 2892 28.
335 2855 379 2893 ΑΞ
401 2855 499 2889 signat
520 2855 613 2894 deest.
707 2864 754 2892 25).
776 2858 819 2883 A:
842 2856 919 2884 sicut
940 2866 1054 2885 semen.
1140 2857 1186 2892 34.
1209 2858 1229 2885 B
1251 2858 1279 2885 in
1304 2866 1417 2893 marga
1440 2831 1581 2885 ghristus

268 2889 478 2917 diversimode
498 2890 567 2916 t'ccxt
590 2890 746 2918 miracula,
822 2890 863 2918 35.
885 2891 950 2919 BC:
973 2892 1164 2919 divinitatem
1186 2908 1217 2913 -
1239 2901 1324 2919 suam
1347 2893 1441 2920 deest.

1809 266 1877 298 141

1674 536 1721 563 All
1745 541 1808 563 acts

1639 571 1784 598 recorded
1806 572 1841 598 ot'

1622 606 1726 633 Christ
1748 606 1822 633 have
1844 615 1858 633 a

1669 640 1807 676 mystical

1664 675 1813 709 teuching.

1623 1187 1757 1215 Lcssons
1778 1188 1857 1215 from

1619 1223 1668 1249 the
1690 1223 1813 1250 miracle
1834 1223 1868 1249 01*

1649 1257 1698 1284 the
1720 1258 1832 1284 loaves.
