2017 3353
131 842 198 870 The
219 843 343 870 Church

149 878 280 905 militant
299 877 325 904 is

168 913 309 948 growing

110 955 209 974 worse
229 946 361 982 through

133 982 340 1015 endownient‚

179 1307 290 1333 monks

145 1482 203 1509 and
225 1481 326 1509 t‘riars.

685 325 908 357 JOHANNIS
927 325 1116 358 WYCLIF
1133 326 1394 359 SERMONUM
1425 313 1576 371 [SERMO
1592 323 1702 352 XXVI-

388 432 496 479 quod
518 432 597 468 tale
619 431 721 468 ovile
745 440 801 467 est
824 430 1184 479 completissimum
1207 431 1436 480 ubicunque
1449 432 1510 469 vel
1525 433 1705 481 quando-

389 502 545 538 cunque
577 489 779 537 possibile,
813 497 855 524 ut
885 497 993 536 patet
1017 488 1178 525 racione
1202 489 1460 526 beatitudinis
1484 499 1520 526 et
1543 490 1705 526 alterius

388 547 694 583 circumstancie
727 546 1011 595 cuiuscunque.
1046 548 1123 583 Sed
1156 546 1258 583 absit
1290 559 1333 583 ex
1366 547 1441 583 isto
1474 556 1580 584 textu
1614 560 1705 584 con—

389 605 548 641 cludere
582 606 689 653 quod
728 617 846 641 nemo
885 604 1171 652 dampnabitur
1209 605 1267 640 vel
1309 607 1417 653 quod
1449 617 1493 641 ex
1526 605 1706 653 prescitis

388 675 434 699 ac
466 662 747 710 predestinatis
782 662 846 698 fiet
880 675 980 698 unus
1013 674 1161 698 cuneus
1199 664 1421 699 beatorum.
1477 665 1576 699 Nam
1611 663 1706 699 satis

389 729 445 756 est
485 722 591 768 quod
630 733 769 756 omnes
808 720 881 756 iste
918 728 1024 756 secte
1062 732 1227 756 erronee
1267 729 1381 756 erunt
1415 722 1614 757 destructe
1647 722 1707 757 vel

388 779 438 814 ad
471 787 620 815 sectam
656 777 803 814 Christi
838 777 1010 814 finaliter
1044 786 1240 814 revocate.

446 838 500 871 Ex
538 836 613 872 isto
653 835 856 883 evangelio
897 849 985 871 cum
1028 835 1333 872 introduccione
1365 845 1563 873 sectarum
1598 845 1706 884 patet
1742 847 1746 850 ·

387 895 495 942 quod
535 894 701 930 ecclesia
743 893 918 930 militans
963 893 1246 930 deteriorando
1289 894 1483 941 procedit,
1528 906 1621 930 nam
1668 894 1706 930 in

386 951 518 999 primo
550 953 677 999 gradu
700 953 862 1000 quando
895 963 993 999 pure
1016 952 1274 999 regulabatur
1297 952 1464 988 ecclesia
1487 953 1703 988 secundum

386 1010 511 1057 legem
531 1009 692 1045 Domini
718 1010 886 1045 multum
912 1009 1046 1056 crevit,
1070 1010 1138 1045 sed
1163 1010 1300 1045 dotata
1324 1009 1489 1046 ecclesia
1514 1018 1550 1046 et
1574 1010 1706 1045 multi-

386 1067 555 1115 plicibus
588 1067 878 1104 tradicionibus
907 1067 1149 1103 deteriorata
1173 1075 1229 1103 est
1253 1067 1448 1115 pravitate
1470 1067 1704 1113 simoniaca,

386 1125 613 1162 ambicione
653 1127 856 1162 mundana
901 1134 937 1161 et
977 1125 1194 1161 omissione
1233 1124 1354 1161 officii
1398 1125 1624 1173 pastoralis,
1670 1134 1707 1162 et

386 1185 562 1220 secundo
602 1183 908 1231 possessionatis
947 1182 1142 1230 religiosis
1177 1191 1213 1219 et
1251 1183 1339 1231 plus
1384 1196 1504 1231 quam
1554 1183 1706 1231 priores

388 1241 520 1278 clerici
555 1243 706 1277 mundo
740 1241 891 1278 affectis
925 1242 1013 1289 plus
1046 1240 1330 1288 incorporatur
1363 1240 1574 1288 cupiditas,
1619 1242 1706 1289 plus

386 1308 604 1336 venenatur
641 1298 910 1347 obligatorum
953 1299 1221 1335 communitas
1261 1307 1297 1335 et
1339 1299 1428 1346 plus
1460 1299 1708 1335 subtrahitur

387 1357 590 1405 regiminis
634 1357 848 1405 pastoralis
892 1356 1117 1402 assiduitas,
1163 1365 1200 1392 et
1245 1368 1288 1392 ex
1327 1357 1402 1392 hoc
1442 1356 1571 1393 maior
1615 1370 1707 1405 pars

386 1415 552 1452 ecclesie
585 1428 655 1463 per
689 1415 869 1463 Sergium
905 1415 1147 1451 monachum
1182 1423 1413 1451 venenatur.
1467 1416 1543 1451 Sed
1582 1415 1707 1452 tercio

385 1473 644 1510 subtilissima
683 1473 901 1509 calliditate
935 1472 1084 1509 diaboli
1116 1472 1342 1508 introducte
1375 1481 1465 1508 sunt
1495 1474 1706 1509 mendaces

385 1539 490 1567 secte
536 1530 856 1567 mendicancium
903 1539 940 1567 et
991 1539 1157 1579 propter
1208 1530 1375 1578 spissam
1423 1530 1703 1567 seduccionem

386 1589 536 1625 diaboli
569 1601 647 1637 qua
679 1588 825 1637 spoliat
870 1600 1014 1636 egenos
1052 1600 1122 1636 per
1161 1587 1390 1625 huiusmodi
1434 1588 1705 1633 mendicantes

386 1646 590 1683 invalescit
622 1646 816 1695 ypocrisis
850 1655 886 1683 et
919 1645 1052 1683 deficit
1086 1645 1279 1682 discrecio
1313 1645 1533 1682 catholicos
1567 1648 1616 1682 ab
1648 1646 1705 1682 in-

386 1705 569 1741 fidelibus
610 1704 874 1741 discernendi.
920 1706 968 1740 Et
1012 1704 1052 1739 in
1096 1703 1172 1740 isto
1210 1703 1334 1740 tercio
1374 1703 1486 1752 signo
1531 1704 1704 1752 pessimo

383 1775 455 1810 per
487 1763 557 1799 Dei
590 1762 766 1811 graciam
806 1762 947 1798 ultimo
979 1761 1260 1798 terminabitur
1282 1761 1562 1798 Antichristus.
1596 1761 1705 1798 Sicut

386 1820 490 1856 enim
524 1820 675 1869 rapinis
707 1820 919 1856 subtilibus
949 1819 1123 1868 spoliant
1146 1819 1263 1856 titulo
1286 1819 1479 1867 ypocrisis
1503 1819 1704 1868 simplices

385 1887 555 1927 egentes,
595 1878 650 1915 sic
684 1879 932 1915 confundunt
965 1877 1157 1914 iudicium
1183 1877 1358 1914 fidelium
1391 1879 1440 1914 ab
1464 1877 1703 1918 infidelibus,

384 1948 429 1972 ac
463 1936 493 1971 si
518 1936 573 1972 illi
598 1936 671 1972 soli
694 1936 823 1972 forent
847 1936 949 1972 inter
971 1935 1123 1972 viantes
1147 1937 1194 1972 de
1215 1948 1382 1971 numero
1406 1936 1702 1972 salvandorum.

384 1995 432 2029 Et
465 1994 520 2030 sic
554 2007 625 2042 per
647 1993 808 2042 rapinas
832 1993 1081 2030 insensibiles
1105 1993 1313 2030 debilitant
1337 2006 1457 2041 regna
1481 2002 1517 2030 et
1541 2002 1703 2030 cunctas

384 2064 522 2087 eorum
556 2061 690 2100 partes
724 2052 877 2100 priores
914 2060 957 2088 ut
997 2052 1162 2097 clerum,
1203 2052 1382 2087 seculare
1421 2051 1628 2088 brachium
1666 2061 1702 2087 et

1726 969 1764 989 11)

1729 1248 1763 1279 15

1722 1547 1764 1567 20

1721 1826 1762 1859 25

383 2110 578 2157 vulgares,
612 2111 662 2146 ad
695 2118 851 2146 tantum
885 2110 993 2158 quod
1027 2109 1210 2145 diabolus
1243 2108 1392 2145 cecavit
1427 2110 1497 2145 hos
1530 2110 1701 2157 populos
1719 2115 1760 2146 30

387 2169 494 2215 quod
540 2176 682 2215 putant
728 2169 776 2204 de
820 2176 971 2216 quanto
1014 2167 1226 2215 vulgentur
1269 2166 1409 2215 rapina
1460 2166 1609 2203 diaboli
1655 2169 1701 2203 de

383 2233 496 2261 tanto
530 2225 746 2273 proficiunt
779 2227 829 2262 ad
862 2224 1149 2262 beatitudinem
1184 2225 1520 2272 consequendam.

442 2284 490 2318 Et
524 2282 598 2319 ista
633 2292 690 2319 est
723 2282 988 2331 periculosior
1011 2282 1168 2328 cecitas,
1204 2295 1281 2330 qua
1305 2294 1375 2330 per
1396 2281 1698 2329 generacionem

384 2341 608 2376 adulteram
631 2340 796 2377 ecclesia
821 2349 877 2377 est
902 2348 1056 2381 cecata:
1095 2348 1249 2388 ponunt
1272 2339 1374 2376 enim
1401 2348 1555 2376 tantum
1580 2341 1702 2375 robur

456 2448 476 2468 1.
494 2447 518 2466 2.
535 2441 579 2467 A:
601 2440 646 2467 vel
670 2440 929 2475 quandocumque
951 2440 1046 2466 deest.
1138 2447 1164 2466 2.
1185 2440 1229 2466 A:
1253 2439 1343 2466 racio.
1417 2449 1446 2473 4.
1468 2441 1510 2466 A:
1533 2440 1584 2466 sed
1607 2440 1700 2475 quod.

387 2473 411 2501 5.
434 2474 501 2501 BC:
524 2479 550 2501 et
573 2475 806 2509 predestinatis:
834 2475 874 2501 ib.
896 2475 940 2501 A:
962 2482 1077 2501 cuneus
1099 2474 1200 2505 deest;
1221 2474 1250 2501 in
1272 2474 1356 2501 cod.:
1379 2474 1496 2501 lacuna.
1587 2483 1613 2509 7.
1636 2475 1701 2501 BC:

386 2509 517 2535 finaliter
537 2509 631 2536 deest.
689 2509 715 2536 8.
732 2510 760 2536 A
775 2509 804 2536 in
822 2517 935 2536 marta:
958 2508 1073 2535 Contra
1095 2509 1362 2543 possessionatos:
1384 2517 1404 2535 l.
1460 2517 1488 2544 9.
1505 2509 1527 2536 13
1543 2509 1571 2535 in
1588 2517 1700 2544 marg:

384 2543 520 2570 Ecclesia
543 2543 678 2570 militans
699 2544 857 2578 quomodo
880 2529 1095 2570 deteriorando
1117 2543 1265 2578 procedit.
1346 2552 1387 2570 10.
1409 2544 1453 2570 A:
1477 2543 1578 2578 primo
1600 2544 1700 2573 deest:

383 2578 423 2605 ib.
440 2579 484 2605 A:
507 2577 554 2612 pie
571 2578 747 2613 regnabitur
762 2578 898 2605 ecclesia.
966 2585 1050 2607 11,12.
1069 2578 1133 2605 BC:
1156 2578 1377 2612 multiplicatis.
1445 2577 1482 2605 13.
1498 2579 1542 2605 A:
1563 2582 1591 2605 et
1605 2578 1699 2605 deest.

384 2621 426 2646 14.
448 2613 492 2639 A:
516 2612 710 2646 religiosum:
738 2613 778 2639 ib.
801 2614 828 2639 A
849 2613 878 2639 in
900 2621 1013 2646 marg:
1036 2620 1061 2639 2.
1159 2613 1199 2639 18.
1220 2613 1264 2639 A:
1288 2612 1472 2647 Gregorium
1495 2613 1699 2645 monachum:

383 2647 423 2674 ib.
442 2647 480 2674 1³:
502 2647 662 2681 Sergium:
685 2647 877 2681 transscript.
922 2647 950 2673 ui
972 2647 1027 2673 suit
1049 2646 1151 2673 socius
1167 2647 1368 2679 Machomess:
1390 2647 1429 2674 ib.
1446 2647 1517 2674 Ain
1540 2655 1652 2682 marg:
1674 2646 1698 2674 3.

385 2690 427 2714 lt).
449 2682 477 2708 A
498 2682 528 2708 in
550 2690 664 2716 marg:
686 2681 801 2708 Contra
823 2681 890 2708 Men
918 2682 1042 2708 icantes.
1106 2689 1148 2708 22.
1165 2682 1209 2708 A:
1232 2681 1343 2708 desinit
1364 2681 1524 2709 discrecio,
1587 2690 1633 2715 24.
1655 2683 1699 2708 A:

385 2714 586 2751 clamabitur;
608 2716 646 2743 B:
668 2716 892 2751 criminabitur.
984 2716 1026 2743 25.
1048 2717 1091 2743 A:
1114 2716 1268 2750 spoliavit.
1360 2716 1406 2743 26.
1430 2716 1495 2743 BC:
1516 2716 1696 2752 indigentes.

384 2758 429 2777 Y.
453 2750 494 2777 C:
516 2751 630 2779 fierent.
729 2751 774 2777 28.
796 2750 839 2777 A:
862 2750 1046 2780 debilitaxit:
1074 2751 1113 2777 ib.
1136 2752 1179 2777 A:
1201 2754 1326 2778 cunctas
1347 2751 1440 2777 deest.
1532 2759 1578 2781 20.
1598 2752 1643 2778 A:
1665 2759 1698 2777 ac

385 2768 516 2813 cierunt.
583 2784 630 2813 30.
651 2786 696 2812 A:
717 2789 834 2812 tanturn
856 2785 937 2820 quia.
1005 2784 1043 2812 31.
1065 2786 1108 2812 A:
1131 2785 1314 2819 mulgentur.
1379 2784 1425 2819 34.
1447 2786 1491 2812 A:
1513 2781 1561 2812 est‘
1577 2787 1697 2812 cecitas.

453 2844 485 2877 8.
507 2845 560 2878 Cf.
578 2844 737 2888 Wyclif's
764 2845 813 2876 De
838 2844 991 2876 Ecclesia
1020 2855 1119 2888 pagg.
1141 2854 1217 2888 290,
1237 2846 1312 2885 333,
1333 2845 1411 2887 517.
1438 2845 1490 2876 Cf.
1508 2844 1695 2876 polemical

386 2891 517 2922 Works
543 2892 598 2923 ed.
626 2892 670 2934 by
698 2891 933 2933 Buddensieg,
960 2901 1036 2933 pag.
1066 2893 1143 2933 597,
1173 2893 1239 2923 and
1266 2892 1380 2923 Select
1409 2890 1550 2932 English
1568 2891 1697 2922 Works

384 2939 437 2968 ed.
467 2937 509 2979 by
536 2939 669 2969 Arnold
698 2938 751 2978 111,
777 2947 854 2979 pag.
883 2937 1073 2980 245—299.
