2017 3353
158 297 231 343 154

196 1450 263 1477 The
284 1450 366 1476 chief

187 1485 299 1520 priests
320 1485 378 1511 and

205 1520 362 1546 l’harisees

145 1554 262 1581 wished
280 1555 372 1581 l’ilate
391 1558 421 1581 to

149 1590 220 1615 bear
245 1589 294 1616 the
325 1589 422 1616 blame

193 1624 228 1651 ot·
245 1624 376 1651 Christ's

235 1658 334 1686 death.

723 305 948 337 JOHANNIS
974 304 1158 337 WYCLIF
1185 304 1446 337 SERMONUM
1468 290 1620 348 [SERMO
1644 302 1751 330 XXIII.

437 412 515 448 sint
548 412 865 460 prevaricatores
898 411 1079 447 omnium
1113 413 1397 448 mandatorum
1423 411 1623 459 decalogi3
1647 413 1752 448 unde

437 471 539 506 hanc
583 470 767 518 rapinam
808 469 980 518 pertinet
1018 469 1101 517 regi
1141 478 1177 506 et
1217 469 1382 506 brachio
1421 469 1591 506 seculari
1631 469 1751 506 extin-

435 541 555 575 guere
588 529 695 576 quod
729 536 862 576 posset
886 526 1055 564 faciliter
1079 527 1213 564 fictam
1239 527 1470 564 elemosiam
1497 529 1749 575 abnegando

911 651 1104 692 SERMO
1136 652 1281 693 XXIII.

492 761 627 796 Altera
661 768 786 797 autem
821 760 882 796 die
914 772 984 808 que
1017 767 1071 795 est
1098 767 1188 808 post
1216 760 1458 795 Parasceuen
1498 762 1786 796 convenerunt5

432 819 630 867 principes
673 819 918 855 sacerdotum
966 825 1001 853 et
1040 818 1217 866 pharisei
1265 818 1316 852 ad
1360 817 1540 853 Pilatum.
1587 817 1752 853 Matthei

436 877 609 922 XXV110‚
645 878 710 913 62.

496 937 537 970 In
582 935 658 971 fine
702 942 811 982 patet
862 935 911 970 ad
960 932 1115 969 literam
1165 934 1369 981 quomodo
1415 932 1575 969 Christo
1621 932 1754 969 occiso

437 992 713 1041 principaliter
751 1005 822 1040 per
860 991 1059 1040 principes
1099 993 1353 1027 sacerdotum
1398 1000 1434 1027 et
1468 990 1755 1027 ministratorie

438 1063 508 1098 per
541 1051 686 1087 milites
720 1059 757 1087 et
790 1050 889 1086 alios
924 1062 1061 1086 eorum
1096 1049 1300 1085 ministros
1332 1049 1586 1097 Evangelista
1618 1057 1812 1086 narratio

438 1108 534 1157 quid
579 1108 618 1145 in
669 1108 852 1157 proximo
903 1107 1083 1156 sequenti
1134 1109 1302 1144 sabbato
1354 1116 1438 1144 erat
1488 1108 1651 1144 factum.
1705 1108 1753 1142 Et

438 1167 531 1215 quia
578 1180 660 1203 non
715 1166 935 1203 sufficimus
992 1178 1097 1202 nunc
1148 1174 1275 1201 totum
1330 1165 1526 1214 passionis
1570 1165 1752 1201 ordinem

437 1225 661 1273 explanare,
707 1225 797 1261 ideo
841 1223 951 1260 illam
996 1232 1152 1272 partem
1199 1236 1274 1271 que
1319 1223 1358 1259 in
1404 1223 1571 1260 ecclesia
1610 1222 1754 1270 legitur

436 1295 506 1331 per
539 1284 705 1319 modum
740 1281 932 1330 evangelii
966 1290 1088 1318 restat
1120 1294 1338 1330 parumper
1362 1293 1571 1330 exponere.
1606 1283 1752 1317 Narrat

435 1341 539 1377 enim
584 1342 784 1378 Mattheus
835 1341 1040 1389 quomodo
1084 1341 1209 1376 altera
1253 1339 1315 1376 die
1360 1348 1449 1387 post
1493 1339 1809 1385 Parasceuen,15

436 1400 512 1435 hoc
563 1408 632 1439 est,
681 1398 864 1447 proximo
915 1398 978 1434 die
1033 1399 1215 1446 sequenti
1275 1399 1442 1434 sabbato
1497 1405 1754 1433 convenerzmt

437 1456 627 1505 capitales
679 1456 832 1493 domini
884 1455 1096 1499 occisores,
1143 1457 1218 1492 hoc
1264 1465 1333 1501 est,
1381 1456 1577 1505 principes
1623 1468 1752 1492 sacer-

439 1516 568 1551 dotum
633 1523 667 1551 et
728 1515 916 1564 pharisei,
979 1515 1031 1550 ad
1094 1515 1261 1550 Pilatum
1319 1513 1505 1561 gentilem
1568 1522 1752 1561 respectu

438 1585 577 1609 eorum
617 1573 656 1609 in
696 1581 808 1621 parte
849 1571 1127 1617 excusabilem,
1167 1580 1210 1608 ut
1248 1571 1304 1608 sic
1342 1580 1617 1619 perpetratum
1658 1571 1752 1608 faci-

438 1644 510 1667 nus
549 1631 589 1666 in
628 1631 757 1679 ipsum
799 1630 1046 1666 effunderent
1093 1639 1130 1666 et
1175 1631 1221 1666 de
1266 1631 1443 1666 cavendo
1488 1629 1667 1677 periculo
1712 1629 1751 1665 in
1769 1639 1810 1660 20

437 1698 644 1737 posterum
684 1688 954 1737 providerent.
1000 1687 1063 1724 Sic
1102 1687 1305 1736 inquiunt:
1340 1688 1517 1732 Domine,
1557 1688 1755 1724 recordati

435 1760 567 1783 sumus
599 1747 684 1796 qnia
717 1748 898 1783 seductor
919 1746 983 1782 ille
1006 1746 1105 1781 dixit
1127 1746 1252 1782 adhuc
1276 1746 1424 1782 vivens:
1456 1746 1548 1782 Post
1570 1753 1650 1781 tres
1673 1746 1752 1782 dies

438 1818 644 1855 resurgam
682 1806 740 1851 (ut
773 1813 882 1853 patet
911 1803 1077 1840 Matthei
1106 1805 1278 1849 XXVHO,
1310 1804 1394 1852 63).
1429 1805 1514 1849 Que
1549 1803 1752 1840 sentencia

439 1863 572 1899 multis
618 1863 747 1899 modis
792 1864 841 1899 ad
885 1862 993 1910 ipsos
1037 1870 1195 1909 poterat
1240 1861 1459 1909 pervenire.
1499 1863 1751 1909 Acceperunt

437 1934 530 1969 ergo
564 1930 718 1969 partem
753 1920 953 1957 sentencie
986 1929 1023 1956 et
1055 1919 1164 1956 illam
1196 1919 1433 1956 dimiserunt
1457 1932 1532 1967 que
1564 1928 1679 1956 sonat
1712 1919 1750 1955 in
1768 1918 1806 1950 25

436 1980 595 2015 laudem
637 1978 783 2015 Christi
822 1978 1065 2027 presciencie
1106 1986 1142 2014 et
1179 1977 1403 2014 voluntarie
1441 1977 1645 2025 paciencie
1693 1978 1751 2024 (ut

436 2046 545 2085 patet
583 2050 703 2085 supra
737 2038 929 2073 Sermone
961 2037 1095 2083 XVII).
1131 2035 1344 2072 Inmiscent
1377 2044 1509 2072 autem
1552 2048 1595 2072 ex
1627 2048 1750 2083 pravo

437 2096 556 2131 corde
589 2108 660 2131 suo
695 2094 975 2143 blasphemias,
1016 2095 1197 2131 vocando
1221 2093 1439 2130 Dominum
1479 2093 1546 2142 qui
1579 2093 1750 2141 singula-

436 2153 532 2189 riter
566 2152 674 2189 ducit
708 2154 757 2189 ad
790 2152 961 2200 patriam
1003 2154 1270 2188 seductorem.
1310 2153 1402 2187 Ideo
1435 2164 1478 2187 ex
1511 2151 1750 2187 auctoritate

437 2220 473 2247 et
506 2223 702 2247 consensu
741 2210 886 2248 cesaris
926 2223 1015 2247 cum
1055 2209 1134 2246 suis
1166 2209 1335 2245 subditis
1372 2210 1582 2246 voluerunt
1620 2210 1749 2257 sepul·
1768 2210 1808 2241 30

437 2281 546 2305 crum
593 2268 739 2304 Christi
784 2281 908 2317 usque
953 2269 1003 2304 ad
1047 2267 1151 2304 diem
1196 2267 1363 2304 tercium
1411 2267 1615 2310 custodiri,
1657 2266 1750 2315 quia

436 2326 530 2374 ipsis
569 2326 608 2362 in
644 2326 777 2362 multis
810 2326 1017 2363 veritatem
1050 2326 1263 2362 verborum
1297 2324 1444 2361 Christi
1484 2325 1748 2364 crediderant,

436 2385 504 2421 sed
571 2386 734 2420 modum
801 2397 879 2432 quo
945 2383 1125 2420 Christus
1189 2392 1411 2430 resurgeret
1476 2382 1750 2430 multipliciter

437 2444 718 2490 depravarunt.
745 2442 803 2478 Ne
823 2443 950 2490 sorte,
983 2440 1181 2489 inquiunt,
1217 2441 1366 2477 veniant
1399 2440 1576 2490 discipuli
1606 2441 1685 2477 eius
1716 2448 1750 2476 et

504 2551 533 2575 4.
554 2541 607 2568 AB
629 2541 657 2568 iu
680 2549 793 2568 marm:
816 2542 925 2569 Sermo
952 2541 1067 2568 XXIII:
1090 2540 1129 2567 C:
1151 2541 1180 2567 iu
1203 2540 1298 2567 ramis
1318 2540 1504 2567 I'almarum.
1584 2539 1608 2567 5.
1630 2540 1674 2566 A:
1697 2540 1750 2566 Pa-

437 2576 603 2607 rasseium;
625 2580 722 2602 cetera
744 2562 864 2602 desunt.
967 2576 993 2602 8.
1016 2574 1081 2602 BC:
1105 2575 1217 2602 Christi
1239 2574 1363 2601 occisio.
1468 2583 1508 2602 10.
1531 2573 1597 2601 BC:
1619 2574 1748 2600 aliorum

438 2610 606 2637 ministros.
663 2618 697 2637 11.
715 2609 780 2637 BC:
804 2610 946 2644 proximo
967 2610 1060 2637 deest.
1125 2618 1161 2636 12.
1180 2609 1219 2636 C:
1249 2609 1396 2636 wassionis
1416 2609 1594 2643 capitolum.
1651 2608 1689 2636 15.
1705 2609 1748 2635 A:

437 2645 516 2683 enim
538 2645 639 2678 deest;
670 2644 710 2672 ib.
731 2646 774 2672 A:
797 2645 1000 2671 I'arasceium.
1101 2644 1141 2671 ΜΞ.
1164 2646 1207 2671 A:
1231 2618 1278 2671 ciie
1300 2643 1436 2682 sequenti
1458 2644 1552 2670 deest.
1576 2678 1579 2679 .
1644 2651 1683 2678 17.
1704 2644 1748 2670 A:

438 2688 590 2714 prmceps.
700 2687 741 2714 ις).
763 2680 807 2706 A:
837 2687 942 2706 eorum
962 2679 1057 2706 deest.
1166 2687 1212 2706 20.
1234 2680 1278 2705 A:
1306 2678 1476 2709 ettuudere:
1504 2678 1543 2705 ib.
1566 2677 1631 2704 BC:
1660 2683 1687 2704 et
1707 2682 1748 2704 ut.

436 2722 475 2740 21.
497 2715 540 2741 A:
572 2714 623 2741 Sic
652 2714 760 2748 iuquit.
851 2721 894 2740 22.
916 2715 959 2740 A:
991 2714 1072 2748 quod
1104 2713 1247 2740 seductor
1275 2713 1341 2740 iste.
1432 2712 1565 2740 23.A13:
1596 2716 1627 2738 ut
1648 2712 1748 2739 deest:

437 2748 476 2774 ib.
499 2748 615 2775 Codd.:
639 2748 718 2775 Luce
738 2748 848 2775 XVIII.
962 2748 1005 2776 25.
1028 2748 1094 2775 BC:
1116 2748 1306 2775 dimiserant.
1413 2748 1459 2774 28.
1480 2748 1523 2774 A:
1551 2746 1748 2781 blasphemis.

436 2782 482 2814 30,
504 2782 542 2810 31.
569 2784 614 2810 A:
646 2783 845 2818 sepulturam.
932 2782 971 2810 31.
994 2783 1031 2810 B:
1054 2783 1218 2810 custodire.
1304 2781 1346 2809 32.
1370 2781 1434 2808 BC:
1456 2781 1560 2808 iux-itis
1580 2781 1748 2807 veritatem.

436 2816 478 2844 33.
501 2816 540 2844 C:
563 2817 737 2855 quomodo:
760 2817 798 2844 ib.
815 2817 853 2844 B:
876 2817 1032 2852 quomodo
1049 2817 1196 2845 correxit.-
1213 2825 1282 2852 quo.
1357 2816 1403 2847 32.
1426 2815 1465 2843 C:
1488 2816 1748 2850 dampnaverunt·

436 2852 476 2879 ib.
498 2853 542 2878 A:
564 2855 641 2879 torte
661 2852 755 2879 deest.

510 2923 537 2954 5.
565 2923 616 2954 Cf.
643 2922 809 2965 Wyclif's
837 2922 1003 2953 Sermons
1029 2923 1053 2962 Ι,
1085 2922 1156 2954 128.
