2017 3353
266 255 556 314 sflRim›xxxv]
776 269 916 301 PRJMA
944 269 1070 301 PARS.
1793 262 1869 299 235

721 452 913 494 SERMO
947 454 1114 495 XXXV.

324 564 450 598 Erant
494 561 847 611 appropinquantes
889 560 941 595 ad
971 560 1100 596 Jesunz
1141 561 1341 610 publicani
1378 569 1411 598 et
1446 574 1582 610 pecca-

265 629 381 664 tores,
415 628 453 656 ut
485 620 664 656 audirent
696 619 816 654 illum.
853 620 958 654 Luce
990 619 1093 662 XV0‚
1136 632 1166 655 1.

323 677 488 715 Celestis
543 676 722 713 medicus
776 685 812 712 et
864 676 1247 722 incontaminabilis,
1293 677 1430 714 videns
1476 680 1583 726 quod
1636 688 1839 729 lteqsonsstu·

233 735 467 785 §publicani
502 744 538 772 et
571 744 803 783 peccatores
836 742 927 771 sunt
959 734 1171 781 sanabiles,
1202 734 1296 783 quia
1318 735 1428 772 verbi
1463 723 1872 794 diviniaswffi'ssssffigswnh

266 806 445 843 capaces,
492 795 600 842 quod
645 802 702 829 est
747 792 863 829 huius
908 792 1163 830 manifestum
1208 793 1415 837 indicium,
1461 793 1855 845 voluit1‘11bJjCss1ff-fflld

266 851 531 900 corporaliter
564 850 863 888 communicare
897 863 988 888 cum
1021 851 1099 888 illis
1128 860 1294 900 propter
1329 851 1418 898 tria,
1452 852 1585 900 primo
1671 837 1802 857 smnus.

266 920 306 947 ut
339 912 388 947 ad
422 909 698 947 confusionem
731 910 999 957 superborum
1032 909 1311 958 phariseorum
1345 909 1452 958 ipsos
1493 923 1586 947 con-

264 978 447 1007 verteret.
482 969 659 1005 secundo
698 976 742 1004 ut
781 969 894 1004 daret
926 967 1084 1005 vicariis
1118 968 1197 1004 suis
1232 969 1458 1016 exemplum
1494 982 1586 1005 con-

213 1043 248 1064 ιο
265 1026 515 1064 currentibus
561 1025 880 1063 circumstanciis
924 1025 1095 1063 faciendi
1135 1025 1332 1073 similiter,
1381 1035 1417 1062 et
1462 1026 1586 1064 tercio

265 1095 306 1122 ut
351 1086 536 1121 ostendat
581 1084 712 1132 ipsum
759 1097 842 1120 esse
887 1083 1095 1120 dominum
1143 1094 1179 1121 et
1213 1085 1456 1122 salvatorem
1495 1098 1587 1133 gen-

266 1143 371 1180 cium
404 1156 485 1179 non
518 1143 776 1179 solummodo
807 1143 1041 1179 judeorum.
1067 1144 1144 1179 Sed
1178 1142 1353 1191 pharisei
1387 1152 1424 1179 et
1458 1142 1586 1180 scribe

266 1202 583 1250 blasphemando
617 1209 858 1238 accusarunt
892 1200 1095 1237 Christum
1130 1201 1170 1238 in
1203 1201 1292 1247 isto,
1327 1202 1395 1237 sed
1430 1200 1513 1249 ipse
1547 1201 1587 1237 in
1619 1212 1863 1240 Parableosme

265 1260 459 1308 parabola
492 1259 547 1296 sic
581 1260 870 1307 condempnat:
903 1259 998 1303 Quis
1029 1271 1080 1296 ex
1113 1259 1217 1295 vobis
1249 1260 1362 1295 homo
1398 1261 1587 1296 cordatus
1646 1248 1705 1275 ¹⁰³4
1726 1248 1830 1282 sheep.

214 1317 410 1356 &virtute
454 1318 518 1366 qm·
559 1318 671 1353 habet
714 1324 862 1354 centum
908 1330 1009 1363 oves,
1063 1330 1233 1365 quarum
1280 1317 1463 1354 custodia
1515 1319 1586 1354 sub

264 1388 367 1424 pena
419 1374 699 1412 intollerabilis
750 1374 915 1423 dampni
969 1384 1025 1411 est
1077 1375 1152 1411 sibi
1197 1375 1426 1420 commissa,
1479 1383 1514 1412 et
1556 1376 1590 1412 si

260 1434 481 1484 perdiderit
512 1446 624 1469 unam
659 1446 710 1470 ex
741 1434 830 1479 illis,
862 1446 984 1470 nonne
1022 1433 1178 1469 dimittit
1209 1433 1419 1484 nonaginta
1453 1447 1586 1470 novem

265 1493 301 1528 in
336 1492 487 1528 deserto
520 1499 555 1528 et
588 1492 693 1527 vadit
724 1493 776 1527 ad
806 1492 913 1527 illam
947 1504 1017 1540 que
1045 1492 1234 1541 pei-ierat,
1269 1492 1389 1528 donec
1422 1492 1588 1528 inveniat

266 1551 372 1586 illam
417 1558 452 1586 et
495 1562 579 1586 cum
624 1550 812 1587 invenerit
854 1550 960 1585 illam
1006 1550 1166 1600 imponit
1215 1551 1250 1586 in
1296 1551 1468 1587 humeris
1509 1551 1588 1587 suis

209 1623 250 1646 20
264 1608 471 1660 gaudens?

325 1669 399 1703 Iste
444 1667 566 1703 homo
612 1675 669 1703 est
715 1665 901 1703 dominus
933 1668 1045 1703 Jesus
1085 1666 1268 1704 Christus
1313 1666 1380 1715 qui
1425 1666 1498 1704 fuit
1544 1680 1587 1703 ex

265 1724 413 1770 Judeis‚
449 1726 496 1761 de
529 1737 609 1773 quo
643 1725 802 1761 Psalmo
837 1725 1039 1769 LXXXVI,
1075 1725 1116 1761 5:
1157 1725 1287 1761 Homo
1318 1732 1431 1762 natus
1463 1733 1518 1762 est
1550 1726 1586 1761 in

266 1796 322 1829 ea,
363 1790 397 1819 et
429 1783 509 1832 ipse
542 1783 733 1832 fundavit
777 1795 859 1819 eam
906 1783 1138 1828 altissimus;
1181 1785 1231 1820 ad
1271 1795 1390 1832 quem
1424 1795 1583 1820 sensum

266 1840 412 1878 dicitur
443 1840 635 1877 Johannis
669 1842 752 1886 lV⁰‚
788 1851 858 1877 22:
894 1841 1009 1877 Salus
1041 1853 1092 1877 ex
1121 1841 1254 1878 Judeis
1285 1848 1352 1878 est.

209 1904 249 1936 25
324 1901 399 1935 Iste
443 1907 576 1935 autem
623 1900 745 1935 homo
791 1898 929 1935 habuit
973 1912 995 1935 a
1028 1901 1112 1936 Deo
1159 1908 1273 1947 patre
1317 1899 1357 1936 in
1403 1899 1585 1936 custodia
1601 1910 1876 1947 Thcninetynine

267 1966 426 1994 centum
474 1970 579 2000 oves,
627 1956 721 2005 quia
760 1956 1061 1994 universitatem
1100 1966 1243 1995 nature
1276 1957 1467 2006 angelice,
1508 1971 1584 2006 que
1625 1945 1859 2016 52ᾗέζ]ξξᾝξ”

264 2024 428 2052 notatur
460 2027 530 2063 per
561 2015 782 2063 nonaginta
814 2027 955 2052 novem
993 2025 1029 2052 et
1062 2028 1184 2063 genus
1218 2018 1439 2053 humanum
1476 2018 1583 2065 quod
1629 2016 1808 2078 hundriqitlg
1824 2016 1850 2043 is

264 2082 449 2110 vocatur:
501 2074 594 2109 Ovis
637 2074 852 2110 centesima.
917 2073 1009 2110 Ovis
1061 2083 1195 2111 autem
1247 2074 1322 2112 ista
1367 2073 1585 2111 centesima
1662 2059 1731 2078 man
1757 2059 1820 2079 m*

266 2141 323 2168 est
367 2132 525 2180 perdita
568 2144 639 2180 per
683 2140 908 2180 peccatum,
950 2141 993 2168 ut
1032 2141 1142 2180 patet
1181 2132 1220 2169 in
1258 2132 1585 2181 prevaricacione

208 2194 250 2226 30
267 2189 490 2238 primorum
536 2199 762 2238 parentum.
808 2192 855 2226 Et
902 2203 992 2227 cum
1038 2189 1111 2227 iste
1157 2191 1278 2227 homo
1318 2190 1391 2227 fuit
1429 2200 1585 2228 tantum

266 2248 465 2296 obligatus
509 2248 613 2297 patri
658 2249 708 2285 ad
752 2248 886 2285 ovium
932 2247 1098 2285 istarum
1133 2249 1372 2295 custodiam,
1413 2248 1587 2286 dimittet

265 2315 451 2342 naturam
493 2306 714 2355 angelicam
754 2306 1036 2344 confirmatam
1078 2306 1117 2344 in
1156 2308 1241 2344 celo
1276 2309 1383 2356 quod
1422 2315 1588 2356 propter

266 2364 524 2401 solitudinem
571 2374 607 2401 et
651 2374 817 2413 propter
862 2366 1060 2402 defectum
1099 2365 1345 2402 visitacionis
1385 2366 1585 2403 cultorum

267 2422 430 2458 humani
482 2422 636 2470 generis
689 2435 734 2459 ac
786 2423 911 2460 tercio
965 2433 1130 2472 propter
1183 2424 1340 2472 copiam
1394 2425 1585 2461 arborum

209 2485 248 2518 35
267 2479 539 2529 spiritualium
585 2493 743 2530 semper
786 2481 1007 2519 virencium
1048 2483 1249 2519 desertum
1284 2481 1442 2520 dicitur.
1474 2482 1587 2518 Vadit

338 2660 356 2678 ι.
380 2650 429 2679 BC
449 2651 479 2679 in
501 2660 567 2678 mar
592 2661 613 2678 .:
641 2651 803 2679 Dominica
829 2652 938 2683 tercia:
968 2652 1007 2680 ib.
1032 2652 1071 2680 C:
1099 2656 1169 2688 post
1188 2651 1361 2680 Trinitatis.
1434 2662 1462 2686 ψ.
1486 2653 1529 2679 λε
1557 2657 1583 2679 et

267 2686 360 2713 deest.
413 2686 437 2714 5.
458 2687 502 2713 A:
524 2695 576 2713 ver
601 2686 607 2713 i
630 2686 765 2713 Domini.
817 2686 844 2714 6.
866 2687 933 2714 BC:
955 2687 1046 2714 huius
1067 2695 1224 2714 maffnum.
1280 2696 1306 2723 7.
1328 2688 1355 2714 A
1376 2687 1405 2714 iu
1428 2695 1540 2721 marga
1565 2696 1583 2713 ι.

267 2730 306 2748 10.
331 2721 395 2748 BC:
416 2720 566 2748 faciendo.
647 2729 688 2755 14.
709 2722 754 2748 A:
778 2721 965 2749 recordatus.
1046 2730 1087 2757 ¹9·
1109 2708 1153 2749 K:
1176 2722 1257 2749 illam
1279 2722 1372 2749 deest.
1446 2729 1492 2748 20.
1514 2722 1582 2748 Au:

266 2756 381 2789 gaudes
396 2760 450 2782 etc.
468 2764 526 2791 que
542 2760 694 2783 secuntur.
746 2764 788 2783 22.
807 2756 845 2783 B:
863 2757 1020 2787 psalmus:
1043 2757 1082 2783 ib.
1100 2756 1216 2784 Codd.:
1233 2756 1427 2784 LXXXVIII.
1445 2756 1582 2784 ctu-resi.

266 2790 304 2818 31.
327 2791 366 2818 B:
387 2790 538 2818 omnium.
612 2789 654 2818 33.
675 2791 720 2818 A:
743 2790 987 2826 solicitudinem
1016 2791 1055 2818 ib.
1076 2792 1122 2819 A:
1144 2796 1270 2827 propter
1291 2791 1383 2819 deest.

339 2907 365 2929 1.
393 2897 441 2930 Cf.
462 2896 622 2940 wyclif⁷s
648 2898 815 2930 Sermons
845 2898 900 2931 ed.
926 2898 972 2942 by
998 2899 1131 2931 Arnold
1159 2899 1182 2940 I,
1209 2909 1310 2942 7—9.
