<?xml version="1.0" encoding="UTF-8"?>
<!DOCTYPE html PUBLIC "-//W3C//DTD XHTML 1.0 Transitional//EN"
    "http://www.w3.org/TR/xhtml1/DTD/xhtml1-transitional.dtd">
<html xmlns="http://www.w3.org/1999/xhtml" xml:lang="en" lang="en">
 <head>
  <title>
</title>
<meta http-equiv="Content-Type" content="text/html;charset=utf-8" />
  <meta name='ocr-system' content='tesseract 3.04.00' />
  <meta name='ocr-capabilities' content='ocr_page ocr_carea ocr_par ocr_line ocrx_word'/>
</head>
<body>
  <div class='ocr_page' id='page_1' title='image "./iohanniswyclifse0701wycl_0295.png"; bbox 0 0 2017 3353; ppageno 0'>
   <div class='ocr_carea' id='block_1_1' title="bbox 289 281 1092 339">
    <p class='ocr_par' dir='ltr' id='par_1_1' title="bbox 289 281 1092 339">
     <span class='ocr_line' id='line_1_1' title="bbox 289 281 1092 339; baseline 0 -18"><span class='ocrx_word' id='word_1_1' title='bbox 289 293 424 321; x_wconf 76' lang='lat' dir='ltr'>SERMO</span> <span class='ocrx_word' id='word_1_2' title='bbox 438 281 592 339; x_wconf 68' lang='lat' dir='ltr'><strong>xxxvr]</strong></span> <span class='ocrx_word' id='word_1_3' title='bbox 799 294 938 326; x_wconf 75' lang='lat' dir='ltr'>PRIMA</span> <span class='ocrx_word' id='word_1_4' title='bbox 967 294 990 325; x_wconf 83' lang='lat' dir='ltr'><strong>p</strong></span> <span class='ocrx_word' id='word_1_5' title='bbox 996 293 1092 325; x_wconf 75' lang='lat' dir='ltr'><strong>ARs.</strong></span> 
     </span>
    </p>
   </div>
   <div class='ocr_carea' id='block_1_2' title="bbox 230 397 1617 2540">
    <p class='ocr_par' dir='ltr' id='par_1_2' title="bbox 230 397 1617 2540">
     <span class='ocr_line' id='line_1_2' title="bbox 287 397 1604 451; baseline -0.004 -13"><span class='ocrx_word' id='word_1_6' title='bbox 287 401 485 451; x_wconf 80' lang='lat' dir='ltr'>spirituali</span> <span class='ocrx_word' id='word_1_7' title='bbox 525 410 581 437; x_wconf 87' lang='lat' dir='ltr'><strong>est</strong></span> <span class='ocrx_word' id='word_1_8' title='bbox 621 399 745 448; x_wconf 83' lang='lat' dir='ltr'><strong>magis</strong></span> <span class='ocrx_word' id='word_1_9' title='bbox 784 398 1019 440; x_wconf 73' lang='lat' dir='ltr'><strong>necessaria,</strong></span> <span class='ocrx_word' id='word_1_10' title='bbox 1060 398 1153 447; x_wconf 86' lang='lat' dir='ltr'><strong>quia</strong></span> <span class='ocrx_word' id='word_1_11' title='bbox 1187 411 1229 435; x_wconf 88' lang='lat' dir='ltr'><strong>ex</strong></span> <span class='ocrx_word' id='word_1_12' title='bbox 1262 398 1393 446; x_wconf 78' lang='lat' dir='ltr'>sagaci</span> <span class='ocrx_word' id='word_1_13' title='bbox 1433 397 1604 434; x_wconf 83' lang='lat' dir='ltr'><strong>semina-</strong></span> 
     </span>
     <span class='ocr_line' id='line_1_3' title="bbox 288 455 1604 496; baseline -0.003 0"><span class='ocrx_word' id='word_1_14' title='bbox 288 461 401 496; x_wconf 90' lang='lat' dir='ltr'><strong>cione</strong></span> <span class='ocrx_word' id='word_1_15' title='bbox 447 459 561 495; x_wconf 84' lang='lat' dir='ltr'><strong>huius</strong></span> <span class='ocrx_word' id='word_1_16' title='bbox 606 457 806 494; x_wconf 82' lang='lat' dir='ltr'><strong>sentencie</strong></span> <span class='ocrx_word' id='word_1_17' title='bbox 846 456 1103 494; x_wconf 82' lang='lat' dir='ltr'><strong>beatitudinis</strong></span> <span class='ocrx_word' id='word_1_18' title='bbox 1144 456 1360 493; x_wconf 73' lang='lat' dir='ltr'><strong>inductiva.</strong></span> <span class='ocrx_word' id='word_1_19' title='bbox 1395 457 1509 493; x_wconf 87' lang='lat' dir='ltr'><strong>Unde</strong></span> <span class='ocrx_word' id='word_1_20' title='bbox 1548 455 1604 491; x_wconf 85' lang='lat' dir='ltr'><strong>in-</strong></span> 
     </span>
     <span class='ocr_line' id='line_1_4' title="bbox 287 515 1603 564; baseline -0.004 -10"><span class='ocrx_word' id='word_1_21' title='bbox 287 518 457 554; x_wconf 84' lang='lat' dir='ltr'><strong>fidelitas</strong></span> <span class='ocrx_word' id='word_1_22' title='bbox 492 529 635 564; x_wconf 74' lang='lat' dir='ltr'><strong>magna</strong></span> <span class='ocrx_word' id='word_1_23' title='bbox 670 525 725 553; x_wconf 91' lang='lat' dir='ltr'><strong>est</strong></span> <span class='ocrx_word' id='word_1_24' title='bbox 759 516 798 551; x_wconf 92' lang='lat' dir='ltr'><strong>in</strong></span> <span class='ocrx_word' id='word_1_25' title='bbox 831 515 907 551; x_wconf 89' lang='lat' dir='ltr'><strong>illis</strong></span> <span class='ocrx_word' id='word_1_26' title='bbox 937 515 1004 563; x_wconf 89' lang='lat' dir='ltr'><strong>qui</strong></span> <span class='ocrx_word' id='word_1_27' title='bbox 1027 515 1211 551; x_wconf 69' lang='lat' dir='ltr'><strong>videntur</strong></span> <span class='ocrx_word' id='word_1_28' title='bbox 1235 527 1370 563; x_wconf 74' lang='lat' dir='ltr'><strong>regere</strong></span> <span class='ocrx_word' id='word_1_29' title='bbox 1394 515 1603 562; x_wconf 68' lang='lat' dir='ltr'><strong>populum,</strong></span> 
     </span>
     <span class='ocr_line' id='line_1_5' title="bbox 287 572 1605 624; baseline -0.003 -13"><span class='ocrx_word' id='word_1_30' title='bbox 287 576 393 624; x_wconf 86' lang='lat' dir='ltr'><strong>quod</strong></span> <span class='ocrx_word' id='word_1_31' title='bbox 428 583 582 623; x_wconf 88' lang='lat' dir='ltr'><strong>ponunt</strong></span> <span class='ocrx_word' id='word_1_32' title='bbox 615 574 653 610; x_wconf 94' lang='lat' dir='ltr'><strong>in</strong></span> <span class='ocrx_word' id='word_1_33' title='bbox 687 587 776 610; x_wconf 90' lang='lat' dir='ltr'><strong>eum</strong></span> <span class='ocrx_word' id='word_1_34' title='bbox 812 574 910 610; x_wconf 88' lang='lat' dir='ltr'><strong>tales</strong></span> <span class='ocrx_word' id='word_1_35' title='bbox 945 585 1058 609; x_wconf 87' lang='lat' dir='ltr'><strong>cecos</strong></span> <span class='ocrx_word' id='word_1_36' title='bbox 1081 573 1320 621; x_wconf 79' lang='lat' dir='ltr'><strong>prepositos,</strong></span> <span class='ocrx_word' id='word_1_37' title='bbox 1356 585 1444 608; x_wconf 89' lang='lat' dir='ltr'><strong>cum</strong></span> <span class='ocrx_word' id='word_1_38' title='bbox 1471 572 1605 608; x_wconf 88' lang='lat' dir='ltr'><strong>dicant</strong></span> 
     </span>
     <span class='ocr_line' id='line_1_6' title="bbox 254 630 1605 681; baseline -0.002 -13"><span class='ocrx_word' id='word_1_39' title='bbox 254 634 403 681; x_wconf 74' lang='lat' dir='ltr'><strong>Splane</strong></span> <span class='ocrx_word' id='word_1_40' title='bbox 443 633 481 668; x_wconf 89' lang='lat' dir='ltr'><strong>in</strong></span> <span class='ocrx_word' id='word_1_41' title='bbox 520 644 641 680; x_wconf 87' lang='lat' dir='ltr'><strong>opere</strong></span> <span class='ocrx_word' id='word_1_42' title='bbox 674 633 781 680; x_wconf 92' lang='lat' dir='ltr'><strong>quod</strong></span> <span class='ocrx_word' id='word_1_43' title='bbox 815 632 904 680; x_wconf 89' lang='lat' dir='ltr'><strong>plus</strong></span> <span class='ocrx_word' id='word_1_44' title='bbox 937 640 1078 668; x_wconf 87' lang='lat' dir='ltr'><strong>curant</strong></span> <span class='ocrx_word' id='word_1_45' title='bbox 1111 631 1371 667; x_wconf 85' lang='lat' dir='ltr'><strong>affeccionem</strong></span> <span class='ocrx_word' id='word_1_46' title='bbox 1404 630 1465 666; x_wconf 70' lang='lat' dir='ltr'><strong>vel</strong></span> <span class='ocrx_word' id='word_1_47' title='bbox 1498 642 1605 666; x_wconf 91' lang='lat' dir='ltr'><strong>com-</strong></span> 
     </span>
     <span class='ocr_line' id='line_1_7' title="bbox 288 687 1606 738; baseline -0.002 -12"><span class='ocrx_word' id='word_1_48' title='bbox 288 692 452 726; x_wconf 86' lang='lat' dir='ltr'><strong>modum</strong></span> <span class='ocrx_word' id='word_1_49' title='bbox 498 691 720 738; x_wconf 80' lang='lat' dir='ltr'><strong>temporale</strong></span> <span class='ocrx_word' id='word_1_50' title='bbox 765 702 885 738; x_wconf 87' lang='lat' dir='ltr'><strong>quam</strong></span> <span class='ocrx_word' id='word_1_51' title='bbox 932 690 1082 725; x_wconf 91' lang='lat' dir='ltr'><strong>bonum</strong></span> <span class='ocrx_word' id='word_1_52' title='bbox 1123 697 1304 725; x_wconf 88' lang='lat' dir='ltr'><strong>eternum</strong></span> <span class='ocrx_word' id='word_1_53' title='bbox 1348 687 1528 736; x_wconf 87' lang='lat' dir='ltr'><strong>corporis</strong></span> <span class='ocrx_word' id='word_1_54' title='bbox 1570 695 1606 723; x_wconf 90' lang='lat' dir='ltr'><strong>et</strong></span> 
     </span>
     <span class='ocr_line' id='line_1_8' title="bbox 286 745 1606 797; baseline -0.004 -12"><span class='ocrx_word' id='word_1_55' title='bbox 286 748 418 786; x_wconf 87' lang='lat' dir='ltr'><strong>anime</strong></span> <span class='ocrx_word' id='word_1_56' title='bbox 451 750 559 797; x_wconf 90' lang='lat' dir='ltr'><strong>quod</strong></span> <span class='ocrx_word' id='word_1_57' title='bbox 593 757 651 784; x_wconf 88' lang='lat' dir='ltr'><strong>est</strong></span> <span class='ocrx_word' id='word_1_58' title='bbox 683 747 898 784; x_wconf 74' lang='lat' dir='ltr'><strong>infidelitas</strong></span> <span class='ocrx_word' id='word_1_59' title='bbox 938 747 1160 784; x_wconf 84' lang='lat' dir='ltr'><strong>manifesta.</strong></span> <span class='ocrx_word' id='word_1_60' title='bbox 1196 749 1296 784; x_wconf 90' lang='lat' dir='ltr'><strong>Cum</strong></span> <span class='ocrx_word' id='word_1_61' title='bbox 1331 746 1436 783; x_wconf 89' lang='lat' dir='ltr'><strong>enim</strong></span> <span class='ocrx_word' id='word_1_62' title='bbox 1476 745 1606 781; x_wconf 91' lang='lat' dir='ltr'><strong>omnis</strong></span> 
     </span>
     <span class='ocr_line' id='line_1_9' title="bbox 286 804 1605 854; baseline -0.004 -11"><span class='ocrx_word' id='word_1_63' title='bbox 286 806 487 843; x_wconf 89' lang='lat' dir='ltr'><strong>subiectus</strong></span> <span class='ocrx_word' id='word_1_64' title='bbox 522 807 637 843; x_wconf 90' lang='lat' dir='ltr'><strong>debet</strong></span> <span class='ocrx_word' id='word_1_65' title='bbox 661 805 751 842; x_wconf 90' lang='lat' dir='ltr'><strong>duci</strong></span> <span class='ocrx_word' id='word_1_66' title='bbox 776 818 846 854; x_wconf 83' lang='lat' dir='ltr'><strong>per</strong></span> <span class='ocrx_word' id='word_1_67' title='bbox 869 818 984 842; x_wconf 89' lang='lat' dir='ltr'><strong>suum</strong></span> <span class='ocrx_word' id='word_1_68' title='bbox 1010 805 1259 853; x_wconf 85' lang='lat' dir='ltr'><strong>prepositum</strong></span> <span class='ocrx_word' id='word_1_69' title='bbox 1290 813 1332 841; x_wconf 91' lang='lat' dir='ltr'><strong>ut</strong></span> <span class='ocrx_word' id='word_1_70' title='bbox 1357 804 1605 852; x_wconf 73' lang='lat' dir='ltr'><strong>magistrum,</strong></span> 
     </span>
     <span class='ocr_line' id='line_1_10' title="bbox 286 861 1606 912; baseline -0.003 -11"><span class='ocrx_word' id='word_1_71' title='bbox 286 877 368 901; x_wconf 91' lang='lat' dir='ltr'><strong>non</strong></span> <span class='ocrx_word' id='word_1_72' title='bbox 413 873 470 901; x_wconf 88' lang='lat' dir='ltr'><strong>est</strong></span> <span class='ocrx_word' id='word_1_73' title='bbox 514 873 649 901; x_wconf 87' lang='lat' dir='ltr'><strong>autem</strong></span> <span class='ocrx_word' id='word_1_74' title='bbox 696 865 743 900; x_wconf 90' lang='lat' dir='ltr'><strong>de</strong></span> <span class='ocrx_word' id='word_1_75' title='bbox 788 864 872 912; x_wconf 86' lang='lat' dir='ltr'><strong>lege</strong></span> <span class='ocrx_word' id='word_1_76' title='bbox 918 863 1052 900; x_wconf 87' lang='lat' dir='ltr'><strong>debita</strong></span> <span class='ocrx_word' id='word_1_77' title='bbox 1104 865 1211 912; x_wconf 88' lang='lat' dir='ltr'><strong>quod</strong></span> <span class='ocrx_word' id='word_1_78' title='bbox 1262 863 1464 899; x_wconf 89' lang='lat' dir='ltr'><strong>subiectus</strong></span> <span class='ocrx_word' id='word_1_79' title='bbox 1517 861 1606 898; x_wconf 89' lang='lat' dir='ltr'><strong>talis</strong></span> 
     </span>
     <span class='ocr_line' id='line_1_11' title="bbox 233 919 1608 971; baseline -0.001 -14"><span class='ocrx_word' id='word_1_80' title='bbox 233 922 523 971; x_wconf 75' lang='lat' dir='ltr'><strong>tomagistrum</strong></span> <span class='ocrx_word' id='word_1_81' title='bbox 574 930 733 971; x_wconf 89' lang='lat' dir='ltr'><strong>superet</strong></span> <span class='ocrx_word' id='word_1_82' title='bbox 778 922 912 970; x_wconf 89' lang='lat' dir='ltr'><strong>quoad</strong></span> <span class='ocrx_word' id='word_1_83' title='bbox 957 931 1098 967; x_wconf 85' lang='lat' dir='ltr'><strong>artem,</strong></span> <span class='ocrx_word' id='word_1_84' title='bbox 1145 921 1275 958; x_wconf 89' lang='lat' dir='ltr'><strong>omnis</strong></span> <span class='ocrx_word' id='word_1_85' title='bbox 1330 923 1452 957; x_wconf 91' lang='lat' dir='ltr'><strong>homo</strong></span> <span class='ocrx_word' id='word_1_86' title='bbox 1506 919 1608 955; x_wconf 86' lang='lat' dir='ltr'><strong>sicut</strong></span> 
     </span>
     <span class='ocr_line' id='line_1_12' title="bbox 287 979 1604 1028; baseline -0.003 -11"><span class='ocrx_word' id='word_1_87' title='bbox 287 982 403 1017; x_wconf 90' lang='lat' dir='ltr'><strong>debet</strong></span> <span class='ocrx_word' id='word_1_88' title='bbox 454 980 667 1017; x_wconf 82' lang='lat' dir='ltr'><strong>assimilari</strong></span> <span class='ocrx_word' id='word_1_89' title='bbox 719 979 924 1028; x_wconf 70' lang='lat' dir='ltr'><strong>magistro,</strong></span> <span class='ocrx_word' id='word_1_90' title='bbox 981 980 1036 1016; x_wconf 87' lang='lat' dir='ltr'><strong>sic</strong></span> <span class='ocrx_word' id='word_1_91' title='bbox 1088 981 1203 1016; x_wconf 88' lang='lat' dir='ltr'><strong>debet</strong></span> <span class='ocrx_word' id='word_1_92' title='bbox 1260 981 1406 1016; x_wconf 84' lang='lat' dir='ltr'><strong>habere</strong></span> <span class='ocrx_word' id='word_1_93' title='bbox 1463 979 1604 1014; x_wconf 92' lang='lat' dir='ltr'><strong>ducem</strong></span> 
     </span>
     <span class='ocr_line' id='line_1_13' title="bbox 285 1036 1607 1087; baseline -0.002 -12"><span class='ocrx_word' id='word_1_94' title='bbox 285 1040 406 1076; x_wconf 88' lang='lat' dir='ltr'><strong>talem</strong></span> <span class='ocrx_word' id='word_1_95' title='bbox 442 1038 509 1087; x_wconf 93' lang='lat' dir='ltr'><strong>qui</strong></span> <span class='ocrx_word' id='word_1_96' title='bbox 542 1051 583 1075; x_wconf 90' lang='lat' dir='ltr'><strong>re</strong></span> <span class='ocrx_word' id='word_1_97' title='bbox 616 1047 653 1075; x_wconf 89' lang='lat' dir='ltr'><strong>et</strong></span> <span class='ocrx_word' id='word_1_98' title='bbox 686 1038 849 1074; x_wconf 89' lang='lat' dir='ltr'><strong>nomine</strong></span> <span class='ocrx_word' id='word_1_99' title='bbox 883 1038 931 1074; x_wconf 91' lang='lat' dir='ltr'><strong>sit</strong></span> <span class='ocrx_word' id='word_1_100' title='bbox 965 1037 1167 1086; x_wconf 79' lang='lat' dir='ltr'><strong>magister.</strong></span> <span class='ocrx_word' id='word_1_101' title='bbox 1199 1037 1263 1074; x_wconf 82' lang='lat' dir='ltr'><strong>Sic</strong></span> <span class='ocrx_word' id='word_1_102' title='bbox 1297 1037 1401 1074; x_wconf 88' lang='lat' dir='ltr'><strong>enim</strong></span> <span class='ocrx_word' id='word_1_103' title='bbox 1427 1036 1607 1073; x_wconf 87' lang='lat' dir='ltr'><strong>Christus</strong></span> 
     </span>
     <span class='ocr_line' id='line_1_14' title="bbox 287 1093 1608 1145; baseline -0.003 -12"><span class='ocrx_word' id='word_1_104' title='bbox 287 1097 349 1134; x_wconf 89' lang='lat' dir='ltr'><strong>cui</strong></span> <span class='ocrx_word' id='word_1_105' title='bbox 382 1096 660 1145; x_wconf 82' lang='lat' dir='ltr'><strong>principaliter</strong></span> <span class='ocrx_word' id='word_1_106' title='bbox 683 1096 854 1133; x_wconf 88' lang='lat' dir='ltr'><strong>intendit</strong></span> <span class='ocrx_word' id='word_1_107' title='bbox 883 1095 1050 1144; x_wconf 88' lang='lat' dir='ltr'><strong>quilibet</strong></span> <span class='ocrx_word' id='word_1_108' title='bbox 1080 1096 1209 1133; x_wconf 81' lang='lat' dir='ltr'><strong>viator</strong></span> <span class='ocrx_word' id='word_1_109' title='bbox 1243 1095 1370 1132; x_wconf 87' lang='lat' dir='ltr'><strong>fidelis</strong></span> <span class='ocrx_word' id='word_1_110' title='bbox 1404 1093 1608 1130; x_wconf 87' lang='lat' dir='ltr'><strong>indefecti-</strong></span> 
     </span>
     <span class='ocr_line' id='line_1_15' title="bbox 287 1153 1608 1203; baseline -0.002 -12"><span class='ocrx_word' id='word_1_111' title='bbox 287 1155 419 1192; x_wconf 90' lang='lat' dir='ltr'><strong>biliter</strong></span> <span class='ocrx_word' id='word_1_112' title='bbox 452 1163 618 1203; x_wconf 86' lang='lat' dir='ltr'><strong>superat</strong></span> <span class='ocrx_word' id='word_1_113' title='bbox 651 1155 871 1203; x_wconf 88' lang='lat' dir='ltr'><strong>quemlibet</strong></span> <span class='ocrx_word' id='word_1_114' title='bbox 904 1154 1069 1190; x_wconf 88' lang='lat' dir='ltr'><strong>fratrem</strong></span> <span class='ocrx_word' id='word_1_115' title='bbox 1108 1167 1238 1199; x_wconf 82' lang='lat' dir='ltr'><strong>suum,</strong></span> <span class='ocrx_word' id='word_1_116' title='bbox 1280 1162 1316 1190; x_wconf 90' lang='lat' dir='ltr'><strong>et</strong></span> <span class='ocrx_word' id='word_1_117' title='bbox 1349 1153 1405 1190; x_wconf 88' lang='lat' dir='ltr'><strong>sic</strong></span> <span class='ocrx_word' id='word_1_118' title='bbox 1438 1165 1608 1201; x_wconf 87' lang='lat' dir='ltr'><strong>propor-</strong></span> 
     </span>
     <span class='ocr_line' id='line_1_16' title="bbox 234 1209 1608 1261; baseline -0.001 -13"><span class='ocrx_word' id='word_1_119' title='bbox 234 1213 541 1250; x_wconf 83' lang='lat' dir='ltr'><strong>15cionabiliter</strong></span> <span class='ocrx_word' id='word_1_120' title='bbox 586 1213 752 1261; x_wconf 87' lang='lat' dir='ltr'><strong>quilibet</strong></span> <span class='ocrx_word' id='word_1_121' title='bbox 798 1214 875 1248; x_wconf 74' lang='lat' dir='ltr'><strong>dux</strong></span> <span class='ocrx_word' id='word_1_122' title='bbox 918 1212 1058 1260; x_wconf 90' lang='lat' dir='ltr'><strong>populi</strong></span> <span class='ocrx_word' id='word_1_123' title='bbox 1102 1220 1310 1260; x_wconf 88' lang='lat' dir='ltr'><strong>superaret</strong></span> <span class='ocrx_word' id='word_1_124' title='bbox 1349 1211 1529 1248; x_wconf 89' lang='lat' dir='ltr'><strong>subditos</strong></span> <span class='ocrx_word' id='word_1_125' title='bbox 1569 1209 1608 1245; x_wconf 91' lang='lat' dir='ltr'><strong>in</strong></span> 
     </span>
     <span class='ocr_line' id='line_1_17' title="bbox 288 1268 1608 1319; baseline -0.003 -11"><span class='ocrx_word' id='word_1_126' title='bbox 288 1273 455 1317; x_wconf 75' lang='lat' dir='ltr'><strong>ducatu3</strong></span> <span class='ocrx_word' id='word_1_127' title='bbox 490 1271 636 1307; x_wconf 82' lang='lat' dir='ltr'><strong>cecitas</strong></span> <span class='ocrx_word' id='word_1_128' title='bbox 670 1280 803 1307; x_wconf 89' lang='lat' dir='ltr'><strong>autem</strong></span> <span class='ocrx_word' id='word_1_129' title='bbox 838 1270 1066 1319; x_wconf 88' lang='lat' dir='ltr'><strong>pharisaica</strong></span> <span class='ocrx_word' id='word_1_130' title='bbox 1100 1283 1176 1319; x_wconf 88' lang='lat' dir='ltr'><strong>que</strong></span> <span class='ocrx_word' id='word_1_131' title='bbox 1210 1270 1337 1306; x_wconf 89' lang='lat' dir='ltr'><strong>eciam</strong></span> <span class='ocrx_word' id='word_1_132' title='bbox 1371 1269 1411 1305; x_wconf 89' lang='lat' dir='ltr'><strong>in</strong></span> <span class='ocrx_word' id='word_1_133' title='bbox 1444 1268 1608 1317; x_wconf 82' lang='lat' dir='ltr'><strong>prelatis</strong></span> 
     </span>
     <span class='ocr_line' id='line_1_18' title="bbox 286 1328 1609 1376; baseline -0.002 -11"><span class='ocrx_word' id='word_1_134' title='bbox 286 1329 433 1366; x_wconf 87' lang='lat' dir='ltr'><strong>nostris</strong></span> <span class='ocrx_word' id='word_1_135' title='bbox 477 1329 595 1365; x_wconf 88' lang='lat' dir='ltr'><strong>nimis</strong></span> <span class='ocrx_word' id='word_1_136' title='bbox 642 1330 848 1365; x_wconf 81' lang='lat' dir='ltr'><strong>habundat</strong></span> <span class='ocrx_word' id='word_1_137' title='bbox 894 1337 951 1365; x_wconf 87' lang='lat' dir='ltr'><strong>est</strong></span> <span class='ocrx_word' id='word_1_138' title='bbox 996 1329 1105 1376; x_wconf 90' lang='lat' dir='ltr'><strong>quod</strong></span> <span class='ocrx_word' id='word_1_139' title='bbox 1151 1328 1305 1364; x_wconf 89' lang='lat' dir='ltr'><strong>minuta</strong></span> <span class='ocrx_word' id='word_1_140' title='bbox 1350 1336 1515 1375; x_wconf 89' lang='lat' dir='ltr'><strong>peccata</strong></span> <span class='ocrx_word' id='word_1_141' title='bbox 1567 1335 1609 1361; x_wconf 93' lang='lat' dir='ltr'><strong>ut</strong></span> 
     </span>
     <span class='ocr_line' id='line_1_19' title="bbox 287 1385 1608 1435; baseline -0.002 -12"><span class='ocrx_word' id='word_1_142' title='bbox 287 1388 479 1424; x_wconf 85' lang='lat' dir='ltr'><strong>festucam</strong></span> <span class='ocrx_word' id='word_1_143' title='bbox 519 1389 818 1435; x_wconf 86' lang='lat' dir='ltr'><strong>preponderant</strong></span> <span class='ocrx_word' id='word_1_144' title='bbox 858 1395 895 1423; x_wconf 89' lang='lat' dir='ltr'><strong>et</strong></span> <span class='ocrx_word' id='word_1_145' title='bbox 935 1386 1191 1423; x_wconf 87' lang='lat' dir='ltr'><strong>considerant</strong></span> <span class='ocrx_word' id='word_1_146' title='bbox 1229 1386 1269 1422; x_wconf 90' lang='lat' dir='ltr'><strong>in</strong></span> <span class='ocrx_word' id='word_1_147' title='bbox 1301 1385 1502 1427; x_wconf 79' lang='lat' dir='ltr'><strong>subiectis,</strong></span> <span class='ocrx_word' id='word_1_148' title='bbox 1541 1385 1608 1420; x_wconf 87' lang='lat' dir='ltr'><strong>sed</strong></span> 
     </span>
     <span class='ocr_line' id='line_1_20' title="bbox 288 1443 1610 1493; baseline -0.003 -11"><span class='ocrx_word' id='word_1_149' title='bbox 288 1446 499 1482; x_wconf 87' lang='lat' dir='ltr'><strong>manifesta</strong></span> <span class='ocrx_word' id='word_1_150' title='bbox 532 1454 697 1493; x_wconf 88' lang='lat' dir='ltr'><strong>peccata</strong></span> <span class='ocrx_word' id='word_1_151' title='bbox 731 1458 776 1482; x_wconf 88' lang='lat' dir='ltr'><strong>ac</strong></span> <span class='ocrx_word' id='word_1_152' title='bbox 809 1444 945 1493; x_wconf 77' lang='lat' dir='ltr'><strong>gravia</strong></span> <span class='ocrx_word' id='word_1_153' title='bbox 977 1453 1019 1481; x_wconf 90' lang='lat' dir='ltr'><strong>ut</strong></span> <span class='ocrx_word' id='word_1_154' title='bbox 1052 1446 1207 1481; x_wconf 86' lang='lat' dir='ltr'><strong>trabem</strong></span> <span class='ocrx_word' id='word_1_155' title='bbox 1239 1457 1319 1480; x_wconf 91' lang='lat' dir='ltr'><strong>non</strong></span> <span class='ocrx_word' id='word_1_156' title='bbox 1355 1443 1610 1480; x_wconf 84' lang='lat' dir='ltr'><strong>considerant</strong></span> 
     </span>
     <span class='ocr_line' id='line_1_21' title="bbox 230 1502 1610 1552; baseline -0.001 -14"><span class='ocrx_word' id='word_1_157' title='bbox 230 1516 273 1538; x_wconf 89' lang='lat'><strong>20</strong></span> <span class='ocrx_word' id='word_1_158' title='bbox 289 1504 329 1540; x_wconf 91' lang='lat' dir='ltr'><strong>in</strong></span> <span class='ocrx_word' id='word_1_159' title='bbox 360 1516 400 1540; x_wconf 88' lang='lat' dir='ltr'><strong>se</strong></span> <span class='ocrx_word' id='word_1_160' title='bbox 434 1503 541 1552; x_wconf 87' lang='lat' dir='ltr'><strong>ipsis.</strong></span> <span class='ocrx_word' id='word_1_161' title='bbox 566 1504 720 1540; x_wconf 91' lang='lat' dir='ltr'><strong>Debent</strong></span> <span class='ocrx_word' id='word_1_162' title='bbox 745 1503 850 1539; x_wconf 89' lang='lat' dir='ltr'><strong>enim</strong></span> <span class='ocrx_word' id='word_1_163' title='bbox 876 1502 1007 1551; x_wconf 85' lang='lat' dir='ltr'><strong>primo</strong></span> <span class='ocrx_word' id='word_1_164' title='bbox 1040 1504 1247 1539; x_wconf 88' lang='lat' dir='ltr'><strong>attendere</strong></span> <span class='ocrx_word' id='word_1_165' title='bbox 1281 1503 1389 1551; x_wconf 91' lang='lat' dir='ltr'><strong>quod</strong></span> <span class='ocrx_word' id='word_1_166' title='bbox 1422 1509 1610 1549; x_wconf 87' lang='lat' dir='ltr'><strong>superent</strong></span> 
     </span>
     <span class='ocr_line' id='line_1_22' title="bbox 290 1559 1611 1610; baseline -0.002 -12"><span class='ocrx_word' id='word_1_167' title='bbox 290 1563 484 1610; x_wconf 83' lang='lat' dir='ltr'><strong>populum</strong></span> <span class='ocrx_word' id='word_1_168' title='bbox 519 1561 559 1597; x_wconf 86' lang='lat' dir='ltr'><strong>in</strong></span> <span class='ocrx_word' id='word_1_169' title='bbox 591 1561 763 1598; x_wconf 86' lang='lat' dir='ltr'><strong>sciencia</strong></span> <span class='ocrx_word' id='word_1_170' title='bbox 792 1570 829 1598; x_wconf 89' lang='lat' dir='ltr'><strong>et</strong></span> <span class='ocrx_word' id='word_1_171' title='bbox 856 1561 1015 1604; x_wconf 79' lang='lat' dir='ltr'><strong>virtute,</strong></span> <span class='ocrx_word' id='word_1_172' title='bbox 1050 1570 1086 1597; x_wconf 89' lang='lat' dir='ltr'><strong>et</strong></span> <span class='ocrx_word' id='word_1_173' title='bbox 1115 1573 1185 1609; x_wconf 89' lang='lat' dir='ltr'><strong>per</strong></span> <span class='ocrx_word' id='word_1_174' title='bbox 1209 1573 1468 1609; x_wconf 86' lang='lat' dir='ltr'><strong>consequens,</strong></span> <span class='ocrx_word' id='word_1_175' title='bbox 1503 1559 1611 1608; x_wconf 89' lang='lat' dir='ltr'><strong>quod</strong></span> 
     </span>
     <span class='ocr_line' id='line_1_23' title="bbox 288 1618 1612 1668; baseline -0.002 -12"><span class='ocrx_word' id='word_1_176' title='bbox 288 1621 382 1657; x_wconf 87' lang='lat' dir='ltr'><strong>istas</strong></span> <span class='ocrx_word' id='word_1_177' title='bbox 421 1620 596 1656; x_wconf 81' lang='lat' dir='ltr'><strong>virtuose</strong></span> <span class='ocrx_word' id='word_1_178' title='bbox 633 1620 838 1668; x_wconf 83' lang='lat' dir='ltr'><strong>applicent</strong></span> <span class='ocrx_word' id='word_1_179' title='bbox 870 1621 920 1656; x_wconf 89' lang='lat' dir='ltr'><strong>ad</strong></span> <span class='ocrx_word' id='word_1_180' title='bbox 953 1619 1134 1656; x_wconf 91' lang='lat' dir='ltr'><strong>subditos</strong></span> <span class='ocrx_word' id='word_1_181' title='bbox 1173 1619 1451 1667; x_wconf 81' lang='lat' dir='ltr'><strong>regulandum.</strong></span> <span class='ocrx_word' id='word_1_182' title='bbox 1497 1618 1612 1654; x_wconf 90' lang='lat' dir='ltr'><strong>Unde</strong></span> 
     </span>
     <span class='ocr_line' id='line_1_24' title="bbox 289 1675 1612 1728; baseline -0.002 -14"><span class='ocrx_word' id='word_1_183' title='bbox 289 1679 383 1728; x_wconf 88' lang='lat' dir='ltr'><strong>quia</strong></span> <span class='ocrx_word' id='word_1_184' title='bbox 429 1690 568 1714; x_wconf 88' lang='lat' dir='ltr'><strong>omnes</strong></span> <span class='ocrx_word' id='word_1_185' title='bbox 613 1678 712 1714; x_wconf 88' lang='lat' dir='ltr'><strong>tales</strong></span> <span class='ocrx_word' id='word_1_186' title='bbox 751 1686 842 1714; x_wconf 88' lang='lat' dir='ltr'><strong>sunt</strong></span> <span class='ocrx_word' id='word_1_187' title='bbox 881 1677 1027 1714; x_wconf 88' lang='lat' dir='ltr'><strong>abiecti</strong></span> <span class='ocrx_word' id='word_1_188' title='bbox 1066 1677 1259 1726; x_wconf 83' lang='lat' dir='ltr'><strong>ypocriteâ€š</strong></span> <span class='ocrx_word' id='word_1_189' title='bbox 1305 1677 1396 1713; x_wconf 89' lang='lat' dir='ltr'><strong>ideo</strong></span> <span class='ocrx_word' id='word_1_190' title='bbox 1441 1675 1612 1724; x_wconf 87' lang='lat' dir='ltr'><strong>precipit</strong></span> 
     </span>
     <span class='ocr_line' id='line_1_25' title="bbox 289 1734 1614 1785; baseline -0.002 -13"><span class='ocrx_word' id='word_1_191' title='bbox 289 1736 470 1773; x_wconf 88' lang='lat' dir='ltr'><strong>Christus</strong></span> <span class='ocrx_word' id='word_1_192' title='bbox 511 1735 565 1772; x_wconf 89' lang='lat' dir='ltr'><strong>eis</strong></span> <span class='ocrx_word' id='word_1_193' title='bbox 605 1737 714 1784; x_wconf 88' lang='lat' dir='ltr'><strong>quod</strong></span> <span class='ocrx_word' id='word_1_194' title='bbox 757 1736 894 1772; x_wconf 83' lang='lat' dir='ltr'><strong>eiciant</strong></span> <span class='ocrx_word' id='word_1_195' title='bbox 932 1736 1064 1785; x_wconf 80' lang='lat' dir='ltr'><strong>primo</strong></span> <span class='ocrx_word' id='word_1_196' title='bbox 1108 1736 1256 1771; x_wconf 81' lang='lat' dir='ltr'><strong>trabem</strong></span> <span class='ocrx_word' id='word_1_197' title='bbox 1305 1736 1350 1771; x_wconf 84' lang='lat' dir='ltr'><strong>de</strong></span> <span class='ocrx_word' id='word_1_198' title='bbox 1394 1734 1504 1771; x_wconf 85' lang='lat' dir='ltr'><strong>oculo</strong></span> <span class='ocrx_word' id='word_1_199' title='bbox 1547 1745 1614 1769; x_wconf 81' lang='lat' dir='ltr'><strong>sue</strong></span> 
     </span>
     <span class='ocr_line' id='line_1_26' title="bbox 233 1792 1612 1842; baseline -0.002 -12"><span class='ocrx_word' id='word_1_200' title='bbox 233 1797 273 1830; x_wconf 79' lang='lat'><strong>25</strong></span> <span class='ocrx_word' id='word_1_201' title='bbox 289 1794 533 1841; x_wconf 81' lang='lat' dir='ltr'><strong>consciencie,</strong></span> <span class='ocrx_word' id='word_1_202' title='bbox 566 1803 603 1830; x_wconf 93' lang='lat' dir='ltr'><strong>et</strong></span> <span class='ocrx_word' id='word_1_203' title='bbox 636 1803 730 1830; x_wconf 87' lang='lat' dir='ltr'><strong>tunc</strong></span> <span class='ocrx_word' id='word_1_204' title='bbox 769 1802 937 1842; x_wconf 87' lang='lat' dir='ltr'><strong>possunt</strong></span> <span class='ocrx_word' id='word_1_205' title='bbox 976 1794 1134 1830; x_wconf 87' lang='lat' dir='ltr'><strong>minora</strong></span> <span class='ocrx_word' id='word_1_206' title='bbox 1173 1802 1339 1841; x_wconf 88' lang='lat' dir='ltr'><strong>peccata</strong></span> <span class='ocrx_word' id='word_1_207' title='bbox 1384 1792 1511 1829; x_wconf 87' lang='lat' dir='ltr'><strong>eicere</strong></span> <span class='ocrx_word' id='word_1_208' title='bbox 1565 1793 1612 1827; x_wconf 90' lang='lat' dir='ltr'><strong>de</strong></span> 
     </span>
     <span class='ocr_line' id='line_1_27' title="bbox 289 1848 1613 1900; baseline -0.002 -12"><span class='ocrx_word' id='word_1_209' title='bbox 289 1852 490 1897; x_wconf 84' lang='lat' dir='ltr'><strong>subiectis,</strong></span> <span class='ocrx_word' id='word_1_210' title='bbox 525 1851 618 1899; x_wconf 87' lang='lat' dir='ltr'><strong>quia</strong></span> <span class='ocrx_word' id='word_1_211' title='bbox 651 1852 766 1888; x_wconf 85' lang='lat' dir='ltr'><strong>aliter</strong></span> <span class='ocrx_word' id='word_1_212' title='bbox 798 1852 1022 1888; x_wconf 88' lang='lat' dir='ltr'><strong>timendum</strong></span> <span class='ocrx_word' id='word_1_213' title='bbox 1057 1852 1159 1888; x_wconf 89' lang='lat' dir='ltr'><strong>foret</strong></span> <span class='ocrx_word' id='word_1_214' title='bbox 1193 1852 1301 1900; x_wconf 90' lang='lat' dir='ltr'><strong>quod</strong></span> <span class='ocrx_word' id='word_1_215' title='bbox 1333 1850 1536 1887; x_wconf 86' lang='lat' dir='ltr'><strong>subiectus</strong></span> <span class='ocrx_word' id='word_1_216' title='bbox 1574 1848 1613 1885; x_wconf 92' lang='lat' dir='ltr'><strong>in</strong></span> 
     </span>
     <span class='ocr_line' id='line_1_28' title="bbox 289 1910 1613 1958; baseline -0.003 -11"><span class='ocrx_word' id='word_1_217' title='bbox 289 1910 440 1947; x_wconf 87' lang='lat' dir='ltr'><strong>noticia</strong></span> <span class='ocrx_word' id='word_1_218' title='bbox 472 1910 579 1958; x_wconf 86' lang='lat' dir='ltr'><strong>ipsos</strong></span> <span class='ocrx_word' id='word_1_219' title='bbox 611 1923 804 1958; x_wconf 87' lang='lat' dir='ltr'><strong>superans</strong></span> <span class='ocrx_word' id='word_1_220' title='bbox 837 1923 919 1946; x_wconf 92' lang='lat' dir='ltr'><strong>non</strong></span> <span class='ocrx_word' id='word_1_221' title='bbox 948 1918 1176 1958; x_wconf 83' lang='lat' dir='ltr'><strong>acceptaret</strong></span> <span class='ocrx_word' id='word_1_222' title='bbox 1209 1911 1277 1946; x_wconf 91' lang='lat' dir='ltr'><strong>sed</strong></span> <span class='ocrx_word' id='word_1_223' title='bbox 1310 1916 1613 1956; x_wconf 86' lang='lat' dir='ltr'><strong>contempneret</strong></span> 
     </span>
     <span class='ocr_line' id='line_1_29' title="bbox 291 1966 1613 2014; baseline -0.003 -9"><span class='ocrx_word' id='word_1_224' title='bbox 291 1981 429 2005; x_wconf 90' lang='lat' dir='ltr'><strong>eorum</strong></span> <span class='ocrx_word' id='word_1_225' title='bbox 474 1968 714 2014; x_wconf 77' lang='lat' dir='ltr'><strong>doctrinam,</strong></span> <span class='ocrx_word' id='word_1_226' title='bbox 763 1981 853 2004; x_wconf 89' lang='lat' dir='ltr'><strong>cum</strong></span> <span class='ocrx_word' id='word_1_227' title='bbox 899 1968 1107 2005; x_wconf 88' lang='lat' dir='ltr'><strong>manifeste</strong></span> <span class='ocrx_word' id='word_1_228' title='bbox 1153 1967 1288 2004; x_wconf 87' lang='lat' dir='ltr'><strong>dicant</strong></span> <span class='ocrx_word' id='word_1_229' title='bbox 1332 1967 1372 2003; x_wconf 89' lang='lat' dir='ltr'><strong>in</strong></span> <span class='ocrx_word' id='word_1_230' title='bbox 1415 1967 1508 2013; x_wconf 82' lang='lat' dir='ltr'><strong>vita,</strong></span> <span class='ocrx_word' id='word_1_231' title='bbox 1552 1966 1613 2002; x_wconf 73' lang='lat' dir='ltr'><strong>vel</strong></span> 
     </span>
     <span class='ocr_line' id='line_1_30' title="bbox 290 2024 1613 2075; baseline -0.002 -12"><span class='ocrx_word' id='word_1_232' title='bbox 290 2028 461 2063; x_wconf 90' lang='lat' dir='ltr'><strong>tacendo</strong></span> <span class='ocrx_word' id='word_1_233' title='bbox 505 2027 566 2063; x_wconf 88' lang='lat' dir='ltr'><strong>vel</strong></span> <span class='ocrx_word' id='word_1_234' title='bbox 611 2026 685 2063; x_wconf 90' lang='lat' dir='ltr'><strong>sibi</strong></span> <span class='ocrx_word' id='word_1_235' title='bbox 731 2026 826 2075; x_wconf 88' lang='lat' dir='ltr'><strong>ipsis</strong></span> <span class='ocrx_word' id='word_1_236' title='bbox 872 2026 1172 2069; x_wconf 71' lang='lat' dir='ltr'><strong>contrariando,</strong></span> <span class='ocrx_word' id='word_1_237' title='bbox 1218 2026 1327 2074; x_wconf 91' lang='lat' dir='ltr'><strong>quod</strong></span> <span class='ocrx_word' id='word_1_238' title='bbox 1370 2038 1451 2061; x_wconf 91' lang='lat' dir='ltr'><strong>non</strong></span> <span class='ocrx_word' id='word_1_239' title='bbox 1495 2024 1544 2060; x_wconf 85' lang='lat' dir='ltr'><strong>sit</strong></span> <span class='ocrx_word' id='word_1_240' title='bbox 1592 2036 1613 2060; x_wconf 86' lang='lat' dir='ltr'><strong>a</strong></span> 
     </span>
     <span class='ocr_line' id='line_1_31' title="bbox 234 2081 1614 2132; baseline -0.002 -11"><span class='ocrx_word' id='word_1_241' title='bbox 234 2089 276 2121; x_wconf 83' lang='lat'><strong>30</strong></span> <span class='ocrx_word' id='word_1_242' title='bbox 292 2085 455 2121; x_wconf 87' lang='lat' dir='ltr'><strong>minutis</strong></span> <span class='ocrx_word' id='word_1_243' title='bbox 499 2085 752 2121; x_wconf 84' lang='lat' dir='ltr'><strong>subditorum</strong></span> <span class='ocrx_word' id='word_1_244' title='bbox 799 2084 1034 2121; x_wconf 90' lang='lat' dir='ltr'><strong>criminibus</strong></span> <span class='ocrx_word' id='word_1_245' title='bbox 1072 2084 1206 2121; x_wconf 88' lang='lat' dir='ltr'><strong>taliter</strong></span> <span class='ocrx_word' id='word_1_246' title='bbox 1238 2083 1485 2132; x_wconf 76' lang='lat' dir='ltr'><strong>fugiendum,</strong></span> <span class='ocrx_word' id='word_1_247' title='bbox 1521 2081 1614 2130; x_wconf 84' lang='lat' dir='ltr'><strong>quia</strong></span> 
     </span>
     <span class='ocr_line' id='line_1_32' title="bbox 291 2140 1614 2191; baseline -0.004 -11"><span class='ocrx_word' id='word_1_248' title='bbox 291 2156 361 2191; x_wconf 88' lang='lat' dir='ltr'><strong>per</strong></span> <span class='ocrx_word' id='word_1_249' title='bbox 399 2144 532 2179; x_wconf 88' lang='lat' dir='ltr'><strong>locum</strong></span> <span class='ocrx_word' id='word_1_250' title='bbox 573 2156 595 2179; x_wconf 89' lang='lat' dir='ltr'><strong>a</strong></span> <span class='ocrx_word' id='word_1_251' title='bbox 636 2143 779 2180; x_wconf 88' lang='lat' dir='ltr'><strong>maiori</strong></span> <span class='ocrx_word' id='word_1_252' title='bbox 820 2144 878 2190; x_wconf 74' lang='lat' dir='ltr'><strong>(ut</strong></span> <span class='ocrx_word' id='word_1_253' title='bbox 918 2143 1027 2179; x_wconf 88' lang='lat' dir='ltr'><strong>novit</strong></span> <span class='ocrx_word' id='word_1_254' title='bbox 1065 2142 1263 2190; x_wconf 77' lang='lat' dir='ltr'><strong>subditus)</strong></span> <span class='ocrx_word' id='word_1_255' title='bbox 1307 2155 1328 2178; x_wconf 89' lang='lat' dir='ltr'><strong>a</strong></span> <span class='ocrx_word' id='word_1_256' title='bbox 1362 2141 1505 2178; x_wconf 91' lang='lat' dir='ltr'><strong>maiori</strong></span> <span class='ocrx_word' id='word_1_257' title='bbox 1541 2140 1614 2176; x_wconf 92' lang='lat' dir='ltr'><strong>cri-</strong></span> 
     </span>
     <span class='ocr_line' id='line_1_33' title="bbox 292 2199 1613 2250; baseline -0.003 -12"><span class='ocrx_word' id='word_1_258' title='bbox 292 2202 397 2238; x_wconf 90' lang='lat' dir='ltr'><strong>mine</strong></span> <span class='ocrx_word' id='word_1_259' title='bbox 430 2202 547 2250; x_wconf 88' lang='lat' dir='ltr'><strong>quale</strong></span> <span class='ocrx_word' id='word_1_260' title='bbox 581 2201 859 2238; x_wconf 86' lang='lat' dir='ltr'><strong>manifestatur</strong></span> <span class='ocrx_word' id='word_1_261' title='bbox 884 2201 923 2237; x_wconf 88' lang='lat' dir='ltr'><strong>in</strong></span> <span class='ocrx_word' id='word_1_262' title='bbox 947 2201 1042 2250; x_wconf 88' lang='lat' dir='ltr'><strong>ipsis</strong></span> <span class='ocrx_word' id='word_1_263' title='bbox 1066 2201 1169 2237; x_wconf 90' lang='lat' dir='ltr'><strong>foret</strong></span> <span class='ocrx_word' id='word_1_264' title='bbox 1202 2200 1342 2248; x_wconf 90' lang='lat' dir='ltr'><strong>pocius</strong></span> <span class='ocrx_word' id='word_1_265' title='bbox 1366 2199 1613 2248; x_wconf 71' lang='lat' dir='ltr'><strong>fugiendum,</strong></span> 
     </span>
     <span class='ocr_line' id='line_1_34' title="bbox 292 2257 1615 2308; baseline -0.003 -12"><span class='ocrx_word' id='word_1_266' title='bbox 292 2269 328 2296; x_wconf 90' lang='lat' dir='ltr'><strong>et</strong></span> <span class='ocrx_word' id='word_1_267' title='bbox 372 2273 462 2296; x_wconf 88' lang='lat' dir='ltr'><strong>cum</strong></span> <span class='ocrx_word' id='word_1_268' title='bbox 508 2259 621 2295; x_wconf 86' lang='lat' dir='ltr'><strong>factis</strong></span> <span class='ocrx_word' id='word_1_269' title='bbox 668 2259 812 2308; x_wconf 89' lang='lat' dir='ltr'><strong>quibus</strong></span> <span class='ocrx_word' id='word_1_270' title='bbox 858 2260 946 2308; x_wconf 88' lang='lat' dir='ltr'><strong>plus</strong></span> <span class='ocrx_word' id='word_1_271' title='bbox 992 2260 1237 2295; x_wconf 89' lang='lat' dir='ltr'><strong>credendum</strong></span> <span class='ocrx_word' id='word_1_272' title='bbox 1279 2267 1335 2294; x_wconf 91' lang='lat' dir='ltr'><strong>est</strong></span> <span class='ocrx_word' id='word_1_273' title='bbox 1374 2271 1495 2306; x_wconf 86' lang='lat' dir='ltr'><strong>quam</strong></span> <span class='ocrx_word' id='word_1_274' title='bbox 1535 2257 1615 2293; x_wconf 86' lang='lat' dir='ltr'><strong>suis</strong></span> 
     </span>
     <span class='ocr_line' id='line_1_35' title="bbox 291 2316 1615 2368; baseline -0.002 -15"><span class='ocrx_word' id='word_1_275' title='bbox 291 2317 544 2354; x_wconf 87' lang='lat' dir='ltr'><strong>sermonibus</strong></span> <span class='ocrx_word' id='word_1_276' title='bbox 596 2318 730 2354; x_wconf 86' lang='lat' dir='ltr'><strong>dicant</strong></span> <span class='ocrx_word' id='word_1_277' title='bbox 782 2318 1028 2368; x_wconf 88' lang='lat' dir='ltr'><strong>oppositum,</strong></span> <span class='ocrx_word' id='word_1_278' title='bbox 1084 2317 1287 2353; x_wconf 88' lang='lat' dir='ltr'><strong>inducitur</strong></span> <span class='ocrx_word' id='word_1_279' title='bbox 1331 2316 1513 2352; x_wconf 88' lang='lat' dir='ltr'><strong>subditus</strong></span> <span class='ocrx_word' id='word_1_280' title='bbox 1566 2316 1615 2351; x_wconf 88' lang='lat' dir='ltr'><strong>ad</strong></span> 
     </span>
     <span class='ocr_line' id='line_1_36' title="bbox 237 2376 1065 2413; baseline 0.001 -3"><span class='ocrx_word' id='word_1_281' title='bbox 237 2378 275 2410; x_wconf 84' lang='lat'><strong>35</strong></span> <span class='ocrx_word' id='word_1_282' title='bbox 293 2388 431 2412; x_wconf 91' lang='lat' dir='ltr'><strong>eorum</strong></span> <span class='ocrx_word' id='word_1_283' title='bbox 464 2376 709 2412; x_wconf 85' lang='lat' dir='ltr'><strong>sentenciam</strong></span> <span class='ocrx_word' id='word_1_284' title='bbox 743 2376 1065 2413; x_wconf 86' lang='lat' dir='ltr'><strong>discredendum.</strong></span> 
     </span>
     <span class='ocr_line' id='line_1_37' title="bbox 352 2433 1614 2482; baseline -0.002 -13"><span class='ocrx_word' id='word_1_285' title='bbox 352 2435 443 2470; x_wconf 91' lang='lat' dir='ltr'><strong>Ideo</strong></span> <span class='ocrx_word' id='word_1_286' title='bbox 470 2435 528 2481; x_wconf 90' lang='lat' dir='ltr'><strong>(ut</strong></span> <span class='ocrx_word' id='word_1_287' title='bbox 552 2433 648 2470; x_wconf 91' lang='lat' dir='ltr'><strong>dicit</strong></span> <span class='ocrx_word' id='word_1_288' title='bbox 663 2434 860 2482; x_wconf 81' lang='lat' dir='ltr'><strong>Christus)</strong></span> <span class='ocrx_word' id='word_1_289' title='bbox 888 2434 1087 2470; x_wconf 81' lang='lat' dir='ltr'><strong>medicina</strong></span> <span class='ocrx_word' id='word_1_290' title='bbox 1116 2433 1271 2481; x_wconf 88' lang='lat' dir='ltr'><strong>optima</strong></span> <span class='ocrx_word' id='word_1_291' title='bbox 1300 2433 1401 2468; x_wconf 86' lang='lat' dir='ltr'><strong>foret</strong></span> <span class='ocrx_word' id='word_1_292' title='bbox 1432 2440 1614 2468; x_wconf 85' lang='lat' dir='ltr'><strong>curatum</strong></span> 
     </span>
     <span class='ocr_line' id='line_1_38' title="bbox 294 2490 1617 2540; baseline -0.002 -13"><span class='ocrx_word' id='word_1_293' title='bbox 294 2491 504 2529; x_wconf 85' lang='lat' dir='ltr'><strong>manifesta</strong></span> <span class='ocrx_word' id='word_1_294' title='bbox 549 2501 716 2540; x_wconf 86' lang='lat' dir='ltr'><strong>peccata</strong></span> <span class='ocrx_word' id='word_1_295' title='bbox 761 2492 905 2540; x_wconf 89' lang='lat' dir='ltr'><strong>quibus</strong></span> <span class='ocrx_word' id='word_1_296' title='bbox 952 2501 1112 2528; x_wconf 89' lang='lat' dir='ltr'><strong>cecatur</strong></span> <span class='ocrx_word' id='word_1_297' title='bbox 1158 2493 1205 2528; x_wconf 90' lang='lat' dir='ltr'><strong>de</strong></span> <span class='ocrx_word' id='word_1_298' title='bbox 1251 2490 1502 2527; x_wconf 85' lang='lat' dir='ltr'><strong>consciencia</strong></span> <span class='ocrx_word' id='word_1_299' title='bbox 1546 2501 1617 2525; x_wconf 86' lang='lat' dir='ltr'><strong>sua</strong></span> 
     </span>
    </p>
   </div>
   <div class='ocr_carea' id='block_1_3' title="bbox 293 2611 1618 2787">
    <p class='ocr_par' dir='ltr' id='par_1_3' title="bbox 293 2611 1618 2787">
     <span class='ocr_line' id='line_1_39' title="bbox 362 2611 1618 2650; baseline -0.003 -8"><span class='ocrx_word' id='word_1_300' title='bbox 362 2614 387 2642; x_wconf 82' lang='lat'><strong>3.</strong></span> <span class='ocrx_word' id='word_1_301' title='bbox 411 2614 476 2642; x_wconf 86' lang='lat' dir='ltr'><strong>BC:</strong></span> <span class='ocrx_word' id='word_1_302' title='bbox 503 2615 534 2642; x_wconf 89' lang='lat' dir='ltr'><strong>in</strong></span> <span class='ocrx_word' id='word_1_303' title='bbox 561 2615 654 2642; x_wconf 82' lang='lat' dir='ltr'><strong>deest.</strong></span> <span class='ocrx_word' id='word_1_304' title='bbox 764 2625 792 2650; x_wconf 76' lang='lat'><strong>4.</strong></span> <span class='ocrx_word' id='word_1_305' title='bbox 816 2616 837 2642; x_wconf 81' lang='lat' dir='ltr'>B</span> <span class='ocrx_word' id='word_1_306' title='bbox 858 2616 887 2643; x_wconf 89' lang='lat' dir='ltr'><strong>in</strong></span> <span class='ocrx_word' id='word_1_307' title='bbox 911 2624 1025 2650; x_wconf 58' lang='lat' dir='ltr'><strong>marg:</strong></span> <span class='ocrx_word' id='word_1_308' title='bbox 1055 2616 1213 2650; x_wconf 85' lang='lat' dir='ltr'><strong>Quantum</strong></span> <span class='ocrx_word' id='word_1_309' title='bbox 1244 2615 1358 2641; x_wconf 83' lang='lat' dir='ltr'><strong>malum</strong></span> <span class='ocrx_word' id='word_1_310' title='bbox 1380 2612 1504 2648; x_wconf 78' lang='lat' dir='ltr'><strong>quando</strong></span> <span class='ocrx_word' id='word_1_311' title='bbox 1525 2611 1618 2638; x_wconf 80' lang='lat' dir='ltr'><strong>duces</strong></span> 
     </span>
     <span class='ocr_line' id='line_1_40' title="bbox 293 2647 1616 2686; baseline -0.003 -10"><span class='ocrx_word' id='word_1_312' title='bbox 293 2650 354 2676; x_wconf 86' lang='lat' dir='ltr'><strong>ceci</strong></span> <span class='ocrx_word' id='word_1_313' title='bbox 377 2654 600 2684; x_wconf 79' lang='lat' dir='ltr'><strong>preponuntur.</strong></span> <span class='ocrx_word' id='word_1_314' title='bbox 666 2658 694 2686; x_wconf 82' lang='lat'><strong>9.</strong></span> <span class='ocrx_word' id='word_1_315' title='bbox 716 2651 761 2677; x_wconf 87' lang='lat' dir='ltr'><strong>A:</strong></span> <span class='ocrx_word' id='word_1_316' title='bbox 783 2650 931 2677; x_wconf 79' lang='lat' dir='ltr'><strong>debitam.</strong></span> <span class='ocrx_word' id='word_1_317' title='bbox 1000 2659 1033 2677; x_wconf 88' lang='lat'><strong>11.</strong></span> <span class='ocrx_word' id='word_1_318' title='bbox 1056 2651 1100 2677; x_wconf 75' lang='lat' dir='ltr'><strong>A:</strong></span> <span class='ocrx_word' id='word_1_319' title='bbox 1123 2649 1308 2676; x_wconf 81' lang='lat' dir='ltr'><strong>assimulari.</strong></span> <span class='ocrx_word' id='word_1_320' title='bbox 1375 2656 1412 2675; x_wconf 75' lang='lat'><strong>12.</strong></span> <span class='ocrx_word' id='word_1_321' title='bbox 1434 2647 1505 2674; x_wconf 76' lang='lat' dir='ltr'><strong>AC:</strong></span> <span class='ocrx_word' id='word_1_322' title='bbox 1527 2647 1616 2673; x_wconf 82' lang='lat' dir='ltr'><strong>talem</strong></span> 
     </span>
     <span class='ocr_line' id='line_1_41' title="bbox 294 2682 1617 2719; baseline -0.002 -9"><span class='ocrx_word' id='word_1_323' title='bbox 294 2684 389 2711; x_wconf 78' lang='lat' dir='ltr'><strong>deest.</strong></span> <span class='ocrx_word' id='word_1_324' title='bbox 473 2693 511 2719; x_wconf 81' lang='lat'><strong>17.</strong></span> <span class='ocrx_word' id='word_1_325' title='bbox 536 2685 602 2712; x_wconf 79' lang='lat' dir='ltr'><strong>BC:</strong></span> <span class='ocrx_word' id='word_1_326' title='bbox 626 2686 719 2712; x_wconf 82' lang='lat' dir='ltr'><strong>modo</strong></span> <span class='ocrx_word' id='word_1_327' title='bbox 741 2685 908 2712; x_wconf 85' lang='lat' dir='ltr'><strong>habundat.</strong></span> <span class='ocrx_word' id='word_1_328' title='bbox 998 2687 1037 2712; x_wconf 60' lang='lat'><strong>18.</strong></span> <span class='ocrx_word' id='word_1_329' title='bbox 1060 2686 1104 2711; x_wconf 74' lang='lat' dir='ltr'><strong>A:</strong></span> <span class='ocrx_word' id='word_1_330' title='bbox 1128 2684 1391 2719; x_wconf 76' lang='lat' dir='ltr'><strong>preponderanter</strong></span> <span class='ocrx_word' id='word_1_331' title='bbox 1411 2682 1617 2709; x_wconf 78' lang='lat' dir='ltr'><strong>considerant.</strong></span> 
     </span>
     <span class='ocr_line' id='line_1_42' title="bbox 295 2718 1617 2755; baseline -0.004 -9"><span class='ocrx_word' id='word_1_332' title='bbox 295 2719 337 2748; x_wconf 75' lang='lat'><strong>23.</strong></span> <span class='ocrx_word' id='word_1_333' title='bbox 360 2719 406 2746; x_wconf 80' lang='lat'><strong>26.</strong></span> <span class='ocrx_word' id='word_1_334' title='bbox 429 2720 472 2746; x_wconf 81' lang='lat' dir='ltr'><strong>A:</strong></span> <span class='ocrx_word' id='word_1_335' title='bbox 494 2719 523 2746; x_wconf 90' lang='lat' dir='ltr'><strong>in</strong></span> <span class='ocrx_word' id='word_1_336' title='bbox 546 2720 701 2747; x_wconf 80' lang='lat' dir='ltr'><strong>subiectis.</strong></span> <span class='ocrx_word' id='word_1_337' title='bbox 776 2719 822 2747; x_wconf 80' lang='lat'><strong>26.</strong></span> <span class='ocrx_word' id='word_1_338' title='bbox 846 2720 912 2747; x_wconf 74' lang='lat' dir='ltr'><strong>BC:</strong></span> <span class='ocrx_word' id='word_1_339' title='bbox 936 2720 1081 2746; x_wconf 82' lang='lat' dir='ltr'><strong>subditus</strong></span> <span class='ocrx_word' id='word_1_340' title='bbox 1102 2720 1143 2746; x_wconf 78' lang='lat' dir='ltr'><strong>in.</strong></span> <span class='ocrx_word' id='word_1_341' title='bbox 1222 2727 1266 2753; x_wconf 81' lang='lat'><strong>27.</strong></span> <span class='ocrx_word' id='word_1_342' title='bbox 1289 2718 1329 2745; x_wconf 79' lang='lat' dir='ltr'><strong>C:</strong></span> <span class='ocrx_word' id='word_1_343' title='bbox 1352 2718 1437 2753; x_wconf 81' lang='lat' dir='ltr'><strong>ipsos</strong></span> <span class='ocrx_word' id='word_1_344' title='bbox 1459 2724 1617 2755; x_wconf 71' lang='lat' dir='ltr'><strong>superans.</strong></span> 
     </span>
     <span class='ocr_line' id='line_1_43' title="bbox 295 2751 1617 2787; baseline -0.003 -7"><span class='ocrx_word' id='word_1_345' title='bbox 295 2756 339 2781; x_wconf 60' lang='lat'><strong>26.</strong></span> <span class='ocrx_word' id='word_1_346' title='bbox 362 2754 402 2781; x_wconf 81' lang='lat' dir='ltr'><strong>C:</strong></span> <span class='ocrx_word' id='word_1_347' title='bbox 424 2754 539 2781; x_wconf 81' lang='lat' dir='ltr'><strong>dicunt.</strong></span> <span class='ocrx_word' id='word_1_348' title='bbox 648 2763 695 2787; x_wconf 75' lang='lat'><strong>20.</strong></span> <span class='ocrx_word' id='word_1_349' title='bbox 720 2754 785 2782; x_wconf 81' lang='lat' dir='ltr'><strong>BC:</strong></span> <span class='ocrx_word' id='word_1_350' title='bbox 807 2763 823 2781; x_wconf 85' lang='lat' dir='ltr'><strong>a</strong></span> <span class='ocrx_word' id='word_1_351' title='bbox 844 2755 940 2781; x_wconf 80' lang='lat' dir='ltr'><strong>deest.</strong></span> <span class='ocrx_word' id='word_1_352' title='bbox 1052 2753 1090 2781; x_wconf 79' lang='lat'><strong>31.</strong></span> <span class='ocrx_word' id='word_1_353' title='bbox 1114 2755 1156 2781; x_wconf 62' lang='lat' dir='ltr'><strong>A:</strong></span> <span class='ocrx_word' id='word_1_354' title='bbox 1181 2758 1211 2780; x_wconf 80' lang='lat' dir='ltr'><strong>nt</strong></span> <span class='ocrx_word' id='word_1_355' title='bbox 1233 2753 1316 2780; x_wconf 62' lang='lat' dir='ltr'><strong>novit</strong></span> <span class='ocrx_word' id='word_1_356' title='bbox 1338 2768 1371 2771; x_wconf 84' lang='lat'><em>-</em></span> <span class='ocrx_word' id='word_1_357' title='bbox 1393 2752 1501 2779; x_wconf 78' lang='lat' dir='ltr'><strong>maiori</strong></span> <span class='ocrx_word' id='word_1_358' title='bbox 1523 2751 1617 2777; x_wconf 78' lang='lat' dir='ltr'><strong>deest.</strong></span> 
     </span>
    </p>
   </div>
   <div class='ocr_carea' id='block_1_4' title="bbox 296 2787 1325 2825">
    <p class='ocr_par' dir='ltr' id='par_1_4' title="bbox 296 2787 1325 2825">
     <span class='ocr_line' id='line_1_44' title="bbox 296 2787 1325 2825; baseline 0.005 -10"><span class='ocrx_word' id='word_1_359' title='bbox 296 2788 341 2815; x_wconf 70' lang='lat'><strong>36.</strong></span> <span class='ocrx_word' id='word_1_360' title='bbox 363 2790 391 2815; x_wconf 78' lang='grc' dir='ltr'><strong>Î‘</strong></span> <span class='ocrx_word' id='word_1_361' title='bbox 412 2789 440 2815; x_wconf 85' lang='lat' dir='ltr'><strong>in</strong></span> <span class='ocrx_word' id='word_1_362' title='bbox 464 2797 577 2824; x_wconf 60' lang='lat' dir='ltr'><strong>marg:</strong></span> <span class='ocrx_word' id='word_1_363' title='bbox 599 2787 692 2816; x_wconf 73' lang='lat' dir='ltr'><strong>Nota.</strong></span> <span class='ocrx_word' id='word_1_364' title='bbox 1302 2810 1325 2825; x_wconf 68' lang='lat'><em>0</em></span> 
     </span>
    </p>
   </div>
   <div class='ocr_carea' id='block_1_5' title="bbox 294 2872 1619 2961">
    <p class='ocr_par' dir='ltr' id='par_1_5' title="bbox 294 2872 1619 2961">
     <span class='ocr_line' id='line_1_45' title="bbox 368 2872 1619 2915; baseline -0.002 -12"><span class='ocrx_word' id='word_1_365' title='bbox 368 2881 419 2910; x_wconf 78' lang='lat'><strong>24.</strong></span> <span class='ocrx_word' id='word_1_366' title='bbox 447 2872 611 2915; x_wconf 85' lang='lat' dir='ltr'><strong>Vulgate:</strong></span> <span class='ocrx_word' id='word_1_367' title='bbox 651 2872 737 2905; x_wconf 87' lang='lat' dir='ltr'><strong>Eice</strong></span> <span class='ocrx_word' id='word_1_368' title='bbox 762 2872 920 2913; x_wconf 80' lang='lat' dir='ltr'><strong>primum</strong></span> <span class='ocrx_word' id='word_1_369' title='bbox 954 2873 1089 2904; x_wconf 79' lang='lat' dir='ltr'><strong>trabem</strong></span> <span class='ocrx_word' id='word_1_370' title='bbox 1125 2872 1168 2904; x_wconf 86' lang='lat' dir='ltr'><strong>de</strong></span> <span class='ocrx_word' id='word_1_371' title='bbox 1208 2872 1309 2904; x_wconf 82' lang='lat' dir='ltr'><strong>oculo</strong></span> <span class='ocrx_word' id='word_1_372' title='bbox 1348 2875 1427 2902; x_wconf 78' lang='lat' dir='ltr'><strong>tuo.-</strong></span> <span class='ocrx_word' id='word_1_373' title='bbox 1466 2874 1499 2902; x_wconf 86' lang='lat' dir='ltr'><strong>et</strong></span> <span class='ocrx_word' id='word_1_374' title='bbox 1537 2874 1619 2900; x_wconf 82' lang='lat' dir='ltr'><strong>tunc</strong></span> 
     </span>
     <span class='ocr_line' id='line_1_46' title="bbox 294 2918 1348 2961; baseline -0.003 -10"><span class='ocrx_word' id='word_1_375' title='bbox 294 2919 486 2961; x_wconf 78' lang='lat' dir='ltr'><strong>perspicies</strong></span> <span class='ocrx_word' id='word_1_376' title='bbox 513 2924 550 2950; x_wconf 77' lang='lat' dir='ltr'><strong>ut</strong></span> <span class='ocrx_word' id='word_1_377' title='bbox 575 2918 707 2951; x_wconf 76' lang='lat' dir='ltr'><strong>educas</strong></span> <span class='ocrx_word' id='word_1_378' title='bbox 721 2919 904 2960; x_wconf 83' lang='lat' dir='ltr'><strong>festucam</strong></span> <span class='ocrx_word' id='word_1_379' title='bbox 931 2918 975 2950; x_wconf 86' lang='lat' dir='ltr'><strong>de</strong></span> <span class='ocrx_word' id='word_1_380' title='bbox 1002 2920 1102 2950; x_wconf 77' lang='lat' dir='ltr'><strong>oculo</strong></span> <span class='ocrx_word' id='word_1_381' title='bbox 1118 2918 1258 2959; x_wconf 78' lang='lat' dir='ltr'><strong>fratris</strong></span> <span class='ocrx_word' id='word_1_382' title='bbox 1285 2918 1348 2948; x_wconf 80' lang='lat' dir='ltr'><strong>tui.</strong></span> 
     </span>
    </p>
   </div>
   <div class='ocr_carea' id='block_1_6' title="bbox 1417 2974 1482 3006">
    <p class='ocr_par' dir='ltr' id='par_1_6' title="bbox 1417 2974 1482 3006">
     <span class='ocr_line' id='line_1_47' title="bbox 1417 2974 1482 3006; baseline -0.015 0"><span class='ocrx_word' id='word_1_383' title='bbox 1417 2974 1482 3006; x_wconf 66' lang='lat'><strong>16Â³â¶</strong></span> 
     </span>
    </p>
   </div>
   <div class='ocr_carea' id='block_1_7' title="bbox 1811 283 1887 329">
    <p class='ocr_par' dir='ltr' id='par_1_7' title="bbox 1811 283 1887 329">
     <span class='ocr_line' id='line_1_48' title="bbox 1811 283 1887 329; baseline 0 -10"><span class='ocrx_word' id='word_1_384' title='bbox 1811 283 1887 329; x_wconf 85' lang='lat'><strong>243</strong></span> 
     </span>
    </p>
   </div>
   <div class='ocr_carea' id='block_1_8' title="bbox 1668 463 1843 532">
    <p class='ocr_par' dir='ltr' id='par_1_8' title="bbox 1668 463 1843 532">
     <span class='ocr_line' id='line_1_49' title="bbox 1689 463 1822 497; baseline 0 -8"><span class='ocrx_word' id='word_1_385' title='bbox 1689 463 1822 497; x_wconf 66' lang='lat' dir='ltr'><strong>(jotrum</strong></span> 
     </span>
     <span class='ocr_line' id='line_1_50' title="bbox 1668 503 1843 532; baseline -0.006 -8"><span class='ocrx_word' id='word_1_386' title='bbox 1668 503 1843 532; x_wconf 64' lang='lat' dir='ltr'><strong>pati-onage.</strong></span> 
     </span>
    </p>
   </div>
   <div class='ocr_carea' id='block_1_9' title="bbox 1624 923 1894 1098">
    <p class='ocr_par' dir='ltr' id='par_1_9' title="bbox 1624 923 1894 1098">
     <span class='ocr_line' id='line_1_51' title="bbox 1641 923 1877 959; baseline 0 -8"><span class='ocrx_word' id='word_1_387' title='bbox 1641 923 1773 951; x_wconf 81' lang='lat' dir='ltr'><strong>Leaders</strong></span> <span class='ocrx_word' id='word_1_388' title='bbox 1793 930 1826 957; x_wconf 62' lang='lat' dir='ltr'><strong>se.</strong></span> <span class='ocrx_word' id='word_1_389' title='bbox 1849 932 1877 959; x_wconf 77' lang='lat' dir='ltr'><strong>g.</strong></span> 
     </span>
     <span class='ocr_line' id='line_1_52' title="bbox 1624 959 1894 994; baseline -0.004 -8"><span class='ocrx_word' id='word_1_390' title='bbox 1624 959 1762 994; x_wconf 71' lang='lat' dir='ltr'><strong>prelates)</strong></span> <span class='ocrx_word' id='word_1_391' title='bbox 1783 959 1894 986; x_wconf 82' lang='lat' dir='ltr'><strong>should</strong></span> 
     </span>
     <span class='ocr_line' id='line_1_53' title="bbox 1658 995 1855 1021; baseline 0 -1"><span class='ocrx_word' id='word_1_392' title='bbox 1658 995 1748 1021; x_wconf 78' lang='lat' dir='ltr'><strong>know</strong></span> <span class='ocrx_word' id='word_1_393' title='bbox 1771 1002 1855 1021; x_wconf 78' lang='lat' dir='ltr'><strong>more</strong></span> 
     </span>
     <span class='ocr_line' id='line_1_54' title="bbox 1675 1029 1846 1056; baseline -0.006 0"><span class='ocrx_word' id='word_1_394' title='bbox 1675 1029 1746 1056; x_wconf 85' lang='lat' dir='ltr'><strong>than</strong></span> <span class='ocrx_word' id='word_1_395' title='bbox 1768 1029 1846 1056; x_wconf 81' lang='lat' dir='ltr'><strong>their</strong></span> 
     </span>
     <span class='ocr_line' id='line_1_55' title="bbox 1688 1063 1832 1098; baseline 0 -8"><span class='ocrx_word' id='word_1_396' title='bbox 1688 1063 1832 1098; x_wconf 82' lang='lat' dir='ltr'><strong>subjects.</strong></span> 
     </span>
    </p>
   </div>
  </div>
 </body>
</html>
