2017 3353
168 317 242 344 112

728 308 969 342 JOHANNES
993 307 1179 341 WYCLIF
1207 305 1476 338 SERMONUM.
1506 290 1659 348 [SERMO
1681 299 1760 328 xv1.

450 425 577 453 matre
610 414 810 463 corporali
843 426 943 462 quos
976 413 1079 449 filius
1119 414 1235 449 debet
1273 410 1507 448 naturaliter
1548 411 1759 447 honorare.

162 487 263 515 Three
284 486 374 514 kinds
395 484 430 512 of
451 475 561 512 Sicut
594 474 698 511 enim
733 476 839 509 Deus
872 481 931 508 est
953 470 1192 508 naturaliter
1219 482 1339 518 super
1360 468 1496 505 omnia
1521 467 1760 515 diligendus,

198 521 233 549 of
245 524 385 557 parents:

208 565 230 584 1.
252 557 389 588 naturam

210 1248 234 1268 2.
258 1241 405 1275 prelates;

224 2177 248 2205 3.
270 2178 402 2206 Christ's

196 2214 350 2241 manhood
372 2212 431 2240 and

212 2249 260 2275 his
280 2248 413 2276 Church.

451 533 506 570 sic
540 531 758 569 affeccione
790 529 965 566 naturali
1005 537 1190 577 parentes
1228 536 1320 564 sunt
1358 525 1636 575 principaliter
1674 524 1762 560 dili-

451 591 582 640 gendi,
617 589 710 638 quia
743 588 846 625 sicut
877 587 1035 624 nonnisi
1069 599 1139 635 per
1171 588 1313 631 Deum,
1353 585 1407 621 sic
1440 584 1517 620 nisi
1551 596 1622 631 per
1654 583 1762 630 ipsos

452 647 513 701 (ut
553 648 650 684 dicit
682 642 870 699 Sapiens)
910 645 1014 682 filius
1052 657 1131 681 non
1170 644 1321 680 fuisset.
1367 643 1460 679 Ideo
1500 641 1658 678 iusticia
1691 639 1796 677 Dei5

453 706 570 755 exigit
610 706 718 754 quod
763 704 866 741 filius
907 704 946 740 in
984 703 1059 740 isto
1098 710 1263 750 parente
1301 702 1494 737 honorem
1542 699 1763 736 retribuens

452 765 598 801 habeat
629 764 707 800 vite
739 762 1030 811 longitudinem
1069 770 1112 797 ut
1150 759 1368 808 plurimum
1410 768 1491 795 tam
1525 758 1564 794 in
1597 756 1764 793 beatitu-

453 823 545 859 dine
578 834 698 870 quam
733 822 771 857 in
804 820 883 857 vita
914 819 1002 856 hac.
1037 818 1229 855 Consistit
1262 826 1395 854 autern
1428 817 1559 853 honor
1586 815 1661 851 iste
1684 827 1764 850 non

454 880 642 929 precipue
688 879 727 915 in
772 877 1124 926 deeapuciacione,
1172 876 1212 912 in
1255 875 1528 912 declinacione
1572 873 1632 910 vel
1677 872 1764 909 aliis

454 937 616 975 nutibus
649 938 870 974 secundum
905 936 1110 972 hominem
1144 933 1397 979 introductis,
1438 933 1506 969 sed
1540 940 1766 968 reverenter
1782 945 1822 967 10

458 997 590 1033 dando
635 994 869 1044 parentibus
913 994 953 1031 in
1001 1006 1095 1030 casu
1140 1005 1220 1041 quo
1268 1001 1410 1040 egeant
1459 988 1681 1027 subsidium
1719 1001 1764 1025 ac

457 1054 721 1091 ministerium
757 1052 999 1100 temporale3
1033 1052 1101 1088 sed
1126 1050 1316 1099 precipue
1340 1049 1470 1097 posito
1494 1048 1601 1096 quod
1626 1055 1766 1095 egeant

456 1112 684 1150 ministerio
717 1111 908 1148 virtutum
942 1109 982 1146 in
1016 1111 1078 1146 via
1111 1108 1274 1145 Domini
1316 1117 1353 1144 et
1391 1106 1523 1155 posito
1556 1106 1665 1154 quod
1689 1104 1767 1141 sint

458 1169 605 1207 mortui
640 1169 904 1206 ministrando
937 1167 1016 1204 illis
1049 1166 1279 1215 suffragium
1317 1165 1535 1213 spirituale.

515 1229 699 1265 Secunda
720 1226 914 1264 maneries
936 1235 1148 1274 parentum
1170 1233 1228 1261 est
1251 1224 1427 1272 prelatus
1450 1234 1584 1259 secum
1606 1232 1767 1257 conver·
1791 1224 1825 1256 15

458 1299 548 1324 sans
577 1284 582 1340 Ι
611 1299 700 1322 cum
726 1285 809 1322 suis
826 1285 967 1321 ovibus
983 1296 1082 1332 quas
1097 1285 1304 1332 gubernat.
1326 1281 1440 1318 Illum
1461 1289 1594 1317 autern
1613 1287 1768 1326 patrem
1792 1271 1865 1334 {³0¹3

459 1344 707 1392 spiritualem
743 1345 861 1380 debes
885 1344 1100 1388 honorare,
1133 1353 1212 1377 non
1243 1339 1508 1376 ministrando
1532 1335 1770 1384 temporalia
1790 1317 1848 1350 ¹53

458 1402 533 1439 nisi
568 1415 637 1450 per
669 1401 854 1438 accidens
887 1402 956 1437 sed
989 1399 1178 1448 precipue
1212 1398 1343 1446 ipsum
1371 1397 1409 1433 in
1443 1409 1538 1433 cura
1563 1393 1768 1443 regiminis

460 1461 700 1500 adiuvando,
749 1461 831 1495 Hec
877 1459 983 1495 enirn
1029 1466 1088 1494 est
1132 1457 1240 1493 racio
1285 1469 1407 1504 quare
1446 1464 1526 1491 tam
1578 1450 1770 1501 prepositi

460 1531 580 1565 quam
615 1530 683 1554 sue
723 1517 888 1554 ecclesie
928 1527 1009 1553 tam
1050 1529 1072 1552 a
1104 1518 1187 1551 Deo
1227 1528 1347 1563 quam
1381 1513 1543 1550 homine
1582 1519 1673 1547 sunt
1706 1522 1771 1546 ac-
1788 1525 1830 1547 20

461 1576 580 1624 cepti.
615 1575 763 1612 Divicie
795 1588 888 1612 vero
921 1573 1043 1611 seculi
1077 1585 1122 1609 ac
1155 1574 1284 1609 honor
1318 1573 1543 1608 mundanus
1573 1567 1772 1616 copiosius

462 1633 731 1670 communiter
763 1633 952 1670 accidunt
983 1631 1243 1669 Antichristo.
1290 1631 1382 1666 Ideo
1416 1641 1510 1676 sepe
1544 1627 1648 1663 filius
1682 1625 1772 1662 talis

462 1691 638 1739 parentis
670 1691 1021 1729 accommodando
1055 1689 1129 1725 sibi
1161 1689 1220 1725 vel
1251 1687 1545 1725 accumulando
1571 1685 1773 1721 mundana

463 1759 641 1786 stercora
673 1750 804 1797 ipsum
839 1749 1010 1796 turpiter
1042 1748 1284 1793 dehonorat3
1322 1746 1428 1782 unde
1466 1743 1643 1780 officium
1685 1741 1773 1778 talis

463 1808 668 1856 regiminis
693 1816 772 1843 tam
801 1807 950 1843 subditi
974 1819 1094 1854 quam
1120 1805 1263 1853 prelati
1287 1813 1452 1852 propter
1475 1814 1615 1839 causas
1641 1799 1773 1836 multi·
1791 1805 1829 1836 25

463 1866 584 1913 plices
629 1867 775 1902 debent
820 1865 933 1902 scire.
980 1865 1084 1901 Oves
1128 1872 1262 1900 autem
1308 1862 1397 1899 talis
1442 1859 1585 1909 prelati
1631 1859 1775 1895 debent

463 1923 575 1972 diligi
609 1933 689 1960 tam
725 1923 981 1971 corripiendo
1015 1935 1135 1970 quam
1170 1921 1408 1969 corrigendo
1437 1931 1556 1967 quam
1585 1917 1710 1953 eciam
1736 1915 1775 1950 in

462 1981 712 2018 necessitatis
746 1981 915 2018 articulo
950 1981 1164 2017 relevando
1205 1979 1425 2016 secundum
1467 1976 1623 2025 regulas
1674 1973 1774 2010 cari-

464 2040 556 2076 tatis
604 2040 641 2075 in
689 2039 832 2087 quibus
880 2039 1058 2086 prelatus
1106 2039 1222 2074 debet
1272 2048 1365 2074 oves
1413 2047 1503 2071 suas
1551 2034 1777 2081 frequenter

465 2098 675 2135 instruere.
708 2100 757 2134 Et
789 2097 846 2133 sic
875 2097 1111 2133 dilataretur
1133 2094 1280 2132 caritas
1304 2106 1375 2142 per
1396 2102 1524 2130 totam
1549 2089 1773 2128 ecclesiam.
1793 2095 1834 2128 30

521 2155 664 2192 Tercia
703 2164 836 2192 autem
880 2154 1077 2191 maneries
1123 2161 1334 2201 parentum
1375 2163 1475 2199 quos
1516 2149 1621 2185 filius
1661 2148 1777 2184 debet

467 2213 734 2251 excellencius
767 2214 966 2249 honorare
999 2220 1090 2248 sunt
1123 2210 1270 2247 Christi
1303 2208 1534 2246 humanitas
1562 2216 1599 2243 et
1621 2206 1776 2242 univer-

465 2271 560 2308 salis
584 2270 750 2307 ecclesia
771 2270 831 2306 vel
859 2276 914 2316 (ut
938 2271 1066 2317 placet
1091 2269 1306 2317 aliquibus)
1335 2277 1464 2304 mater
1488 2278 1571 2302 sua.
1597 2264 1778 2301 Christus

467 2329 571 2365 enim
613 2338 671 2365 est
710 2328 942 2364 humanitus
982 2326 1251 2375 propinquior
1289 2325 1439 2371 deitati,
1483 2333 1520 2361 et
1558 2323 1647 2359 ideo
1687 2334 1776 2358 cum

420 2396 424 2403 ·
467 2387 517 2423 sit
550 2399 693 2434 parens
727 2386 946 2433 spiritualis
980 2385 1142 2421 cuilibet
1176 2385 1373 2431 adoptato
1407 2382 1490 2419 filio
1523 2390 1580 2418 est
1606 2379 1778 2427 amplius
1797 2386 1836 2418 35

468 2445 729 2481 venerandus.
765 2446 813 2480 Et
837 2456 907 2491 per
930 2444 1033 2479 idem
1059 2443 1226 2480 ecclesia
1249 2454 1338 2478 curn
1366 2441 1570 2478 racionem
1594 2437 1778 2475 habuerit

472 2502 598 2550 magis
631 2501 739 2538 boni.
785 2503 862 2538 Sed
897 2501 1023 2538 Maria
1063 2509 1192 2537 mater
1230 2499 1394 2536 Domini
1435 2497 1592 2535 videtur
1629 2509 1674 2534 ex
1705 2496 1780 2531 hoc

468 2560 695 2608 specialiter
726 2560 975 2605 honoranda,
1011 2571 1101 2595 cum
1137 2559 1222 2606 ipsa
1254 2557 1328 2594 fuit
1360 2557 1480 2594 archa
1513 2554 1604 2591 fidei
1638 2562 1675 2590 et
1704 2552 1780 2589 vir-

538 2679 564 2705 7.
585 2671 629 2698 A:
651 2671 792 2698 habeant.
893 2669 920 2697 8.
943 2671 986 2697 A:
1008 2677 1101 2705 quam
1123 2669 1198 2703 hac3
1225 2668 1247 2696 B
1265 2669 1294 2695 in
1310 2675 1425 2701 marg:
1448 2665 1617 2702 Quomodo
1633 2664 1780 2691 debemus

471 2712 612 2741 parentes
629 2708 792 2732 honorare.
832 2712 858 2739 9.
877 2707 922 2732 A:
945 2705 1185 2739 decapitacione.
1226 2711 1259 2731 n.
1283 2702 1347 2730 BC:
1370 2708 1477 2736 egeant
1494 2702 1587 2728 deest.
1627 2706 1717 2729 11.12.
1735 2700 1779 2725 A:

471 2749 505 2767 ac
526 2741 730 2768 ministerium
753 2740 847 2767 deest.
929 2740 966 2767 15.
987 2741 1016 2766 A
1036 2740 1065 2766 in
1083 2747 1198 2773 marga
1219 2745 1252 2771 2;
1273 2737 1295 2764 B
1316 2738 1345 2764 in
1364 2745 1482 2771 marg:
1504 2735 1674 2771 Quomodo
1695 2733 1781 2768 spiri>

470 2775 565 2803 tuales
585 2775 693 2803 fratres
713 2775 861 2802 debemus
883 2774 1052 2807 honorare;
1102 2774 1142 2800 ib.
1166 2772 1273 2800 Codd:
1307 2777 1377 2799 sunt
1398 2773 1544 2807 prelatus.
1672 2775 1714 2794 22.
1735 2769 1780 2794 A:

470 2811 548 2848 alius
567 2810 645 2837 talis.
760 2809 802 2836 23.
824 2809 867 2835 A:
888 2808 1154 2836 accommodando
1175 2808 1232 2834 sibi
1253 2808 1346 2834 deest.
1455 2805 1492 2833 31.
1513 2807 1541 2832 A
1562 2805 1591 2831 in
1614 2810 1728 2837 marg:
1750 2802 1778 2835 3?

470 2846 511 2871 ib.
533 2843 572 2872 C:
595 2845 704 2872 Tereia
722 2852 805 2872 vero.
913 2842 959 2870 38.
981 2842 1045 2870 ssC:
1067 2842 1251 2869 veneranda.

540 2939 573 2970 4,
602 2929 628 2960 5.
658 2927 889 2960 Ecclesiastici
919 2926 992 2967 VII,
1019 2925 1073 2957 30.
