2017 3353
298 823 430 850 Furtlier

294 859 432 894 mystica}

257 893 428 927 exposition
451 893 485 920 of

264 928 312 954 tlie
333 928 461 963 history.

825 263 1047 295 JOHANNIS
1065 263 1249 296 wchF
1269 265 1526 299 sERMONUM
1591 253 1742 312 [SERMO
1758 265 1836 293 Lvl.

526 369 701 416 Populus
723 368 843 416 igitur
866 368 907 405 in
938 381 1031 406 sexu
1064 370 1249 407 muliebri
1281 371 1337 408 sic
1369 372 1532 420 paciens
1564 373 1714 411 fluxum
1747 387 1837 411 san-

523 425 652 472 guinis
683 426 837 474 “tangit
866 427 1094 465 fimbriam'’
1124 429 1350 466 vestimenti
1375 430 1535 478 Christi,
1566 433 1727 480 quando
1754 445 1836 470 cre-

523 484 619 520 dens
659 497 699 520 se
738 484 883 521 salvari
922 485 962 522 in
1000 495 1106 523 statu
1137 486 1291 535 infimo,
1326 489 1421 525 dum
1454 497 1590 526 tamen
1622 490 1836 528 servaverit

523 541 746 589 caritatem,
792 543 920 591 tangit
964 545 1068 581 hunc
1114 554 1276 582 statum.
1323 548 1425 583 Nam
1471 549 1503 583 Ia
1540 548 1628 585 Joh.
1667 550 1735 595 VO,
1788 550 1833 585 18

522 599 709 636 scribitur
755 603 863 649 quod
909 602 1106 653 malignus
1150 616 1222 640 non
1268 605 1394 655 tangit
1432 605 1509 641 Dei
1537 606 1669 655 filium
1710 608 1868 655 adop-5

521 666 663 705 tatum,
704 658 797 707 quia
835 671 904 696 sue
941 661 1165 698 voluntates
1203 674 1279 710 que
1312 671 1403 699 sunt
1434 664 1713 711 potenciarum
1747 678 1835 702 sua-

520 729 608 751 rum
654 716 797 753 ultima
840 730 922 754 non
966 727 1057 755 sunt
1100 719 1232 757 simul.
1285 720 1350 757 Sic
1396 733 1490 769 ergo
1535 721 1662 758 fidelis
1706 722 1835 771 tangit

521 773 722 810 fimbriam
751 775 979 812 vestimenti
1005 776 1164 824 Christi,
1199 780 1360 826 quando
1392 779 1616 816 voluntarie
1648 788 1684 816 et
1717 780 1834 817 meri-

519 832 621 868 torie
660 832 779 869 servit
812 833 986 871 Domino
1024 834 1065 871 in
1105 836 1180 872 hoc
1213 844 1331 883 statu,
1377 846 1414 873 et
1447 837 1628 874 Christus
1661 838 1834 875 infundit

519 889 592 925 sibi
627 890 746 927 fidem
780 893 901 940 quod,
926 892 957 929 si
990 892 1111 929 istum
1135 902 1281 930 statum
1316 895 1542 943 servaverit,
1576 897 1706 933 salvus
1739 897 1891 942 erit31o

517 960 563 983 ac
584 949 695 985 Jesus
718 950 844 986 salvat
876 950 1072 998 plurimos
1105 951 1146 987 in
1178 953 1252 988 hac
1284 952 1374 990 fide.
1408 955 1457 989 Et
1488 953 1646 991 interim
1680 954 1833 992 intrans

518 1006 683 1042 dom-um
723 1007 973 1056 spiritualem
1013 1009 1183 1058 predicti
1216 1010 1408 1059 principis
1447 1011 1596 1048 invenit
1628 1012 1830 1049 racionem

518 1065 720 1101 dolentem
759 1065 1016 1114 fragilitatem
1054 1080 1168 1104 suam
1207 1081 1399 1105 sonorose
1438 1071 1506 1106 sed
1538 1070 1734 1107 fallaciter
1767 1072 1832 1107 de-

519 1122 773 1170 clamantem,
815 1133 852 1160 et
891 1127 1007 1162 turba
1047 1138 1234 1162 sensuum
1269 1127 1417 1164 clamat
1450 1128 1731 1175 conformiter;
1764 1130 1833 1165 sed

518 1180 653 1217 omnia
693 1181 768 1218 ista
808 1182 990 1219 Christus
1029 1183 1228 1232 imprimis
1274 1195 1477 1223 ammovet
1516 1187 1671 1223 donans
1711 1186 1830 1223 fidem
1851 1191 1887 1222 15

517 1240 625 1286 quod
658 1239 748 1276 talis
780 1253 861 1277 non
894 1250 951 1278 est
984 1251 1167 1279 mortuus
1201 1252 1330 1279 morte
1363 1245 1550 1290 secunda,
1585 1245 1676 1281 licet
1709 1245 1758 1281 sit
1781 1246 1831 1281 ad

517 1304 674 1345 tempus
699 1297 867 1335 crimine
891 1309 1123 1348 soporatus;
1158 1309 1195 1337 et
1218 1301 1400 1338 homines
1429 1303 1547 1339 stulte
1581 1303 1831 1340 consciencie

516 1354 668 1391 asinine
702 1356 884 1394 derident
922 1358 1040 1395 istam
1074 1358 1221 1395 Christi
1253 1360 1511 1397 sentenciam.
1552 1361 1662 1398 Ordo
1695 1370 1829 1398 autem

515 1412 733 1460 spiritualis
766 1415 992 1452 sanacionis
1025 1416 1173 1453 Christi
1206 1417 1440 1466 exprimitur
1464 1420 1569 1455 Luce
1583 1421 1703 1465 vl110‚
1738 1432 1827 1455 cum

515 1480 647 1517 preter
680 1472 954 1510 dimissionem
990 1475 1215 1511 clamorose
1245 1484 1282 1512 et
1305 1476 1546 1513 sinderesive
1579 1477 1827 1514 consciencie
1845 1489 1887 1512 20

514 1528 695 1566 Christus
726 1530 946 1568 introducit
969 1534 1129 1569 Petrum
1162 1542 1200 1569 et
1235 1534 1456 1571 Johannem
1491 1543 1527 1571 et
1558 1536 1751 1571 Jacobum
1792 1544 1829 1571 et

514 1596 669 1634 patrem
710 1598 746 1624 et
786 1598 955 1626 matrem
996 1591 1139 1639 puelle,
1180 1591 1274 1640 quia
1313 1592 1432 1628 fidem
1473 1605 1549 1641 que
1587 1593 1756 1630 florebat
1788 1593 1828 1629 in

515 1646 645 1689 Petro,
692 1647 918 1684 castitatem
973 1661 1050 1697 que
1100 1649 1236 1686 floruit
1286 1649 1327 1686 in
1369 1651 1562 1696 Johanne,
1609 1660 1646 1687 et
1693 1651 1826 1699 operis

514 1703 864 1752 importunitatem
898 1719 974 1754 que
1007 1706 1183 1744 micabat
1221 1707 1261 1744 in
1292 1710 1457 1755 Jacobo,
1503 1721 1549 1745 ac
1588 1708 1825 1757 originalem

514 1760 747 1799 instinctum
781 1765 831 1800 ad
863 1773 946 1801 tam
979 1764 1107 1802 active
1139 1778 1259 1814 quam
1289 1766 1444 1815 passive
1477 1779 1517 1803 se
1549 1766 1825 1804 subiciendum
1844 1771 1882 1804 25

514 1821 597 1856 Deo
631 1821 797 1858 exclusis
830 1822 918 1858 aliis
951 1823 1189 1860 tumultibus
1222 1824 1386 1873 illapsus
1418 1824 1459 1861 in
1491 1824 1668 1862 animam
1702 1825 1826 1863 intro-

513 1878 635 1915 ducit.
670 1881 825 1916 Intrans
859 1893 952 1928 ergo
976 1894 1046 1929 per
1069 1881 1319 1930 spiritualem
1348 1884 1505 1931 lapsum
1530 1896 1620 1920 cum
1645 1884 1826 1932 predicta

513 1936 700 1974 comitiva
743 1937 935 1974 virtutum
980 1948 1087 1976 tenet
1137 1953 1298 1976 manum
1345 1941 1489 1989 puelle,
1541 1943 1702 1989 quando
1750 1941 1826 1978 vir-

512 2002 637 2030 tutem
683 1995 766 2032 eius
811 1996 1078 2045 operatricem
1120 1998 1262 2035 excitat
1302 2007 1338 2035 et
1378 1998 1493 2047 erigit
1530 2000 1580 2035 ad
1620 1999 1825 2036 meritorie

512 2054 782 2100 operandum3
816 2067 910 2090 natu
935 2064 1159 2103 prostratus
1188 2065 1356 2104 peccato
1380 2066 1416 2093 et
1439 2066 1624 2105 gravatus
1649 2058 1822 2105 dyabolo
1841 2061 1882 2094 30

511 2109 767 2148 incumbente
822 2125 901 2149 non
957 2114 1075 2150 habet
1131 2114 1251 2150 aliam
1314 2114 1420 2152 viam
1476 2115 1692 2151 ereccionis
1748 2115 1824 2152 nisi

512 2170 619 2216 quod
672 2169 846 2206 inductis
905 2170 1117 2208 virtutibus
1176 2181 1212 2208 et
1264 2185 1335 2220 per
1388 2185 1634 2221 consequens
1686 2182 1823 2210 amoto

512 2227 684 2273 dyabolo
709 2227 891 2264 Christus
920 2229 975 2265 sic
1003 2238 1137 2266 teneat
1170 2243 1334 2267 manum
1369 2230 1464 2267 eius.
1495 2233 1542 2266 Et
1575 2230 1630 2268 sic
1663 2240 1823 2279 oportet

511 2286 619 2331 quod
672 2285 935 2333 spiritualiter
992 2287 1215 2324 vivificatus
1268 2288 1455 2336 erigendo
1514 2302 1678 2325 manum
1732 2302 1821 2325 curn

511 2341 685 2378 Domino
745 2353 945 2391 operetur.
999 2346 1264 2383 Manducacio
1321 2356 1455 2383 autem
1515 2360 1634 2395 quam
1696 2349 1822 2384 Lucas
1841 2351 1879 2383 35

511 2399 693 2436 meminit
727 2410 783 2437 est
815 2402 1034 2450 spiritualis
1067 2412 1203 2451 pastus
1236 2403 1437 2441 interioris
1471 2404 1644 2441 hominis
1676 2404 1715 2440 in
1745 2405 1822 2441 fide

510 2457 707 2506 scripture
752 2468 788 2495 et
833 2460 1026 2497 exercicio
1070 2461 1276 2508 virtutum,
1325 2462 1418 2511 quia
1457 2463 1572 2499 aliter
1609 2462 1822 2500 suscitatus

510 2515 772 2563 spiritualiter
804 2518 939 2554 statim
975 2518 1093 2555 cadit.

580 2680 599 2700 1.
616 2673 658 2701 A:
681 2674 722 2701 Po
749 2675 817 2702 ulus
837 2683 919 2710 ergo.
993 2683 1018 2710 7.
1035 2675 1056 2702 B
1078 2675 1107 2703 in
1128 2684 1242 2711 marg:
1264 2677 1402 2704 Fimbria
1423 2677 1537 2705 Christi
1558 2677 1730 2705 vestimenti
1751 2677 1820 2717 quis

509 2708 613 2742 tangit.
705 2710 742 2741 ιζ,
766 2718 806 2743 14.
829 2709 868 2736 C:
891 2709 1103 2737 declinantem.
1203 2720 1210 2738 1
1236 2732 1240 2737 .
1263 2711 1378 2739 Codd.:
1401 2717 1561 2748 soporata:
1591 2713 1630 2739 ib.
1652 2714 1696 2739 A:
1719 2717 1820 2740 stricte

509 2743 708 2782 consciencie.
791 2744 837 2771 26.
859 2743 925 2772 BC:
946 2744 1058 2771 anima.
1140 2754 1184 2781 27.
1206 2719 1249 2773 K:
1274 2746 1427 2781 illapsum.
1509 2746 1547 2774 31.
1570 2747 1636 2775 BC:
1659 2748 1818 2774 reccionis.

509 2776 551 2804 52.
574 2778 617 2805 A:
639 2779 720 2813 quod
743 2779 835 2806 deest.
909 2777 951 2806 33.
972 2779 1016 2807 A:
1038 2780 1102 2807 eins
1123 2781 1216 2807 deest.
1289 2780 1331 2808 35.
1353 2781 1419 2809 BC:
1442 2781 1656 2809 Manuduccio.

583 2885 635 2917 35.
664 2887 757 2918 Luce
784 2887 871 2928 VIII,
900 2887 953 2919 55.
