2017 3353
753 278 970 312 GENERAL
989 278 1138 312 INDEX.

82 385 171 413 Jesus
190 391 284 419 quare
303 382 472 410 insufflavit
492 381 651 417 apostolos
672 380 732 409 168.

81 420 185 448 Jesum
207 417 366 454 quomodo
386 416 528 444 homines
548 416 693 443 amittunt
711 423 750 450 71·

81 455 185 482 ,lesum
207 452 335 488 queritis
354 451 550 479 Nazarenum
571 450 736 486 exponitur
757 450 808 483 164
827 457 911 484 seqq.

83 487 263 525 Ignorancia
284 487 344 517 180.
365 493 428 513 202.

82 521 264 585 1111101αέ6ἰᾶ
289 519 399 557 triplex
419 529 526 548 eornm
547 528 605 555 que
626 519 741 547 scimus
761 528 796 546 ex
817 518 913 553 scrip-

118 563 185 586 tura
230 566 253 590 1.

83 592 264 629 Ignorancia
279 590 456 626 negacionis
470 594 499 617 et
512 588 767 625 indisposicionis
783 588 837 619 181,
854 586 911 614 182.

83 628 127 656 De
147 626 335 662 imaginibus
356 633 399 661 91,
420 633 466 660 92.

82 663 236 698 Imagines
256 665 358 688 utrum
380 660 442 687 sint
460 659 617 687 adorande
637 666 680 694 91.

84 697 236 733 imagines
251 703 305 723 nec
319 695 464 723 Christus
478 703 533 722 nec
548 694 681 730 apostoli
695 693 855 720 coluerunt
869 699 911 726 9¹-

83 733 201 760 Contra
221 735 421 765 sumptuosas
441 729 611 765 imaginum
632 728 790 764 impensas
811 734 857 761 ua.

85 766 316 796 lncantaciones
337 772 396 798 124.

83 801 262 830 incarnacio
282 799 397 827 Christi
418 798 496 832 (vide
517 798 573 826 sub
594 797 730 830 Christo)
752 805 794 831 19.

82 835 279 872 Indulgencia
299 833 363 869 283,
385 833 452 870 309,
473 832 536 868 359,
557 832 624 861 360.

83 871 199 899 Contra
218 869 430 898 induluencias
449 873 477 896 et
496 867 657 903 privilegia
676 865 741 903 370.

83 904 279 941 Indulgencie
298 889 435 932 ffomane
455 903 539 931 curie
558 901 624 937 370.

84 941 196 968 Omnis
216 939 331 975 peccati
352 946 444 965 causa
463 943 509 965 est
528 937 690 965 infidelitas
710 935 772 963 328.

84 975 250 1004 Infidelitas
271 978 316 1000 est
337 981 450 1008 ponere
470 980 559 1000 cecos
580 972 756 1007 prepositos
777 969 841 1004 243.

86 1009 288 1038 Iniciaciones
309 1008 368 1035 diei
389 1012 521 1047 quatuor
542 1008 597 1035 161.

82 1045 196 1074 Iniurie
215 1042 380 1071 confratris
400 1043 501 1070 illacio
520 1049 581 1073 241-

83 1080 214 1109 Iniurias
251 1077 395 1115 proprias
432 1078 560 1104 tolerare
598 1076 687 1103 debet
724 1076 818 1102 homo
851 1083 910 1102 non

118 1119 219 1143 autem
239 1113 294 1140 Dei
315 1120 378 1144 221.

83 1151 193 1178 Utrum
215 1149 309 1176 homo
328 1147 359 1174 in
380 1151 459 1174 statu
479 1145 658 1173 innocencie
674 1145 802 1172 vidisset
817 1145 911 1171 solem

119 1184 270 1212 minorem
291 1190 384 1217 quam
405 1186 450 1208 est
469 1180 511 1208 33.

82 1221 132 1248 Ab
152 1218 338 1247 Innocencio
357 1216 400 1244 III
426 1215 587 1251 pullulavit
612 1214 729 1242 heresis
755 1214 792 1242 de
813 1222 912 1241 sacra-

118 1259 222 1282 mento
252 1252 367 1281 altaris.
397 1251 479 1287 quod
506 1255 551 1277 est
577 1250 743 1286 quantitas,
770 1249 911 1285 qualitas,

119 1289 183 1316 sive
204 1287 296 1315 nichil
318 1285 377 1321 391.

82 1321 427 1378 ‚Iohanneszquomodo
456 1324 502 1347 est
530 1327 590 1346 vox
615 1319 777 1346 clamantis
803 1318 832 1345 in
863 1318 912 1345 de-

117 1363 201 1386 serto
221 1358 263 1384 21.

84 1394 241 1422 johannes
270 1391 429 1427 quomodo
462 1398 523 1417 non
563 1389 675 1424 dignus
713 1388 912 1416 calciamenta

119 1427 233 1456 Christi
255 1427 372 1453 solvere
392 1425 437 1458 54.

82 1464 237 1491 Johanues
258 1469 351 1497 quare
372 1464 440 1487 ante
461 1459 620 1487 Christum
643 1459 807 1495 baptisax'it
827 1459 864 1487 51.

83 1498 197 1533 Joseph
231 1501 316 1532 pater
344 1495 432 1522 Jesus
464 1499 492 1521 et
520 1494 618 1521 Maria
649 1494 808 1530 quomodo
843 1498 915 1520 sunt

119 1532 218 1561 mirati
240 1531 277 1558 de
298 1530 394 1565 signis
413 1534 468 1557 etc.
489 1536 524 1563 27
545 1537 630 1564 seqq.

83 1567 196 1603 Joseph
218 1571 246 1593 et
265 1566 362 1593 Maria
382 1565 540 1601 quomodo
562 1569 632 1590 sunt
652 1572 732 1591 unus
752 1563 846 1590 homo
867 1570 912 1598 29.

83 1605 194 1632 Utrum
216 1600 393 1628 substancia
412 1599 582 1626 intellectus
609 1599 649 1625 sit
674 1603 706 1625 ut
732 1598 914 1625 intellectiva

120 1636 262 1677 superior
281 1643 374 1672 quam
394 1639 427 1661 ut
447 1633 572 1661 volitiva
591 1631 646 1661 351.

84 1674 220 1701 Dubium
237 1671 260 1697 si
276 1670 445 1697 intellectus
460 1667 596 1695 hominis
611 1667 649 1695 sit
665 1667 807 1704 superior
821 1675 913 1702 quam

121 1708 248 1735 affectus
268 1704 323 1734 351.

84 1742 205 1771 Invidia
225 1739 280 1768 213.

85 1779 215 1812 Propter
235 1776 387 1803 malorum
408 1774 557 1802 invidiam
573 1772 706 1802 salubris
720 1772 836 1800 invidia
852 1780 912 1799 11011

120 1817 165 1840 est
185 1809 377 1839 obmittenda
397 1808 462 1843 324.

83 1847 206 1875 Invitati
227 1846 264 1873 ad
287 1844 416 1880 nupcias
437 1844 489 1881 qui
513 1848 583 1872 sunt
603 1842 667 1877 342.
689 1841 756 1877 346.

84 1883 133 1910 Ira
152 1880 209 1909 213.

85 1917 180 1944 Irasci
200 1916 258 1944 255.

86 1951 164 1979 Tres
185 1950 302 1986 gradus
322 1949 445 1977 virtutis
466 1949 629 1977 irascibilis
650 1949 708 1979 255.
729 1948 791 1976 250.

83 1987 171 2014 Judei
199 1986 351 2013 habebant
378 1985 579 2012 sufficientem
600 1983 857 2011 informacionem
879 1991 913 2010 ex

119 2021 259 2049 doctrina
288 2019 403 2048 Christi
432 2019 514 2056 quod
545 2019 688 2047 Christus
719 2018 757 2045 sit
784 2017 914 2045 Messias

117 2064 186 2092 200,
205 2063 266 2082 201.

82 2091 251 2119 Judeorum
271 2088 434 2117 conversio
455 2088 555 2117 finalis
576 2095 635 2125 177.

85 2126 200 2154 Cecum
219 2124 368 2152 iudicium
389 2123 445 2152 321.

84 2160 199 2189 Cecum
219 2159 368 2187 iudicium
389 2167 426 2186 ex
446 2158 651 2195 prosperitate
678 2158 723 2186 vel
751 2158 915 2199 asperitate

118 2203 245 2231 arguere
266 2194 433 2229 prescitum
454 2194 500 2221 vel
521 2193 765 2229 predestinatum
787 2193 842 2220 321.

84 2230 201 2258 Contra
221 2229 422 2257 temerarium
442 2228 592 2256 iudicium
612 2236 674 2264 241,
695 2228 756 2263 285,
778 2228 844 2256 2811.

82 2265 194 2293 Judicii
215 2264 281 2291 dies
301 2263 426 2302 quando
446 2263 503 2291 erit
521 2263 565 2291 85.

82 2300 193 2327 Judicii
214 2299 296 2326 diem
316 2307 324 2325 1
349 2306 459 2325 notare
479 2299 610 2325 salutare
631 2302 677 2325 est
697 2297 740 2326 85.

82 2335 188 2362 Jurare
208 2338 312 2361 utrum
344 2333 420 2360 iceat
450 2337 479 2359 et
505 2333 557 2369 qui
577 2333 709 2360 iurando
736 2337 764 2360 et
792 2333 916 2368 quando

119 2373 247 2405 peccant
266 2367 314 2403 98.

83 2404 211 2431 Justicia
231 2402 305 2438 quid
327 2406 373 2429 est
391 2401 454 2435 254.

83 2439 226 2466 Humana
246 2437 366 2465 iusticia
385 2437 527 2464 consistit
546 2437 576 2465 111
597 2437 696 2465 tribus
715 2438 778 2472 254.

84 2473 254 2501 Iuvaminis
274 2472 400 2507 negacio
423 2478 575 2505 222—224.

478 2594 523 2626 L.

82 2685 258 2722 Leprosum
280 2683 424 2713 Christus
445 2684 543 2719 tetigit
563 2691 610 2719 79.

83 2721 146 2748 Lex
166 2719 282 2749 Christi
303 2719 348 2754 95.

83 2756 174 2783 Liber
194 2755 254 2782 vite
274 2758 319 2781 est
339 2753 473 2789 quelibet
492 2752 606 2780 veritas
627 2759 688 2787 190.

85 2791 164 2830 Quis
179 2790 218 2817 sit
232 2789 309 2817 liber
320 2789 379 2816 vite
390 2788 420 2815 in
433 2796 494 2823 quo
507 2787 642 2823 apostoli
656 2786 839 2814 studuerunt
856 2793 918 2820 ¹90-

84 2825 200 2861 Ligatis
220 2824 365 2851 manibus
408 2823 547 2850 uomodo
568 2821 752 2857 intellegitur
772 2821 840 2856 364,
856 2820 917 2860 305„

83 2859 219 2887 Locucio
240 2858 353 2893 triplex
375 2866 385 2886 1
408 2858 435 2885 8.

82 2894 219 2931 Loquela
239 2894 276 2920 ad
298 2893 371 2929 quid
397 2894 488 2921 datur
507 2891 626 2919 homini
648 2899 712 2925 140.

1729 269 1808 315 413

985 379 1055 407 Νο11
1077 379 1212 415 loqueris
1232 378 1443 406 testimonium
1464 379 1575 406 falsum
1598 378 1655 407 138.
1679 378 1736 407 130.

987 415 1042 441 l'er
1061 414 1164 441 lunam
1185 413 1355 448 imperator
1374 413 1552 449 intelligitur
1570 414 1618 446 84.
1710 411 1717 414 ’

986 448 1149 476 Luxuriosi
1172 456 1220 483 90.
1242 456 1285 482 91,
1306 455 1360 478 211,
1381 446 1437 475 213.

1370 521 1428 552 M.

984 588 1064 616 Mani
1078 596 1171 623 quare
1183 587 1211 615 in
1223 587 1390 614 Jerusalem
1404 587 1572 614 Dominum
1585 587 1751 623 quesierint
1766 586 1814 621 43.

985 608 1055 651 Maii
1077 622 1309 650 occasionaliter
1330 626 1460 657 prosunt
1482 622 1570 649 bonis
1591 624 1640 657 oti.

986 657 1099 685 Omnis
1119 658 1218 684 malus
1238 657 1386 692 ignorans
1406 656 1464 686 150.
1488 657 1545 687 182,
1567 656 1628 684 328.

986 692 1098 719 Omnis
1119 693 1218 719 malus
1238 691 1395 718 moraliter
1415 696 1459 718 est
1479 692 1609 719 infidelis
1631 691 1692 719 325.

985 727 1164 755 Mandatum
1176 727 1310 762 primum
1321 725 1419 761 prime
1430 727 1528 753 tabule
1537 728 1701 762 exponitur
1710 728 1757 759 81).
1766 735 1814 759 oo.

984 779 1017 782 ——
1038 762 1207 789 secundum
1229 761 1401 799 declaratur
1421 761 1458 795 08
1481 769 1564 796 seqq.

985 814 1016 817 —
1037 797 1165 824 tercium
1187 800 1350 837 exponitur
1372 796 1517 831 105ὴ107.

984 848 1017 851 —-
1036 836 1179 866 quartum
1202 838 1331 858 III—113.

984 883 1018 886 —-
1037 866 1179 902 quintum
1203 866 1342 893 118-122.

984 918 1018 921 —
1038 906 1158 928 sextum
1179 908 1236 936 127,
1258 902 1316 927 128.

952 954 953 957 =
984 952 1018 956 —
1039 936 1204 970 septimum
1227 933 1370 963 130—133.

984 987 1017 990 —
1037 975 1179 998 octavum
1202 969 1351 1001 138—140.

983 1022 1017 1026 —
1037 1014 1153 1033 nonum
1175 1006 1329 1038 114—146.

984 1057 1017 1060 -
1037 1040 1191 1067 decimum
1214 1038 1354 1073 153-151.

985 1075 1120 1103 Dubium
1142 1075 1166 1102 si
1187 1075 1356 1102 secundum
1380 1075 1559 1102 mandatum
1577 1074 1614 1101 sit
1630 1073 1731 1109 primo
1747 1081 1820 1099 con-

1021 1110 1148 1137 trarium
1169 1108 1234 1143 331.

985 1145 1124 1172 Primum
1145 1144 1325 1172 mandatum
1347 1148 1392 1171 est
1412 1144 1510 1171 Deum
1532 1143 1657 1179 diligere
1678 1141 1734 1169 331.

987 1180 1121 1241 lngbium
1143 1179 1266 1241 s3i3lapsi
1288 1183 1420 1214 possunt
1434 1179 1562 1214 implere
1578 1178 1714 1213 primum
1731 1185 1818 1204 man-

1043 1218 1126 1241 atum
1147 1215 1170 1240 -'
1183 1235 1207 1241 c.

986 1249 1202 1276 Mandatorum
1225 1249 1378 1276 sentencia
1399 1247 1436 1283 89
1459 1257 1543 1284 seqq.

986 1284 1074 1312 Mane
1095 1288 1123 1311 et
1142 1292 1271 1318 vespere
1292 1284 1451 1320 quomodo
1472 1282 1653 1318 intelligitur
1672 1282 1696 1314 5,
1718 1282 1746 1309 6.

986 1319 1137 1346 Manichei
1158 1318 1301 1346 dixerunt
1320 1319 1479 1354 apostolos
1507 1326 1567 1345 non
1596 1316 1756 1352 recepisse.
1785 1315 1816 1343 S.

1021 1354 1172 1415 Scpiritum
1196 1353 1254 1388 193,
1278 1361 1340 1388 194.
1707 1386 1710 1387 .

985 1404 1018 1407 —
1039 1424 1043 1427 -
1061 1388 1143 1415 icunt
1157 1388 1351 1426 Manicheum
1370 1389 1504 1424 priinum
1528 1387 1679 1422 recepisse
1700 1387 1731 1414 S.
1748 1386 1818 1421 spi-

1022 1428 1112 1450 ritum
1136 1428 1198 1453 100.

986 1458 1082 1485 Maria
1102 1463 1130 1485 et
1148 1458 1236 1485 Joset'
1252 1457 1381 1494 qualiter
1401 1462 1472 1485 suut
1492 1457 1592 1485 mirati
1615 1464 1649 1491 29
1672 1464 1756 1491 seqq.

985 1493 1019 1520 In
1042 1493 1105 1520 sola
1126 1493 1222 1520 Maria
1244 1494 1325 1520 stetit
1346 1493 1420 1520 tides
1441 1493 1567 1520 ecclesia
1588 1499 1623 1526 29
1645 1499 1729 1526 seqq.

987 1528 1096 1555 Utrum
1130 1532 1191 1555 tres
1220 1528 1316 1555 Marie
1349 1532 1435 1555 erant
1469 1528 1505 1554 ad
1541 1526 1738 1561 sepulchrum
1771 1525 1816 1551 vel

1021 1568 1139 1590 tantum
1161 1563 1220 1590 due
1241 1564 1295 1591 161.

985 1598 1156 1660 &uomodo
1168 1597 1263 1624 Maria
1276 1602 1373 1625 mater
1383 1597 1498 1624 Christi
1512 1601 1554 1624 est
1568 1595 1748 1623 honoranda
1765 1592 1819 1622 113.

1017 1641 1056 1659 011
1078 1632 1269 1660 mechaberis
1289 1633 1461 1659 declaratur
1481 1632 1540 1659 126.

986 1667 1125 1694 Membra
1146 1667 1270 1694 ecclesie
1291 1676 1349 1703 que
1370 1671 1442 1694 sunt
1461 1675 1525 1700 401.

987 1703 1030 1729 De
1051 1701 1213 1729 mendacio
1233 1703 1301 1735 264.

987 1737 1177 1764 Mendicacio
1198 1737 1324 1771 64—66.

988 1771 1164 1834 ngstiogsi
1185 1772 1376 1800 mendicacio
1396 1780 1450 1808 per
1471 1780 1502 1798 se
1525 1771 1563 1798 sit
1583 1770 1737 1798 laudanda
1764 1769 1818 1797 226

1023 1816 1038 1834 a
1081 1814 1112 1833 22
1137 1828 1143 1833 .

986 1841 1161 1869 Mendicare
1182 1846 1227 1869 est
1248 1846 1355 1869 contra
1375 1840 1566 1877 evangelium
1589 1841 1652 1868 226.

987 1876 1178 1904 Mendicacio
1199 1877 1313 1912 duplex
1333 1877 1396 1904 226.

987 1911 1111 1939 Fratres
1143 1911 1353 1973 ltjiendicantes
1387 1912 1436 1945 64,
1468 1917 1530 1946 227,
1563 1910 1626 1946 228,
1659 1910 1720 1944 258,
1753 1908 1818 1944 288,

1022 1955 1087 1980 401.
1108 1955 1148 1979 40
1170 1967 1176 1973 .

988 1981 1104 2009 Contra
1124 1981 1335 2008 Mendicantes
1356 1980 1416 2015 178,
1439 1981 1506 2014 264.

988 2016 1197 2043 Mendicantes
1217 2016 1310 2043 validi
1331 2016 1515 2051 agriculture
1531 2015 1704 2042 animarum
1720 2013 1817 2040 inten-

1023 2051 1094 2078 dere
1113 2055 1256 2078 tenentur
1277 2051 1334 2079 105.

988 2086 1198 2113 Mendicautes
1219 2085 1422 2122 corporaliter
1440 2085 1582 2112 laborent
1602 2085 1650 2112 (36.

988 2121 1178 2183 Μεηάἰρπίἑ)
1199 2121 1329 2148 fratrum
1355 2124 1401 2147 est
1427 2119 1517 2147 statui
1544 2119 1722 2147 innocencie
1748 2126 1821 2145 con-

1024 2160 1117 2183 traria
1137 2160 1154 2184 0
1175 2177 1180 2182 .

988 2190 1214 2252 Μεῃάἰὲειῑεᾈὸ.
1232 2190 1375 2219 Clemens
1391 2197 1541 2226 pauperes
1556 2188 1742 2216 christianos
1758 2196 1818 2215 uon

1025 2234 1089 2253 stne
1115 2230 1144 2252 at
1165 2230 1214 2259 (14.

989 2261 1112 2289 Fratres
1131 2260 1341 2288 Mendicantes
1363 2259 1444 2295 pleni
1465 2258 1634 2286 mendaciis
1655 2262 1726 2285 suut
1745 2262 1822 2285 tam-

1025 2304 1117 2332 quam
1138 2295 1308 2323 testudines
1329 2300 1385 2323 etc.
1404 2293 1472 2328 403.

989 2347 1022 2350 —
1043 2335 1114 2358 sunt
1133 2338 1223 2357 canes
1243 2330 1343 2358 rabidi
1363 2330 1516 2364 289—291.

989 2365 1180 2393 Mendicacio
1201 2365 1317 2392 Christi
1339 2365 1396 2393 156.

990 2400 1106 2429 Eadem
1126 2408 1272 2428 mensura
1292 2399 1451 2438 quomodo
1471 2398 1650 2433 intelligitur
1670 2404 1733 2432 292.

992 2435 1115 2464 Mentiri
1135 2439 1239 2462 utrum
1259 2435 1377 2462 licitum
1398 2439 1443 2461 est
1463 2434 1510 2463 26.
1532 2441 1575 2468 27.

991 2469 1200 2498 Mercenarius
1219 2469 1289 2505 quis
1309 2474 1354 2496 est
1374 2477 1434 2504 174,
1458 2469 1512 2503 175.

991 2505 1103 2533 Mereri
1123 2504 1196 2540 quid
1219 2508 1264 2531 est
1283 2503 1343 2531 333.

990 2540 1118 2568 Metreta
1159 2543 1286 2566 uantum
1306 2538 1442 2566 continet
1462 2546 1509 2574 74.

991 2575 1124 2603 Militare
1172 2582 1207 2600 eo
1228 2573 1301 2612 quid
1323 2578 1367 2600 est
1386 2572 1449 2607 354.
1819 2603 1823 2608 ,

991 2610 1131 2638 Minister
1163 2608 1332 2644 spiritualis
1365 2607 1519 2643 obligatur
1550 2607 1619 2642 plus
1658 2604 1825 2632 universali

1026 2644 1151 2671 ecclesie
1171 2651 1263 2678 quam
1281 2642 1460 2682 particulari
1481 2641 1543 2669 382.
1774 2673 1779 2678 ⁸
1817 2673 1821 2677 .

992 2680 1102 2706 Utrum
1132 2678 1201 2705 licet
1230 2677 1310 2704 cirili
1341 2677 1469 2704 domino
1498 2676 1676 2704 ministrum
1707 2674 1823 2702 Chrlstl

1028 2722 1083 2741 suo
1105 2713 1236 2740 servicio
1257 2712 1434 2747 mancipare
1454 2710 1514 2739 316.

991 2748 1080 2776 Unde
1100 2747 1306 2809 migisterium
1328 2746 1381 2774 Dei
1402 2746 1490 2773 debet
1510 2745 1621 2773 habere
1641 2744 1824 2772 fundamen-

1026 2788 1091 2810 tum
1112 2790 1148 2814 20
1171 2803 1176 2808 .

992 2814 1198 2845 Minister'ium
1219 2817 1364 2844 omittens
1385 2820 1490 2852 peccat
1509 2814 1572 2842 330.

992 2852 1148 2881 Minorum
1169 2851 1329 2879 contencio
1349 2859 1420 2879 cum
1441 2849 1688 2879 Predicatoribus
1709 2848 1745 2875 de
1764 2847 1825 2875 cal-

1027 2887 1190 2915 ciamentis
1211 2886 1326 2914 Christi
1347 2893 1394 2920 24.
1415 2884 1457 2920 53.
1479 2885 1525 2919 54.
