2017 3353
268 254 405 283 SERMO
427 244 534 301 και]
778 260 915 291 pRlMA
947 261 1069 293 PARS.

269 363 351 400 eius
396 364 533 400 efficax
578 365 766 413 operacio
811 375 1056 414 sequeretur.
1112 370 1159 404 Est
1212 369 1267 405 sic
1318 379 1425 406 totus
1471 373 1586 408 dolor

267 421 415 458 Christi
447 431 578 470 potest
602 422 679 459 dici
709 423 917 465 contricio,
954 425 1145 473 quoniam
1169 439 1249 462 non
1285 436 1416 475 potest
1451 442 1585 476 prece-

267 480 360 516 dere
392 479 432 515 ni
466 480 625 517 Chrssto
658 481 831 527 atnich
867 494 958 518 cuni
1003 482 1089 531 ipsa
1134 486 1353 521 secundun]
1400 488 1585 524 doctores

267 537 362 574 dicit
397 537 709 586 disposicionem
744 539 1021 588 imperfectam
1056 543 1106 578 ad
1131 544 1312 579 dolorem
1338 545 1584 593 completum

231 597 510 644 Ssequentem.
546 599 627 633 Nec
660 606 819 645 oportet
852 597 969 634 nimis
1002 599 1210 637 sollicitari
1244 602 1291 637 de
1325 602 1586 640 distinccione

265 653 368 690 inter
412 654 666 691 attricionem
712 664 749 691 et
794 656 1082 694 contricionem
1131 667 1167 694 et
1217 669 1389 707 quantus
1439 663 1586 708 gradus

265 711 415 748 doloris
447 713 497 748 ad
531 712 819 750 contricionem
854 714 1036 760 sufficiet,
1077 716 1171 764 quia
1212 726 1342 754 toturn
1377 719 1453 755 hoc
1485 718 1587 756 sicut

264 770 560 817 predesunach3
593 784 616 807 a
648 771 764 808 nobss
797 773 1069 810 abscondstur.
1117 774 1274 812 Schnus
1307 785 1444 813 unnen
1477 779 1586 825 quod

263 828 557 876 predesffinatus
591 841 634 865 ex
667 838 1024 879 quantunicunque
1057 832 1131 868 levi
1165 834 1306 870 dolore
1351 835 1584 881 conterstur,

209 898 247 920 10
263 886 330 922 ubi
362 887 558 934 prescitus
604 899 647 923 ex
692 888 836 924 maiori
881 890 1022 926 dolore
1069 891 1359 929 contricionem
1406 892 1585 930 criminis

262 957 343 980 non
376 944 548 993 atnngst‚
583 947 691 994 quod
726 946 941 994 figuraunn
977 950 1206 986 estchflore
1238 951 1356 997 Esau,
1403 951 1585 1000 quannds

263 1003 504 1050 postulasset
536 1016 626 1040 cum
659 1004 836 1041 lacrimis
869 1018 950 1042 non
994 1007 1200 1044 exauditus
1247 1017 1304 1045 est
1354 1010 1403 1046 ad
1446 1019 1583 1046 votum

263 1069 305 1096 ut
336 1062 473 1107 Jacob,
508 1070 545 1098 et
578 1061 633 1098 hii
666 1064 745 1099 duo
778 1063 920 1100 fratres
953 1064 1125 1113 figurant
1158 1066 1351 1114 prescstos
1375 1076 1412 1103 et
1445 1069 1585 1116 prede-

262 1118 443 1155 stinatos.
478 1121 569 1156 Ideo
602 1119 704 1157 sicut
735 1120 966 1169 ignoramus
999 1124 1069 1159 has
1102 1125 1200 1161 duas
1233 1124 1496 1172 differendas,
1529 1126 1585 1162 sic

208 1177 245 1209 15
263 1176 534 1214 differenciam
572 1177 674 1214 inter
712 1179 965 1216 attricionem
1006 1190 1042 1218 et
1076 1182 1364 1219 contricionem
1398 1183 1438 1219 in
1470 1184 1584 1220 nobis

261 1234 357 1283 ipsis
397 1244 433 1272 et
466 1236 593 1272 multo
633 1237 758 1285 magis
802 1237 842 1273 in
886 1238 986 1275 aliis.
1034 1241 1147 1276 Unde
1192 1240 1260 1289 qui
1304 1251 1500 1290 pompant
1544 1255 1584 1279 se

264 1293 471 1330 absolvere
504 1303 541 1330 et
577 1295 866 1332 contricionem
901 1297 1070 1334 confessi
1104 1311 1149 1334 ac
1188 1299 1439 1336 taxacionem
1484 1313 1584 1348 pene

263 1351 417 1399 peccati
452 1365 693 1400 cognoscere
717 1362 753 1390 et
777 1363 972 1403 quantum
1000 1357 1047 1392 de
1070 1356 1335 1405 indulgenciis
1360 1367 1417 1394 est
1441 1358 1584 1406 dignus

262 1408 441 1458 recipere
474 1419 656 1447 erranter
688 1412 920 1460 sompniant
953 1426 999 1450 ac
1032 1414 1237 1463 decipiunt
1270 1428 1311 1452 se
1345 1424 1381 1452 et
1404 1416 1582 1464 plebem3

206 1478 247 1500 20
263 1476 300 1504 et
332 1467 388 1504 sic
420 1481 501 1505 non
534 1469 754 1506 attenditur
787 1472 895 1519 quod
929 1471 1016 1520 quis
1049 1473 1180 1520 ploret
1212 1475 1280 1509 sed
1313 1476 1422 1522 quod
1447 1484 1584 1512 caveat

260 1537 309 1562 ne
332 1528 592 1574 postmodum
617 1527 818 1565 recidivet.
844 1530 983 1566 Solum
1009 1530 1113 1567 enim
1136 1531 1227 1568 talis
1250 1532 1425 1580 perfecte
1449 1542 1584 1570 conte-

261 1583 373 1621 ritur.
393 1587 475 1621 Nec
499 1595 660 1634 oportet
691 1599 764 1623 nos
796 1587 1006 1625 sollicitari
1041 1591 1247 1637 quomodo
1280 1591 1583 1638 predicaciones

261 1655 337 1691 que
370 1642 722 1691 imperfeccionem
756 1645 916 1693 sapiunt
949 1646 989 1682 in
1013 1647 1205 1684 creaturis
1231 1658 1398 1696 possunt
1422 1649 1582 1686 Christo

261 1710 503 1748 conipetere,
538 1702 766 1750 speciafiter
798 1717 888 1740 cunn
923 1704 1005 1740 eius
1039 1705 1230 1753 gaudium]
1270 1715 1353 1743 tann
1399 1708 1580 1744 doloreni

203 1758 381 1807 25quani
415 1772 560 1807 penan]
595 1762 734 1797 sedare
767 1762 921 1798 debean
975 1762 1086 1799 Sicut
1131 1763 1236 1800 enini
1278 1766 1579 1802 concedendum]

261 1826 318 1852 est
351 1816 588 1865 simpliciter
621 1820 803 1856 absolute
837 1822 943 1868 quod
978 1821 1160 1857 Christus
1194 1831 1251 1858 est
1284 1823 1420 1869 homo,
1455 1823 1512 1860 sic
1545 1834 1581 1860 et

261 1876 369 1923 quod
403 1875 530 1912 doluit
564 1885 600 1913 et
635 1878 743 1926 quod
776 1891 915 1925 passus
950 1888 1006 1914 est
1042 1888 1078 1915 et
1103 1881 1211 1928 quod
1234 1893 1325 1917 vere
1349 1894 1394 1918 ac
1418 1882 1580 1930 proprie

261 1942 345 1969 erat
378 1942 561 1970 mortuus
594 1947 639 1971 ac
673 1936 851 1983 sepultus
876 1945 912 1972 et
937 1936 1176 1974 miraculum
1201 1938 1274 1975 fuit
1299 1941 1407 1987 quod
1432 1940 1579 1977 Christi

258 1990 449 2039 gaudium
483 1992 664 2040 permisit
697 1994 877 2030 dolorem
925 1995 1006 2031 eius
1052 1996 1271 2033 maximum
1316 1997 1577 2035 irremissum.

202 2048 242 2081 30
317 2050 393 2085 Sed
438 2050 563 2087 tercio
609 2051 816 2088 dubitatur
853 2055 1060 2101 quomodo
1105 2063 1182 2091 stat
1227 2068 1317 2091 cum
1352 2055 1424 2093 Dei
1469 2056 1579 2093 iusti-

259 2107 319 2144 cia
358 2110 465 2156 quod
503 2111 676 2157 populus
715 2119 832 2147 natus
876 2120 966 2159 post
1009 2121 1180 2149 mortem
1221 2113 1368 2150 Christi
1411 2124 1578 2163 propter

258 2174 418 2214 patrum
470 2180 636 2203 suorum
690 2169 1010 2217 prevaricancias
1051 2165 1056 2224 Ι
1097 2180 1154 2207 est
1204 2172 1380 2220 punitus.
1439 2175 1488 2209 Et
1539 2173 1580 2210 in

257 2223 333 2260 isto
386 2235 641 2262 murmurant
692 2227 833 2263 fratres
885 2228 1096 2276 allegando
1148 2230 1425 2279 multipliciter
1470 2233 1579 2281 quod

257 2295 337 2318 non
389 2291 480 2319 sunt
532 2293 698 2332 propter
748 2285 977 2334 neqtuciani
1029 2287 1145 2324 unius
1202 2288 1343 2325 discoli
1401 2291 1449 2326 de
1506 2302 1578 2326 suo

200 2339 240 2373 35
257 2340 399 2377 ordine
433 2341 626 2389 puniendi
661 2351 697 2379 et
729 2343 785 2380 sic
819 2345 927 2393 quod
961 2345 1117 2381 lucrum
1164 2346 1341 2394 sapuerit
1387 2348 1434 2384 de
1479 2361 1577 2397 quo—

258 2410 414 2447 cunque
446 2399 568 2436 stane
601 2413 673 2437 suo
707 2402 813 2438 bono
845 2403 906 2439 vd
940 2404 1046 2440 nudo
1087 2403 1200 2440 awde
1245 2404 1462 2453 accnuunss
1508 2408 1576 2443 sed

167 2154 242 2186 Fol.

162 2200 239 2244 173c

325 2529 350 2548 2.
372 2522 415 2548 A:
439 2530 529 2557 quem
551 2531 611 2550 non
633 2529 744 2559 potest.
819 2526 846 2553 ὁ.
868 2527 912 2553 A:
934 2526 971 2554 Et
991 2527 1063 2562 quid
1086 2528 1122 2554 ad
1143 2528 1376 2556 contricionem.
1450 2538 1476 2564 7.
1498 2531 1526 2556 A
1547 2530 1575 2556 in

257 2564 370 2590 marg:
398 2557 530 2584 Attricio
557 2566 617 2585 non
646 2564 747 2593 potest
774 2561 936 2594 precedere
958 2562 987 2588 in
1011 2561 1135 2589 Christo
1156 2563 1358 2590 contrarium.
1450 2566 1476 2589 8.
1498 2565 1525 2591 A
1546 2564 1575 2591 in

257 2599 373 2625 marg:
401 2591 481 2618 Nota
507 2592 543 2618 de
565 2594 705 2627 prescitis
726 2599 753 2620 et
774 2595 1006 2629 predestinatis:
1035 2597 1056 2623 Β
1084 2597 1113 2623 in
1141 2606 1254 2631 marg:
1285 2598 1515 2625 Prodestinutus
1542 2608 1577 2625 ex

261 2630 534 2664 quantumcunque
556 2627 610 2654 lexi
634 2628 740 2655 dolore
760 2630 937 2658 conteritur.
1030 2640 1058 2666 9.
1080 2632 1119 2658 B:
1142 2631 1241 2659 dolor.
1340 2633 1377 2660 15.
1400 2634 1439 2660 C:
1463 2634 1576 2660 contri-

256 2668 375 2687 cionem
396 2661 438 2687 in.
548 2663 588 2688 18.
608 2663 637 2689 A
658 2662 686 2689 in
710 2671 823 2698 marg:
855 2665 898 2692 De
924 2665 1145 2701 i11du1ger1ciis;
1176 2667 1198 2694 B
1225 2667 1253 2694 in
1287 2676 1400 2702 marga
1433 2668 1514 2694 Nota
1540 2669 1576 2695 de

258 2695 388 2730 superbe
409 2700 436 2722 et
456 2700 568 2723 temere
589 2697 831 2725 absolventibus.
897 2700 940 2726 εἳ.
962 2702 1006 2728 A:
1029 2706 1058 2727 et
1078 2702 1225 2736 sepultus
1292 2701 1337 2729 30.
1359 2703 1387 2729 A
1409 2702 1436 2729 iu
1460 2711 1574 2737 marg-u:

256 2729 399 2756 Tuscium
423 2730 567 2759 dubium:
590 2731 628 2758 ib.
644 2733 688 2758 A:
711 2732 761 2759 tali
784 2733 913 2761 iusticia.
970 2734 1012 2762 ⁴33.
1034 2736 1077 2763 A:
1101 2737 1282 2770 allegantes:
1305 2737 1344 2763 ib.
1359 2739 1387 2764 A
1409 2737 1437 2764 iu
1461 2746 1573 2772 marg:

257 2764 402 2803 Obiecc‘io
422 2765 612 2804 fratrumffilss
634 2766 663 2793 in
685 2775 798 2802 marg:
823 2770 991 2803 Quomodo
1011 2779 1107 2805 genus
1123 2770 1292 2798 humanum
1309 2772 1435 2806 punitur
1451 2777 1576 2808 propter

258 2807 517 2834 prevaricanclam
540 2808 713 2835 pr1m0rum
736 2808 909 2836 parentum.

326 2882 357 2913 ὁ.
385 2882 435 2914 Cf.
455 2882 660 2926 Trialogum
687 2894 765 2927 pag.
798 2884 870 2918 151.

1795 262 1870 297 283

1645 383 1702 410 &Vc
1723 390 1835 411 cannot

1645 417 1829 453 distinguish

1601 453 1764 480 contritiou
1794 454 1872 481 from

1643 488 1777 515 attrition
1800 489 1829 515 in

1630 523 1785 550 oursclres
1806 532 1840 550 or

1682 558 1794 585 others.

1667 1252 1754 1292 Folly
1767 1256 1805 1292 'ot

1658 1297 1817 1323 21551g1nng

1664 1333 1808 1360 penance.

1624 2071 1647 2097 It
1668 2071 1693 2100 is
1714 2073 1773 2105 just
1793 2075 1840 2101 t'or

1604 2104 1672 2133 God
1694 2113 1724 2135 to
1746 2109 1857 2147 punish

1669 2152 1726 2170 one
1746 2146 1794 2171 tor

1602 2179 1757 2206 another's
1778 2180 1858 2207 sake.
