2017 3353
174 271 196 309 8
760 269 984 302 JOHANNIS
1004 270 1188 303 WYCLIF
1215 271 1475 306 SERMONUM
1573 257 1727 317 [SERMO
1749 271 1771 298 1.

462 375 552 411 loco
585 374 785 423 posterius
818 384 1061 423 creatorum,
1086 377 1361 425 corporalium
1394 387 1646 425 naturarum,
1681 391 1770 427 pre—

463 432 650 470 cessisset
697 445 883 480 vacuum,
929 434 1033 471 sicut
1076 434 1230 483 fuisset,
1274 436 1407 484 posito
1440 437 1549 485 quod
1583 437 1770 474 continue

462 491 601 528 fuisset
633 491 944 529 circumrotacio
978 493 1159 541 corporis
1190 494 1404 542 procreati,
1448 495 1599 532 Omnes
1633 503 1767 531 autern

462 549 535 586 has
583 548 840 586 difficultates
894 550 1198 588 infundabiliter
1249 552 1500 600 sompniatas
1552 553 1772 600 prudenter

463 606 676 645 abicimus.
1787 617 1802 649 5

188 676 233 703 As
254 680 286 702 ιο
303 675 430 702 doctors
520 667 570 701 Et
602 674 796 713 quantum
831 667 881 703 ad
915 667 1100 703 doctores
1135 667 1202 715 qui
1235 667 1421 704 videntur
1453 676 1586 705 tenere
1611 678 1769 707 contra-

171 718 249 778 5133,
262 710 449 781 “t'fiess‘hsffiy
465 723 582 770 rium,
617 732 676 760 est
707 723 849 772 triplex
890 724 1057 771 solucio,
1093 725 1225 773 primo
1258 727 1366 773 quod
1399 725 1601 773 opinative
1635 727 1674 763 in
1707 741 1768 764 ex-

202 780 277 807 have
297 780 415 819 utgesed
464 781 670 829 posicione
698 782 816 818 huius
841 782 933 818 fidei
966 791 1059 819 sunt
1081 783 1230 830 locuti;
1265 792 1302 820 et
1334 783 1389 820 sic
1414 796 1553 820 eorum
1576 785 1765 833 assercio,

167 815 556 875 merelyopinionS.Cum
590 852 671 876 non
704 840 778 876 fuit
810 840 997 877 definicio
1030 841 1151 889 (sicut
1183 850 1292 888 patet
1325 853 1369 878 ex
1402 842 1634 879 racionibus
1669 856 1767 891 quas

463 898 514 934 ad
558 898 634 934 hoc
679 907 848 946 possunt
891 895 1038 942 facere)
1085 908 1143 935 est
1189 899 1267 935 illis
1312 899 1543 936 hominibus
1577 901 1644 948 qui
1678 904 1829 939 sub-10

463 954 636 992 tiliorem
669 955 774 992 viam
808 969 889 992 non
922 965 1091 1004 possunt
1130 956 1342 1005 concipere
1376 957 1593 1006 opinanda.
1659 960 1771 997 Sicut

464 1013 569 1049 enim
602 1013 848 1062 Augustinus
888 1027 981 1062 sepe
1023 1014 1178 1063 regulat
1222 1016 1330 1063 quod
1369 1028 1488 1052 nemo
1531 1018 1669 1054 credat
1701 1031 1770 1055 sue

465 1072 667 1108 sentencie
712 1071 788 1108 nisi
830 1073 878 1108 de
911 1081 1062 1120 quanto
1107 1073 1146 1109 in
1192 1085 1310 1110 sensu
1343 1074 1541 1122 scripture
1574 1083 1611 1111 et
1644 1076 1770 1113 racio-

465 1129 582 1165 nibus
606 1138 664 1166 est
695 1130 880 1166 fundata:
923 1143 1046 1179 quare
1070 1143 1163 1179 ergo
1196 1131 1286 1179 plus
1310 1132 1541 1169 crederetur
1572 1134 1770 1181 posterio-

466 1187 574 1224 ribus
608 1188 854 1235 doctoribus,
902 1187 993 1225 licet
1025 1189 1177 1226 vocatis
1211 1189 1372 1235 sanctis,
1406 1191 1474 1238 qui
1507 1191 1546 1227 in
1579 1191 1654 1229 ista
1687 1202 1827 1233 ma-15

176 1244 265 1280 They
287 1252 358 1281 may
373 1244 449 1306 hzve
466 1244 564 1282 teria
587 1245 773 1282 videntur
795 1258 880 1282 esse
904 1247 1093 1283 contrarii
1118 1248 1367 1295 Augustino?
1401 1250 1585 1286 Secunda
1617 1250 1770 1287 solucio

174 1281 398 1342 negiiencgeiirii}
418 1288 449 1307 e-
466 1311 525 1339 est
557 1305 665 1351 quod
697 1316 835 1352 grosse
868 1304 991 1341 locuti
1025 1314 1116 1342 sunt
1149 1306 1196 1341 de
1237 1314 1431 1353 tempore,
1456 1308 1564 1354 quod
1597 1308 1771 1355 quelibet

466 1361 699 1398 substancia
752 1363 902 1398 durans
951 1363 1229 1410 temporaliter
1275 1364 1325 1400 sit
1371 1364 1456 1400 sine
1506 1365 1771 1404 distinccione

465 1419 647 1456 ulteriori
681 1420 812 1467 ipsum
848 1429 1020 1468 tempus.
1054 1422 1096 1456 In
1128 1421 1204 1458 hoc
1229 1421 1333 1458 enim
1368 1422 1555 1459 laborant
1588 1425 1770 1461 moderni

469 1477 535 1525 qui
559 1477 698 1514 insane
720 1477 934 1526 imponunt
959 1478 1074 1515 dictis
1098 1479 1310 1527 Augustini
1333 1480 1607 1528 calumpniam
1634 1482 1673 1518 in
1696 1483 1770 1520 hac
1789 1502 1830 1524 20

464 1543 589 1583 parte,
607 1537 712 1572 unde
735 1537 954 1572 secundum
980 1536 1076 1574 istos
1094 1539 1313 1574 secundum
1330 1551 1394 1575 sex
1410 1538 1492 1575 dies
1516 1540 1708 1587 temporis
1734 1550 1772 1578 et

465 1593 643 1630 infinitos
676 1606 757 1630 non
790 1594 1136 1632 communicantes
1170 1597 1276 1632 Deus
1309 1597 1414 1633 hunc
1447 1599 1643 1633 mundum
1678 1611 1770 1646 pro—

464 1652 629 1688 duxerat
661 1652 896 1699 successive,
930 1653 1023 1700 quia
1047 1654 1266 1690 secundum
1298 1653 1388 1691 illos
1413 1655 1514 1701 dies3
1540 1664 1577 1692 et
1599 1655 1664 1692 isti
1688 1657 1771 1693 dies

463 1718 555 1745 sunt
607 1722 673 1746 sex
720 1710 803 1746 dies
852 1711 1044 1758 temporis
1098 1712 1344 1750 successive:
1406 1725 1499 1761 ergo
1550 1714 1769 1753 conclusio.

198 1786 230 1812 ln
260 1786 419 1819 ‚creation’
463 1766 608 1803 Tereia
643 1776 700 1804 est
733 1768 942 1816 responsio
966 1769 1102 1805 dicens
1126 1771 1235 1817 quod
1259 1771 1485 1806 extenditur
1508 1772 1580 1808 Dei
1613 1773 1769 1809 creacio
1788 1783 1825 1814 25

173 1822 448 1885 οιῐὲῑὲἔεῐὲᾒζεῑῖῐᾈ-
464 1826 514 1861 ad
548 1825 632 1862 eius
666 1826 1022 1863 conservacionem
1056 1827 1116 1864 vel
1150 1828 1492 1876 gubernacionem
1534 1830 1656 1866 modo
1690 1843 1769 1878 quo

273 1891 350 1919 tion.
461 1883 662 1931 scriptura
709 1897 801 1932 sepe
840 1884 1031 1932 loquitur.
1076 1887 1124 1922 Et
1172 1886 1241 1931 sic,
1289 1886 1391 1923 sicut
1438 1887 1621 1924 Christus
1667 1888 1763 1925 dicit

459 1942 546 1980 Joh.
580 1943 640 1988 V0,
689 1954 757 1988 17:
804 1943 923 1979 Pater
962 1955 1067 1979 meus
1106 1956 1221 1993 usque
1259 1945 1373 1981 modo
1405 1953 1591 1993 operatur
1622 1953 1657 1982 et
1688 1959 1761 1998 ego

461 2011 613 2048 operor,
674 1999 730 2036 sic
779 2002 885 2037 Deus
934 2000 1082 2037 creavit
1133 2002 1235 2038 hanc
1287 2001 1426 2038 mundi
1484 2003 1674 2039 fabricam
1732 2014 1768 2041 et

461 2069 621 2104 semper
666 2066 793 2105 creat3
840 2067 878 2094 et
922 2057 976 2095 sic
1023 2067 1182 2106 oportet
1226 2059 1373 2107 fingere
1407 2059 1610 2096 racionem
1646 2074 1768 2108 quare
1785 2072 1825 2104 30

460 2114 601 2162 pocius
635 2115 675 2151 in
708 2127 773 2151 sex
807 2115 946 2152 diebus
980 2129 1101 2163 quarn
1137 2117 1176 2153 in
1211 2117 1410 2164 quotlibet
1441 2117 1529 2154 aliis
1554 2118 1702 2155 dicitur
1724 2132 1767 2156 ex

460 2185 577 2208 sensu
623 2172 819 2220 scripture
859 2175 966 2221 quod
1000 2176 1105 2211 Deus
1148 2183 1353 2211 creaverat
1391 2175 1512 2212 istum
1554 2178 1765 2216 mundum.

458 2230 568 2267 Alias
617 2239 750 2267 autem
797 2231 1022 2268 evidencias
1067 2241 1105 2268 et
1153 2232 1338 2269 subtilem
1387 2242 1602 2270 tractatum
1649 2235 1766 2272 huius

461 2288 628 2325 materie
661 2288 844 2336 relinquo
877 2289 966 2326 aliis
1001 2289 1304 2330 declarandum.

527 2407 547 2426 1.
569 2398 607 2425 B:
642 2403 865 2427 creaturarum.
974 2408 999 2427 2.
1022 2401 1060 2428 B:
1094 2409 1224 2429 vacuum
1251 2402 1332 2429 sicut
1357 2403 1461 2437 posito
1488 2404 1587 2438 quod:
1626 2403 1665 2432 C:
1687 2405 1767 2433 sicut

458 2438 543 2468 puto.
650 2443 679 2466 4·
700 2435 740 2462 A:
768 2435 822 2461 has
843 2435 982 2462 omitted.
1110 2436 1138 2464 6.
1158 2437 1187 2463 A
1207 2437 1237 2464 in
1259 2444 1374 2470 marga
1396 2436 1477 2464 Nota
1500 2439 1692 2467 solucionem
1713 2441 1766 2467 tri-

459 2469 570 2503 plicem
593 2477 614 2496 1.
635 2468 676 2496 C:
709 2469 855 2497 videntur
874 2470 986 2497 dicere.
1112 2479 1138 2505 7.
1161 2470 1202 2498 C:
1238 2471 1360 2506 duplex.
1486 2472 1512 2499 8.
1535 2474 1577 2500 A:
1608 2475 1659 2501 sed
1687 2474 1766 2502 sicut

458 2510 578 2530 eorum.
651 2512 680 2538 9.
703 2503 769 2531 BC:
800 2504 963 2531 distinccio
984 2504 1074 2533 sicut.
1148 2513 1186 2533 12.
1207 2507 1251 2533 A:
1279 2506 1360 2533 enim
1381 2507 1475 2534 deest.
1567 2515 1606 2535 12.
1628 2511 1670 2535 A:
1693 2517 1766 2544 sepe

458 2542 558 2571 rogat.
685 2546 726 2572 14·
747 2540 793 2566 A:
814 2539 852 2566 sit
872 2538 1010 2566 fundata.
1137 2540 1176 2567 15.
1200 2540 1266 2568 BC:
1290 2541 1359 2568 licet
1378 2543 1504 2569 sanctis.
1631 2544 1672 2570 16.
1693 2545 1764 2571 AB:

457 2572 640 2607 Augustini.
749 2580 789 2607 17.
810 2575 839 2600 A
859 2574 889 2601 in
912 2582 1027 2608 marg:
1048 2582 1072 2601 2.
1095 2574 1162 2602 BC:
1189 2575 1291 2609 grossi
1312 2575 1407 2603 locuti
1434 2581 1507 2603 sunt
1526 2578 1609 2612 quod
1631 2579 1765 2613 quelibet

458 2607 648 2634 substancia.
733 2614 771 2634 21.
792 2608 836 2635 A:
859 2611 1029 2636 secundum
1052 2610 1121 2636 illos
1142 2611 1324 2637 secundum.
1347 2610 1384 2638 B:
1408 2611 1579 2639 secundum
1601 2613 1631 2639 in
1653 2621 1763 2649 marg„

457 2641 493 2668 B:
524 2642 675 2677 temporis
696 2642 790 2669 deest.
916 2643 957 2670 23.
980 2645 1017 2670 ss:
1040 2644 1115 2671 istos
1137 2645 1212 2671 dies.
1320 2646 1366 2673 26.
1388 2647 1434 2672 A:
1458 2646 1488 2673 in
1510 2654 1570 2681 quo
1592 2646 1763 2681 scriptura:

456 2676 550 2703 modo
569 2677 708 2704 omitted.
839 2676 876 2705 31.
899 2676 939 2705 C:
961 2678 1070 2712 pocius
1092 2687 1166 2706 sex.
1183 2700 1189 2706 .
1206 2699 1213 2706 .
1233 2687 1326 2715 quam
1347 2681 1504 2715 quotlibet.
1627 2680 1674 2715 34.
1696 2682 1760 2710 BC:

456 2711 524 2738 aliis
543 2712 589 2739 vel
609 2711 694 2739 alias.

531 2816 556 2837 1.
585 2806 635 2838 Cf.
662 2806 878 2848 Trialogum,
905 2816 982 2849 pag.
1011 2807 1086 2850 239,
1115 2819 1193 2849 240.
