2017 3353
176 305 226 344 38

225 661 375 696 Genitive,

250 696 366 728 Dative.

235 731 392 765 Vocative‚

235 766 386 800 Ablative,

206 1068 402 1096 Accusative.

248 1418 368 1445 Doubts

241 1454 263 1480 Ι.
285 1453 369 1489 Why

186 1487 361 1516 Christians
382 1497 433 1516 are

226 1528 280 1550 not
302 1524 398 1551 called

234 1557 377 1586 Jesuans⁴

222 1708 314 1736 Jesus
334 1709 359 1736 is
381 1717 395 1736 a

193 1751 308 1779 proper
329 1752 428 1779 name,

172 1779 277 1807 Christ
287 1787 446 1808 common.

216 1941 273 1969 We
293 1951 345 1969 are
366 1943 403 1970 all

190 1977 348 2011 anointed,
373 1978 425 2005 but

203 2013 275 2048 only
296 2013 341 2040 He
363 2021 419 2041 can

266 2056 347 2076 save.

762 313 984 346 JOHANNIS
1014 313 1198 345 WYCLIF
1226 313 1484 347 SERMONUM
1556 300 1713 355 [SERMo
1727 309 1779 337 V1.

463 421 562 457 illud
596 420 728 468 prima
752 420 860 457 Petri
885 420 1056 457 ultimo:
1092 420 1160 457 vix
1182 420 1301 456 iustus
1321 420 1550 457 salvabitur.
1585 421 1686 457 Nam
1711 419 1780 468 qui

464 487 570 516 recte
604 478 823 515 meditatur
860 478 1026 515 vulnera
1069 478 1248 527 quinque
1280 479 1372 514 Jesu
1412 487 1450 514 et
1493 488 1623 515 servat
1664 478 1779 515 deca-

464 537 602 585 logum
642 537 753 585 quod
798 536 837 572 in
883 536 961 573 isto
1002 538 1123 573 verbo
1164 536 1233 573 vix
1277 544 1442 573 notatur
1480 549 1551 584 per
1594 535 1779 572 ordinem

464 594 630 631 indubie
656 604 715 631 est
739 594 967 632 salvandus.
1003 596 1045 630 In
1069 604 1248 642 quatuor
1280 602 1412 630 autem
1439 594 1615 642 obliquis
1650 602 1780 630 servat

463 665 612 689 nomen
643 654 736 689 Jesu
770 652 947 689 litteram
974 652 1298 700 quadruplicem,
1334 652 1431 700 quia
1460 651 1528 700 qui
1554 664 1645 688 cum
1680 664 1777 700 apo-
1796 654 1812 687 5

464 711 570 748 stolo
605 711 647 747 in
671 709 832 746 Christo
865 711 957 746 Jesu
991 722 1062 757 per
1094 709 1346 757 evangelium
1371 709 1475 746 filios
1508 722 1604 746 suos
1635 710 1778 761 gignit,

463 779 501 806 et
545 781 618 816 pro
660 768 743 804 eius
777 781 915 804 amore
954 769 1105 804 nedum
1147 769 1213 804 dat
1245 767 1383 803 omnia
1422 780 1493 804 sua
1535 767 1780 815 temporalia

463 827 532 863 sed
573 839 612 863 se
653 826 800 873 ipsum,
849 834 885 862 et
929 826 1052 862 tercio
1094 825 1292 862 instanter
1329 825 1480 862 invocat
1519 826 1596 862 hoc
1630 837 1778 862 nomen

464 884 633 930 domini,
669 897 714 921 ac
747 893 892 932 quarto
927 885 1059 933 aufert
1092 892 1304 931 peccatum
1327 884 1420 919 Jesu
1444 883 1696 920 contrarium
1731 884 1779 920 de

463 956 536 979 suo
557 943 678 979 corde
697 943 919 978 secundum
939 941 1159 987 iusticiam,
1184 941 1463 989 prudenciam,
1483 941 1777 988 fortitudinem,

463 1011 500 1038 et
533 1000 864 1048 temperanciam‚
909 999 949 1035 in
982 999 1061 1037 isto
1095 1000 1260 1036 nomine
1300 999 1464 1036 indubie
1497 1008 1555 1036 est
1586 999 1776 1037 salvatus.

464 1059 541 1095 Sed
587 1058 714 1095 tercio
755 1057 825 1105 qui
871 1059 1092 1094 accusando
1130 1068 1167 1095 et
1217 1057 1496 1094 blasfemando
1535 1058 1670 1094 Jesum
1722 1066 1780 1093 est

461 1116 537 1153 sibi
599 1115 828 1152 contrarius
887 1115 927 1151 in
974 1115 1084 1152 finali
1133 1115 1285 1152 iudicio
1339 1117 1612 1163 obmutescet3
1685 1115 1779 1164 quia

462 1187 505 1210 ex
537 1174 645 1211 beati
679 1173 783 1210 Petri
818 1173 1054 1211 testimonio
1103 1174 1168 1211 hic
1212 1173 1315 1221 lapis
1360 1173 1675 1210 fundamentalis
1721 1183 1779 1211 est

461 1232 609 1269 talibus
656 1232 754 1281 lapis
799 1232 1017 1280 offensionis
1049 1240 1084 1269 et
1110 1239 1227 1280 petra
1265 1232 1463 1277 scandali;
1509 1231 1609 1268 alias
1643 1241 1775 1268 autem

460 1291 597 1327 laudes
642 1302 686 1326 ex
730 1289 817 1327 istis
862 1298 996 1337 potest
1039 1290 1271 1337 predicator
1309 1290 1450 1326 elicere
1495 1299 1531 1326 et
1576 1291 1626 1326 ad
1659 1291 1778 1326 devo-

463 1348 620 1385 cionem
655 1347 798 1395 populi
823 1358 1190 1397 quantumcunque
1222 1348 1386 1385 libuerit
1420 1347 1638 1384 declarare.

523 1406 640 1443 Circa
673 1407 749 1442 hoc
785 1405 1035 1453 evangelium
1062 1406 1274 1443 dubitatur
1305 1419 1429 1455 quare
1461 1415 1570 1443 secta
1593 1405 1778 1443 christia-

465 1477 610 1500 norum
652 1472 822 1500 vocatur
860 1464 1132 1501 communiter
1171 1465 1381 1502 christiani
1414 1473 1450 1501 et
1488 1476 1571 1500 non
1601 1463 1777 1509 Jesuani,

465 1535 556 1559 cum
596 1523 673 1558 hoc
711 1535 860 1558 nomen
900 1522 950 1558 sit
988 1532 1070 1559 tam
1113 1522 1315 1559 laudabile
1349 1532 1387 1560 et
1419 1524 1512 1559 Jesu
1551 1521 1777 1570 proprium.

465 1581 542 1616 Sed
586 1593 659 1628 pro
705 1579 822 1616 huius
870 1580 1081 1617 solucione
1126 1582 1437 1628 supponendum
1479 1581 1587 1629 quod
1631 1593 1779 1616 nomen

462 1639 574 1674 Jesus
608 1638 658 1674 sit
690 1637 833 1674 Messie
865 1638 1078 1686 proprium
1114 1648 1150 1675 et
1185 1638 1368 1676 Christus
1403 1651 1445 1675 ex
1478 1638 1557 1675 alia
1590 1638 1773 1685 proprie-

463 1704 544 1732 tate
575 1695 730 1732 domini
763 1695 815 1732 sit
854 1708 1083 1743 commune,
1119 1696 1227 1734 iuxta
1259 1697 1360 1733 illud
1394 1696 1540 1733 Psalm.
1571 1697 1667 1743 CIV,
1712 1697 1777 1732 15:

462 1754 592 1790 Nolite
624 1762 787 1804 tangere
819 1755 983 1791 christos
1015 1767 1131 1791 meos.
1186 1756 1287 1791 Nam
1330 1754 1370 1790 in
1410 1755 1495 1802 lege
1535 1754 1658 1791 veteri
1699 1764 1779 1791 tres

464 1812 662 1848 maneries
701 1811 929 1861 hominum,
971 1812 1123 1850 scilicet
1166 1824 1290 1861 reges,
1335 1813 1564 1852 sacerdotes
1610 1822 1647 1850 et
1686 1825 1779 1860 pro-

463 1871 580 1917 phete
627 1870 902 1906 communiter
947 1880 1061 1907 erant
1106 1870 1235 1918 uncti;
1282 1871 1321 1907 in
1365 1871 1451 1919 lege
1496 1879 1629 1907 autem
1676 1883 1780 1908 nova

463 1940 603 1964 omnes
649 1927 860 1965 christiani
900 1928 1182 1976 multipliciter
1219 1939 1310 1965 sunt
1353 1928 1476 1966 uncti.
1542 1927 1646 1973 Quia
1685 1940 1778 1977 ergo

465 1998 607 2022 omnes
643 1985 851 2022 christiani
891 1986 931 2022 in
977 1986 1175 2023 unccione
1221 1987 1338 2023 huius
1385 1986 1529 2034 capitis
1564 1985 1778 2023 aromatici

464 2053 556 2080 sunt
590 2044 701 2080 uncti
727 2054 764 2080 et
788 2056 832 2079 ex
855 2044 944 2080 oleo
969 2044 1102 2092 gracie
1126 2057 1194 2081 sue
1219 2044 1537 2090 communicant,
1573 2044 1780 2092 signanter

463 2111 582 2138 vocat
616 2114 683 2137 eos
718 2101 885 2139 ecclesia
918 2102 1170 2139 christianos.
1226 2103 1303 2138 Sed
1345 2101 1440 2151 quia
1480 2103 1634 2139 salvare
1675 2101 1778 2139 sicut

464 2158 698 2205 capitaliter
748 2171 882 2206 regere
934 2169 991 2197 est
1042 2159 1116 2196 sibi
1167 2160 1380 2207 proprium
1421 2168 1458 2195 et
1506 2159 1776 2196 incommuni-

464 2216 592 2252 cabile
624 2216 817 2252 membris
851 2216 948 2263 suis,
993 2217 1198 2265 signanter
1229 2226 1342 2254 cavet
1374 2217 1544 2254 ecclesia
1576 2229 1625 2254 ne
1665 2217 1776 2265 ipsos

464 2274 648 2310 nominet
679 2275 890 2312 Jesuanos.
925 2276 1026 2311 Nam
1066 2276 1152 2313 Act.
1177 2277 1263 2321 XI0‚
1300 2277 1350 2312 26
1385 2275 1533 2323 legitur
1565 2277 1774 2324 quomodo

463 2331 681 2368 Antiochie
726 2333 857 2379 primo
904 2332 1034 2369 vocati
1080 2343 1171 2370 sunt
1205 2332 1395 2381 discipuli
1429 2334 1639 2371 christiani.

532 2462 551 2481 1.
573 2453 594 2480 B
617 2453 648 2480 in
670 2461 786 2485 marg:
820 2454 992 2483 Misticacio
1013 2463 1142 2484 casuum
1173 2456 1264 2483 huius
1293 2456 1428 2483 nominis
1449 2455 1537 2483 Jesus
1559 2462 1586 2483 ct
1607 2456 1775 2485 literarum.

462 2496 486 2515 2.
509 2488 530 2515 B
551 2488 581 2515 in
602 2496 715 2523 marg:
737 2487 965 2517 Nominativus.
1068 2500 1097 2524 4.
1119 2492 1164 2519 A:
1186 2490 1421 2526 quadriplicem.
1519 2491 1546 2518 6.
1567 2491 1589 2518 B
1610 2492 1641 2518 in
1662 2499 1776 2526 marg.:

462 2523 636 2551 Genitivus.
688 2530 714 2558 7.
740 2523 761 2549 B
784 2523 814 2550 in
836 2531 954 2561 marg:
975 2524 1124 2559 Dativus;
1147 2525 1218 2554 BC:
1241 2525 1347 2553 omnia
1367 2525 1462 2553 deest.
1510 2535 1538 2562 9.
1559 2525 1580 2552 B
1601 2526 1632 2553 in
1654 2534 1775 2561 marg.:

461 2557 643 2597 Vocativus.
728 2565 769 2584 ιο.
792 2557 813 2585 Β
835 2566 873 2597 ιη.
888 2567 1005 2594 marg:
1026 2560 1198 2588 Ablativus.
1284 2568 1322 2587 ιε.
1343 2560 1459 2594 tercio;
1482 2566 1562 2588 recte
1583 2561 1709 2596 quinto;
1731 2561 1774 2589 C:

462 2598 635 2630 inqquarto.
689 2625 695 2631 η
709 2599 750 2625 14.
772 2592 820 2620 A:
845 2593 893 2620 hic
914 2594 1012 2621 deest.
1084 2595 1123 2622 15.
1144 2596 1189 2623 A:
1215 2599 1317 2622 autem
1338 2594 1433 2622 deest.
1507 2603 1546 2630 17.
1560 2595 1589 2623 A
1609 2595 1639 2622 in
1660 2603 1775 2631 marg:

462 2628 599 2655 Primum
621 2626 763 2654 dublum.
891 2636 932 2661 ¹9-
953 2630 982 2656 A
1004 2630 1032 2656 in
1056 2638 1174 2665 margi:
1205 2629 1393 2665 Responsio3
1431 2631 1478 2657 A:
1508 2630 1667 2657 christiani
1688 2638 1775 2657 com-

462 2662 606 2689 muniter.
673 2668 716 2688 22.
733 2661 771 2688 B:
793 2666 820 2689 et
840 2663 884 2690 sic
904 2671 950 2689 ex.
1007 2663 1049 2691 23.
1071 2665 1117 2691 A:
1139 2664 1270 2692 diversis
1290 2664 1329 2690 sit
1348 2665 1484 2698 (erasure
1504 2665 1534 2692 in
1555 2665 1652 2699 cod.);
1674 2665 1715 2692 ib.
1729 2666 1774 2692 A:

461 2697 573 2724 Psalm.
595 2703 654 2735 gap
674 2696 705 2723 in
725 2695 766 2722 M.
788 2696 820 2724 S.
889 2700 933 2724 20.
956 2697 1021 2725 BC:
1044 2700 1199 2733 peruncti3
1219 2699 1241 2726 B
1256 2699 1286 2726 in
1303 2706 1369 2725 mar
1411 2699 1568 2734 :triplices
1584 2700 1725 2727 homines
1746 2701 1775 2727 in

461 2731 527 2766 lege
547 2736 640 2770 veteri
657 2730 861 2765 ungebantur.
936 2733 981 2759 28.
1003 2735 1047 2760 A:
1071 2734 1232 2761 aromatici
1248 2733 1351 2767 deest;
1408 2744 1415 2760 ι
1437 2733 1586 2766 aronitici;
1608 2733 1651 2761 C:
1667 2734 1774 2770 capitis

462 2770 624 2793 aromatici
646 2773 681 2792 ex
700 2766 769 2793 oleo
790 2767 892 2800 gracie
913 2775 976 2794 sue.
1049 2775 1097 2802 29.
1118 2771 1168 2796 A:
1188 2776 1242 2796 sue
1263 2768 1365 2801 deest3
1387 2767 1430 2796 C:
1451 2769 1670 2796 communicat.

539 2882 565 2904 1.
592 2871 699 2903 Recte
732 2871 754 2903 1.
783 2871 873 2903 Petri
908 2873 963 2913 IV,
1008 2874 1056 2908 18.
1169 2875 1218 2907 15.
1251 2886 1276 2907 1.
1303 2875 1393 2907 Petri
1421 2875 1460 2916 ΙΙ,
1490 2876 1521 2908 S.
1646 2886 1695 2919 19.
1723 2875 1774 2907 Cf.

466 2918 515 2949 De
541 2917 699 2950 Ecclesia
726 2928 804 2961 pag.
830 2929 910 2960 400.

1800 954 1838 976 10

1799 1234 1835 1266 15

1796 1534 1837 1556 20

1796 1813 1836 1845 25

1795 2103 1836 2136 30
