2017 3353
120 283 191 319 186

190 393 307 430 Donble
343 428 348 429 ⁷

154 435 273 454 menum
316 430 345 454 ot

130 463 151 489 ·1
172 471 210 497 go
232 468 261 489 to
278 435 344 489 iiim

111 1041 235 1076 Logical
252 1040 385 1079 theorics

132 1085 165 1103 as
186 1080 216 1102 to
237 1080 366 1103 motlon.

127 1843 222 1870 Their
245 1842 369 1877 bearing

196 1886 235 1904 on
257 1878 305 1904 the

113 1912 326 1940 consecration
356 1912 389 1938 os

175 1947 224 1974 the
245 1947 324 1973 host.

678 293 902 325 JOHANNIS
922 292 1104 324 WYCLIF
1122 292 1382 325 SERMONUM
1407 278 1557 335 [SERMO
1572 290 1712 318 XXVIII-

400 408 580 450 terrogat
624 413 682 436 nze
725 412 796 448 quo
841 398 960 434 vadis.
1008 397 1140 434 Prima
1191 411 1282 447 pars
1327 407 1457 447 potest
1501 399 1713 447 dupliciter

350 461 366 488 ‘-
400 471 494 494 sane
528 457 709 506 intelligi,
744 456 876 505 primo
911 457 1032 492 modo
1068 458 1175 504 quod
1209 456 1274 493 ille
1306 458 1414 505 apud
1444 469 1561 505 quem
1592 470 1711 494 omne

400 525 557 564 tempus
592 525 649 552 est
678 527 840 563 presens
871 514 933 550 vel
956 513 1190 561 preteritum
1213 516 1273 551 vel
1297 515 1487 559 futurum,
1521 514 1616 551 dicit
1639 528 1712 563 pro

400 583 582 621 tempore
626 572 871 610 ascensionis
916 572 1023 620 quod
1068 573 1173 608 vadit
1216 574 1264 608 ad
1309 582 1484 621 patrem;
1535 574 1712 609 secundo

402 633 522 668 modo
562 633 669 679 quod
703 630 884 668 Christus
923 628 1110 666 continue
1148 630 1343 667 transiens
1383 643 1453 678 per
1491 630 1623 667 media
1661 632 1745 667 ad5

400 689 674 726 ascensionem
719 689 780 725 vel
824 687 1112 724 beatitudinem
1158 701 1271 725 suam
1316 688 1526 725 tendencia
1569 688 1712 725 transit

400 747 600 793 continue,
635 747 729 796 quia
762 755 819 783 est
852 745 1039 782 continue
1072 745 1112 781 in
1143 747 1339 783 vadendo.
1364 748 1465 783 Cum
1490 746 1593 782 enim
1627 755 1712 783 tota

400 804 462 842 via
502 818 621 854 quam
661 804 781 841 viavit
819 803 869 840 sit
909 802 1087 840 medium
1121 805 1169 840 ad
1205 805 1308 841 hunc
1343 804 1475 850 finem,
1509 817 1599 841 vere
1633 804 1710 841 dici

400 872 530 911 potest
563 865 671 912 quod
704 862 894 899 continue
932 861 1078 898 viando
1110 860 1215 898 viam
1250 863 1351 899 hanc
1382 862 1504 899 vadit.
1538 863 1585 898 Et
1619 875 1708 898 cum

400 934 479 957 non
512 931 568 958 est
601 920 791 969 possibile
824 921 931 968 quod
965 927 1041 955 stet
1080 918 1119 954 in
1151 920 1225 956 hac
1256 920 1319 956 via
1350 921 1411 957 vel
1443 920 1613 957 declinet
1652 933 1710 956 er-
1731 932 1769 953 10

401 981 527 1015 rando
561 988 775 1028 antequam
810 977 1026 1015 terminum
1052 976 1134 1013 eius
1159 977 1340 1025 attingat,
1363 991 1454 1014 vere
1479 978 1555 1014 dici
1580 987 1710 1026 potest

401 1039 508 1085 quod
540 1037 650 1073 vadit
683 1036 872 1073 continue
904 1037 954 1072 ad
988 1036 1092 1071 hunc
1125 1035 1258 1071 finem.
1284 1037 1398 1073 Unde
1431 1045 1564 1072 errant
1596 1035 1711 1072 multi

400 1104 437 1132 et
477 1095 610 1143 magni
648 1094 780 1143 logici,
819 1093 939 1142 primi
978 1094 1262 1130 contendentes
1307 1095 1415 1142 quod
1453 1103 1579 1130 sortes
1625 1107 1711 1142 per-

401 1153 543 1189 transit
582 1166 628 1189 ac
667 1161 849 1189 movetur
888 1153 956 1188 sed
989 1151 1142 1187 nullum
1177 1151 1357 1199 spacium
1391 1151 1608 1200 pertransit
1639 1165 1711 1188 nec

402 1211 538 1259 aliquo
583 1220 696 1247 motu
740 1219 935 1247 movetur.
987 1208 1159 1246 Secundi
1205 1208 1342 1246 dicunt
1386 1210 1493 1258 quod
1536 1222 1617 1245 non
1655 1218 1712 1246 est
1731 1211 1768 1243 ι5

401 1269 591 1317 possibile
625 1281 708 1305 esse
741 1268 905 1317 aliquod
937 1266 1231 1304 successionem
1264 1269 1331 1304 sed
1370 1268 1454 1304 fore
1485 1268 1546 1304 vel
1579 1267 1709 1304 fuisse.

400 1327 543 1364 Tereia
582 1336 717 1363 autem
758 1326 818 1363 via
859 1325 1037 1362 veritatis
1077 1324 1260 1361 concedit
1292 1338 1411 1362 omne
1443 1325 1709 1362 successivum

403 1397 485 1421 esse
518 1386 737 1422 secundum
772 1384 993 1432 quamlibet
1025 1383 1085 1419 sui
1118 1392 1287 1431 partem,
1322 1396 1410 1419 cum
1446 1385 1551 1431 apud
1583 1385 1709 1419 Deum

402 1443 468 1491 qui
504 1452 560 1479 est
593 1442 724 1490 prima
755 1442 900 1479 veritas
933 1441 981 1477 sit
1014 1454 1134 1477 omne
1168 1442 1275 1489 quod
1316 1441 1388 1477 fuit
1420 1442 1479 1477 vel
1514 1441 1599 1486 erit,
1640 1454 1711 1477 nec

402 1502 530 1538 solum
577 1500 789 1537 existencia
833 1501 900 1536 sed
946 1500 1071 1536 multa
1116 1512 1195 1535 non
1235 1498 1448 1536 existencia
1492 1500 1709 1535 secundum
1729 1511 1771 1533 20

402 1572 484 1595 esse
524 1558 712 1607 possibile
752 1560 899 1595 habent
938 1570 1033 1594 esse.
1079 1559 1126 1593 Et
1165 1556 1239 1593 ista
1277 1557 1339 1593 via
1378 1557 1561 1593 concedit
1604 1558 1711 1605 quod

403 1616 642 1653 indivisibile
681 1616 890 1653 successivi
932 1624 988 1652 est
1027 1628 1100 1663 pro
1134 1616 1209 1651 hoc
1242 1614 1426 1655 instante,
1462 1628 1551 1651 cum
1586 1614 1712 1651 conti-

403 1688 525 1710 nuum
573 1674 830 1722 componitur
875 1687 917 1710 ex
961 1685 1041 1709 non
1085 1672 1257 1720 quantis.
1299 1672 1533 1709 Destruccio
1579 1681 1710 1709 autem

402 1733 570 1769 istorum
605 1745 786 1768 errorum
821 1741 858 1768 et
891 1731 1117 1768 declaracio
1149 1730 1209 1767 vie
1241 1730 1362 1767 tercie
1394 1730 1570 1767 veritatis
1605 1732 1712 1770 (cum

404 1799 511 1838 patet
550 1790 661 1837 alibi)
703 1799 760 1826 est
799 1789 862 1826 hic
900 1799 1107 1837 tamquam
1150 1788 1309 1825 notoria
1346 1790 1610 1837 supponenda
1642 1801 1713 1824 nec
1732 1791 1770 1823 25

403 1862 514 1884 error
558 1848 669 1896 prior
711 1849 772 1884 vel
815 1847 1014 1895 posterior
1057 1846 1140 1882 sine
1190 1847 1333 1887 fructu,
1387 1860 1477 1883 cum
1531 1845 1713 1882 moderni

405 1906 568 1943 heretici
609 1906 747 1942 dicunt
785 1906 825 1941 in
865 1904 1034 1942 materia
1068 1906 1115 1941 de
1148 1914 1402 1941 sacramento
1436 1904 1573 1940 altaris
1606 1905 1713 1952 quod

403 1973 638 2001 consecrant
672 1973 709 2000 et
741 1963 864 2000 nichil
896 1971 1146 2007 consecrant,
1181 1972 1217 1999 et
1241 1962 1307 1999 illa
1331 1961 1561 2010 proposicio
1585 1974 1714 1998 sacra—

405 2022 587 2059 mentalis
620 2022 692 2058 fuit
729 2023 790 2058 vel
823 2021 896 2058 erit
927 2034 1038 2065 vera3
1083 2022 1150 2057 sed
1184 2020 1285 2057 sicut
1319 2033 1399 2056 non
1432 2029 1488 2056 est
1527 2019 1715 2067 possibile

403 2080 611 2117 veritatem
647 2093 759 2116 suam
799 2091 895 2125 esse,
936 2079 991 2115 sic
1032 2092 1112 2115 non
1151 2087 1207 2114 est
1245 2077 1434 2126 possibile
1473 2077 1601 2125 ipsam
1642 2090 1715 2125 pro
1732 2077 1774 2111 30

404 2138 567 2175 instanti
599 2137 734 2186 aliquo
767 2149 850 2174 esse
881 2149 1036 2177 veram:
1069 2137 1137 2173 sed
1160 2135 1308 2172 relictis
1331 2135 1414 2171 istis
1438 2135 1600 2172 insaniis
1625 2148 1713 2171 cum

404 2195 589 2232 hereticis
627 2196 666 2231 in
706 2195 801 2243 ipsis
841 2195 1066 2231 errantibus
1105 2193 1313 2242 supposita
1352 2193 1481 2241 logica
1520 2193 1716 2241 scripture

404 2263 460 2291 est
492 2253 659 2289 ulterius
690 2254 911 2289 secundum
946 2266 1103 2289 sensum
1137 2253 1349 2288 verborum
1376 2250 1491 2287 huius
1525 2250 1715 2298 evangelii

404 2312 720 2360 procedendum.
760 2312 853 2346 Vult
893 2324 986 2358 ergo
1026 2309 1206 2346 Christus
1246 2309 1377 2345 dicere
1410 2310 1518 2356 quod
1551 2317 1716 2356 propter

404 2368 652 2418 pacienciam
686 2368 877 2405 transitus
909 2368 968 2404 sui
1003 2369 1052 2404 ad
1086 2369 1229 2409 Deum,
1263 2376 1305 2403 ut
1339 2366 1568 2403 humanitus
1592 2365 1716 2402 beati-
1731 2365 1771 2398 35

472 2512 491 2530 ι.
514 2504 540 2529 Α
560 2502 589 2530 in
612 2511 725 2537 marg:
748 2511 767 2529 i.
850 2511 874 2529 2.
896 2503 939 2529 A:
962 2501 1055 2528 modo
1100 2510 1147 2528 uo.
1231 2501 1259 2529 6.
1281 2509 1306 2535 7.
1328 2501 1372 2527 A:
1394 2500 1503 2527 transit
1523 2500 1666 2527 continue
1686 2499 1715 2526 in

400 2538 541 2565 vadendo
562 2542 616 2564 etc.
695 2537 721 2563 8.
743 2538 786 2565 A:
808 2537 856 2563 via
876 2545 935 2572 qua
957 2544 1052 2563 nunc:
1075 2536 1114 2562 jx,
1137 2535 1202 2562 BC:
1225 2535 1346 2562 meavit.
1430 2543 1469 2562 10.
1491 2536 1535 2562 A:
1558 2534 1594 2561 sit
1617 2534 1715 2569 possi-

402 2572 476 2600 bile:
498 2572 537 2599 ib.
560 2571 625 2598 BC:
649 2576 715 2598 stat.
808 2580 840 2598 11.
862 2572 906 2598 A:
929 2571 993 2598 eius
1015 2570 1114 2598 deest:
1137 2570 1176 2597 ib.
1199 2571 1243 2597 A:
1265 2570 1348 2597 dicit.
1441 2577 1478 2596 12.
1500 2570 1528 2596 A
1549 2569 1578 2596 in
1600 2577 1713 2603 marga

402 2607 521 2642 Duplex
542 2606 648 2641 opinio
671 2614 690 2633 1.
771 2605 807 2632 13.
829 2606 872 2632 A:
895 2605 997 2640 magni
1018 2605 1164 2640 loquitur.
1246 2613 1286 2638 14.
1310 2604 1374 2631 BC:
1398 2612 1432 2631 ac
1453 2612 1628 2631 mensnram
1651 2603 1714 2630 sed.

403 2642 440 2669 15.
461 2643 489 2669 A
509 2641 537 2668 in
560 2649 673 2674 marg:
695 2648 720 2668 2.
769 2640 872 2675 ΙΞᾉιῖ.
896 2639 961 2667 BC:
983 2648 1042 2666 non
1065 2644 1109 2666 est
1127 2655 1161 2658 —
1181 2639 1317 2666 veritatis
1338 2639 1430 2666 deest.
1483 2646 1528 2665 20.
1551 2638 1591 2665 C:
1613 2646 1714 2664 exuta.

402 2684 449 2706 2ο,
471 2684 509 2703 21.
531 2677 573 2703 A:
596 2683 655 2702 non
677 2675 813 2702 essene-ia
835 2674 885 2701 sed
907 2682 999 2701 omne
1020 2674 1175 2709 possibile.
1290 2682 1329 2701 21.
1351 2673 1416 2701 BC:
1438 2673 1498 2700 illa.
1612 2680 1654 2699 22.
1671 2673 1714 2699 A:

404 2719 459 2746 pro
481 2711 566 2746 pre‘i.
640 2709 682 2736 23.
705 2710 732 2736 A
753 2709 782 2736 in
805 2717 900 2743 marg.

656 2747 674 2799 l
697 2744 797 2770 Omne
819 2744 1026 2770 successivum
1048 2748 1093 2770 est
1114 2743 1282 2770 secundum
1303 2742 1471 2777 quamlibet
1492 2741 1537 2768 sui
1561 2746 1688 2776 partem.

402 2780 455 2807 inf.
477 2780 528 2807 sol.
550 2779 632 2807 162³:
696 2779 797 2805 Omne
816 2777 898 2813 quod
919 2777 975 2804 fuit
994 2778 1039 2804 vel
1062 2778 1117 2805 erit
1137 2782 1181 2804 est
1203 2777 1232 2804 in
1255 2785 1385 2812 persona
1407 2776 1505 2812 prime
1526 2775 1672 2802 veritatis.

659 2800 669 2841 Ι
695 2813 795 2840 Omne
816 2812 995 2839 continuum
1016 2812 1214 2847 componitur
1233 2816 1277 2838 est
1298 2820 1357 2838 non
1379 2811 1511 2846 quantis.

400 2849 444 2882 25,
465 2848 511 2875 26.
532 2849 575 2875 A:
598 2847 800 2883 supponenda
818 2862 851 2866 —-
872 2846 1023 2881 posterior
1044 2846 1142 2876 deest:
1167 2846 1207 2873 ib.
1229 2847 1256 2873 A
1276 2847 1304 2873 in
1328 2854 1443 2879 marga
1465 2845 1508 2872 De
1528 2843 1712 2875 eukaristia:

399 2884 440 2910 ib.
462 2883 483 2910 B
504 2882 533 2909 in
555 2890 666 2915 marg:
688 2882 732 2909 De
752 2885 943 2908 sacramento
963 2881 1077 2907 altaris.
1161 2880 1205 2908 28.
1230 2881 1267 2907 13:
1289 2880 1337 2907 illa
1359 2880 1456 2907 deest⁴
1538 2877 1585 2907 30.
1606 2877 1644 2905 31.
1666 2879 1714 2904 A:

403 2926 457 2952 pro
478 2917 579 2951 primo
598 2915 711 2951 aliquo.
784 2915 826 2943 32.
847 2916 891 2942 A:
914 2915 1086 2950 supposito.
