2017 3353
758 255 975 288 GENERAL
995 256 1148 288 INDEX.

85 358 265 387 Differencia
285 358 364 386 inter
384 363 525 393 reputare
544 362 572 386 et
592 358 715 385 credere
735 356 798 385 326.

84 393 217 422 Credere
237 392 394 428 evangelio
415 393 478 426 146.

83 427 222 467 Crimina
247 427 416 455 Judeorum
443 433 471 455 01
496 427 638 463 gencium
658 426 813 455 Dominus
840 435 912 462 por·

85 467 193 525 Ctissgiit
211 462 346 525 gligiicium
369 495 432 530 242³.
454 504 522 530 244.

83 531 216 560 Curatus
237 532 381 568 precipue
402 532 491 559 debet
510 531 668 567 predicare
688 532 754 567 248,
776 537 842 566 249.

479 630 528 661 D.

84 707 331 742 Dampuatorum
353 706 517 734 multitudo
532 714 593 733 non
609 705 806 745 dainpniticat
822 706 914 732 eccle-

119 741 196 769 siam
217 741 247 769 iu
268 741 372 777 aliquo
393 741 445 768 sed
467 741 597 768 multum
618 740 738 767 edihcat
757 739 816 766 232.

84 776 250 812 Dampnati
264 784 358 812 quare
373 784 438 803 sese
453 775 563 802 odiunt
575 774 653 807 (vide
668 779 697 801 et
710 774 842 810 presciti)
858 772 912 801 321.

84 811 184 839 Nemo
209 810 431 846 dampnabitur
457 817 512 837 nec
531 809 639 837 incidit
658 809 689 837 in
710 810 832 845 culpam
854 809 913 836 nisi

117 854 152 873 ex
172 845 347 873 infidelitate
368 853 432 884 297.

84 880 184 908 Debiti
205 880 288 908 racio
309 880 470 915 multiplex
490 886 554 914 217.

84 915 228 943 Debitum
249 914 386 942 hominis
406 914 517 950 triplex
538 914 640 949 quoad
662 914 761 942 Deum
783 913 845 942 3511.

83 949 228 988 Decalogi
247 954 494 985 transgressores
515 949 566 985 qui
589 954 659 976 sunt
684 950 724 984 (et
751 949 912 985 presertim

119 985 211 1020 prim1
232 984 381 1018 mandati)
400 992 450 1019 9ο,
472 992 514 1018 91.

84 1019 256 1081 ῡέςζειίοςιμῤ
277 1019 496 1046 mandatorum
518 1018 554 1046 ad
577 1019 730 1046 binarium
759 1019 916 1046 reducitur

139 1061 273 1081 ,0—332.

82 1088 228 1116 Defensio
249 1088 389 1116 criminis
410 1087 467 1116 321.
490 1087 550 1115 322.

83 1124 256 1157 Demones;
276 1128 416 1159 tempore
431 1122 546 1151 Christi
563 1123 649 1150 multi
666 1128 753 1150 erant
773 1132 788 1150 a
810 1123 915 1150 demo-

120 1158 211 1185 nibus
232 1158 331 1185 vexati
353 1156 412 1191 134.

83 1193 270 1220 Demonium
291 1192 434 1220 Christus
454 1192 533 1221 eicit.
554 1192 718 1227 exponitur
739 1190 885 1224 133-110,

83 1227 346 1255 Deordinaciones
372 1227 584 1255 edificancium
612 1227 754 1254 basilicas
774 1226 917 1254 infunda—

119 1262 219 1290 biliter
237 1262 411 1289 introducte
430 1270 476 1289 20.

84 1297 177 1325 Solus
196 1297 279 1325 Deus
299 1302 345 1324 est
364 1297 571 1324 essencialiter
591 1296 738 1324 dominus
758 1295 822 1324 263.

82 1331 116 1359 In
132 1331 191 1359 11110
205 1340 313 1359 omnes
327 1332 408 1367 leges
422 1332 453 1359 in
469 1332 527 1359 hoc
542 1331 728 1359 conveniunt
740 1331 838 1359 Deum
851 1340 917 1358 esse

119 1366 149 1394 in
170 1367 235 1394 celo
256 1365 316 1399 187.

86 1401 168 1428 Deus
187 1406 233 1428 est
253 1406 339 1437 pater
358 1401 482 1429 cuilibet
502 1408 568 1436 299.

84 1436 166 1463 Deus
187 1436 360 1463 eternaliter
380 1436 557 1463 misericors
579 1442 642 1468 242.

83 1471 191 1499 Solum
212 1471 296 1498 Deus
315 1470 516 1498 infallibiliter
534 1471 637 1498 futura
658 1470 788 1505 predicit
809 1478 860 1498 211.

85 1505 189 1541 Quare
204 1505 287 1532 Deus
308 1505 466 1533 hominem
488 1513 548 1532 non
570 1505 765 1532 confirmavit
784 1505 814 1532 in
837 1509 915 1532 statu

118 1540 297 1567 innocencie
317 1547 385 1573 240.

82 1575 165 1602 Deus
178 1579 206 1602 et
217 1579 324 1602 natura
336 1583 458 1610 semper
469 1574 661 1602 meliorando
672 1574 845 1609 procedunt
858 1574 915 1602 182.

83 1609 153 1637 Filii
174 1609 229 1637 Dei
250 1609 301 1645 qui
324 1614 394 1637 sunt
415 1617 476 1643 147.

87 1645 169 1671 Deus
190 1644 349 1680 quomodo
370 1644 507 1671 dormire
527 1643 640 1671 dicitur
661 1644 707 1678 87.

85 1680 153 1713 Que
173 1678 256 1706 Deus
276 1678 324 1706 die
345 1679 503 1706 dominico
524 1678 594 1705 fecit
614 1683 642 1705 et
661 1678 733 1705 facit
754 1678 810 1706 105.

85 1713 256 1749 Quomodo
282 1718 310 1740 et
337 1718 464 1749 propter
490 1722 548 1748 que
574 1713 638 1740 Deo
667 1713 781 1740 servire
807 1713 916 1740 debea-

119 1757 188 1775 mus
208 1755 272 1779 202.

82 1783 184 1810 Nichil
207 1788 308 1818 potest
328 1783 392 1810 Deo
412 1791 479 1810 esse
499 1782 689 1810 contrarium
711 1781 764 1809 311.

83 1817 232 1845 Diabolus
253 1825 315 1852 149.

82 1852 152 1880 Filii
173 1852 289 1880 diaboli
310 1860 370 1886 147.

83 1887 232 1914 Diabolus
252 1887 371 1915 homini
392 1887 508 1915 invidet
529 1886 586 1921 137.

82 1921 231 1949 Diabolus
242 1921 477 1950 fundamentum
490 1920 915 1949 11001010511110100111101338.

82 1956 262 1995 Tripliciter
275 1956 418 1984 diabolus
434 1957 551 1984 seducit
567 1956 738 1992 discipulos
759 1964 832 1983 suos
848 1963 913 1992 297.

83 1991 232 2018 1011010115
252 1991 347 2019 homo
367 1996 413 2019 est
432 1991 574 2019 diabolus
594 1990 640 2026 93
662 1999 712 2026 94,
733 1998 780 2026 97.

82 2025 205 2054 Diaboli
224 2031 253 2053 et
273 2027 396 2062 reprobi
419 2035 541 2062 semper
560 2026 590 2054 in
612 2026 765 2054 deteriora
787 2026 915 2061 profun-

117 2060 230 2088 dantur
250 2060 307 2088 182.

83 2095 127 2123 De
147 2095 317 2157 {illessuoem
339 2100 368 2123 et
388 2096 464 2123 hora
484 2104 575 2123 nemo
602 2095 659 2123 scit
684 2095 844 2131 quomodo
872 2096 917 2123 in-

117 2134 145 2157 te
170 2138 178 2157 1
202 2134 263 2157 itur
283 2129 323 2158 35.

83 2138 266 2192 Differfzgncia
286 2165 365 2193 inter
386 2170 527 2201 reputare
548 2169 576 2192 01
596 2165 720 2192 credere
742 2164 805 2192 326.

83 2199 238 2238 Quid-est
264 2200 337 2227 dare
363 2200 528 2228 dimidium
551 2200 704 2227 bonorum
728 2200 917 2236 pauperibus

118 2234 204 2261 131015
224 2233 290 2262 380,

84 2268 218 2296 Dileccio
239 2268 356 2297 Christi
377 2268 445 2302 301.

82 2303 217 2331 Dileccio
252 2303 366 2340 duplex
402 2313 462 2339 qua
491 2304 590 2332 Deum
618 2303 776 2340 diligimus
806 2309 835 2331 et
864 2312 917 2339 per

138 2346 209 2365 uam
231 2337 295 2371 331,
317 2337 375 2370 335.

82 2372 118 2400 Di
132 2373 244 2408 lgenda
264 2378 309 2400 est
329 2378 468 2401 creatura
488 2377 516 2400 01
536 2373 573 2401 ad
595 2378 745 2409 quantum
768 2372 825 2401 325.

84 2407 252 2444 Quomodo
274 2407 432 2444 diligimus
453 2408 562 2435 fratres
583 2408 612 2436 in
634 2408 759 2436 Christo
781 2407 838 2436 335.

83 2441 217 2469 Dileccio
238 2442 372 2478 proximi
393 2441 453 2475 332,
475 2441 534 2470 335.

82 2476 231 2504 1)111115510
252 2482 449 2512 peecatorum
471 2476 536 2505 308.
558 2476 646 2508 ‹Vide
667 2477 832 2505 remissio.)

82 2511 152 2553 Bias
178 2511 303 2539 hemant
329 2511 464 2539 dicentes
485 2521 517 2539 se
537 2512 691 2539 dimittere
710 2512 775 2539 Deo
796 2513 913 2539 illatum

119 2554 155 2573 ³0
179 2567 184 2572 .

82 2579 233 2616 Discipuli
252 2580 402 2608 Johannis
422 2581 464 2616 55,
485 2581 530 2609 513.

82 2615 236 2654 Discipuli*
260 2615 381 2655 ‚Christi
420 2616 579 2652 quomodo
617 2615 728 2643 debent
765 2615 915 2643 instanter

116 2658 237 2685 operari
257 2658 302 2685 29.

80 2700 116 2723 ἢ
134 2684 232 2723 subici
252 2685 363 2712 debent
383 2685 519 2713 dominis
540 2684 766 2721 temporalibus
788 2693 834 2720 70.

82 2719 237 2746 Discrasia
257 2728 285 2754 9.

80 2753 198 2781 Divites
219 2754 327 2782 mundi
347 2753 408 2782 223.

79 2787 171 2815 Dives
186 2789 299 2827 'mundi
320 2788 410 2817 debet
427 2789 617 2828 pauperibus
645 2789 829 2817 elemosinas
856 2790 913 2818 im-

114 2827 220 2856 partiri
242 2831 301 2850 non
324 2824 495 2851 scolaribus
516 2824 699 2852 Antichristi
722 2823 788 2855 370-

79 2857 197 2885 Divicie
217 2858 399 2886 dit'ticultant
419 2858 499 2886 riam
521 2859 642 2894 sequele
663 2858 777 2887 Christi
799 2867 846 2894 47.

1737 258 1812 292 4¹¹

985 357 1102 385 Divicie
1121 357 1215 385 seculi
1236 358 1379 386 accidunt
1398 359 1595 386 Antichristo
1617 366 1670 386 112.

984 392 1101 420 Divicie
1120 392 1251 428 qualiter
1271 392 1397 427 spissim
1418 398 1640 428 comparantur
1660 394 1722 421 108.

984 427 1137 454 Divinitas
1157 426 1273 454 Christi
1295 428 1352 459 151.

984 461 1103 488 Divisio
1124 461 1231 488 mundi
1252 461 1281 489 in
1302 462 1531 490 firmamentum
1553 467 1581 490 et
1601 471 1723 498 speram
1745 462 1816 490 sub-

1021 497 1159 524 lunarem
1181 504 1208 530 9.

986 530 1101 559 Doctor
1129 531 1204 566 legis
1233 530 1395 567 temptavit
1424 531 1593 558 Dominum
1623 535 1651 558 et
1679 531 1736 559 fuit
1765 531 1821 559 mi-

1019 565 1244 628 13131-is33nalicie
1259 574 1351 602 quam
1367 566 1468 601 legum
1484 566 1626 594 doctores
1642 570 1712 594 sunt
1727 566 1822 594 hodie

1057 609 1075 627 o
1145 609 1164 628 1.

984 650 1018 655 —
1038 623 1177 663 hodierni
1199 636 1342 672 ignorant
1362 635 1506 662 mandata
1528 635 1651 663 Domini
1673 634 1728 662 33t.

984 685 1018 690 —-
1037 670 1270 706 condampnant
1289 670 1384 698 eciam
1406 669 1599 705 Scripturam
1628 678 1745 697 sacram
1775 671 1817 699 61.

985 705 1132 732 Doctrina
1152 705 1365 741 apostolorum
1386 709 1431 732 est
1450 704 1634 731 attendenda
1656 713 1717 733 100.

987 739 1091 773 Quare
1112 740 1230 767 domini
1253 740 1442 767 seducuntur
1463 747 1478 766 a
1500 738 1620 766 clericis
1641 738 1704 767 383.

985 775 1086 837 Νο1ἐ10
1119 779 1219 813 potest
1251 775 1373 802 duobus
1402 773 1538 801 dominis
1567 778 1623 801 010.
1655 774 1821 810 exponitur

1021 817 1036 836 2
1061 815 1180 841 2-204.

988 845 1169 872 Dominacio
1190 844 1261 872 cleri
1283 842 1422 872 153—156.

987 879 1168 906 Dominium
1190 880 1325 906 seculare
1347 878 1494 913 159—100.

988 914 1031 941 De
1050 914 1132 941 civili
1153 914 1293 941 dominio
1314 912 1376 940 330.

987 948 1085 976 Civile
1104 948 1278 976 dominium
1300 948 1380 983 sapit
1400 952 1558 983 peccatum
1581 947 1696 974 veniale
1716 946 1771 975 315.

989 984 1106 1011 Domus
1127 983 1276 1010 virtutum
1297 982 1362 1010 3813.

990 1019 1107 1046 {lomus
1129 1018 1298 1054 spiritualis
1317 1016 1382 1045 388.

989 1053 1146 1081 hormicio
1166 1053 1328 1080 hominum
1355 1057 1400 1080 est
1427 1051 1583 1087 negligens
1610 1051 1730 1079 desidia
1758 1060 1824 1087 pre-

1023 1088 1155 1115 latorum
1177 1086 1222 1121 93.

989 1123 1117 1150 1)013010
1138 1122 1263 1150 ecclesie
1285 1120 1341 1149 132.

987 1157 1089 1185 Dotati
1110 1162 1139 1184 et
1156 1157 1265 1184 fratres
1286 1157 1461 1184 deserentes
1482 1155 1674 1191 evangelium
1703 1160 1821 1191 pertur-

1024 1193 1097 1219 bant
1116 1191 1276 1219 ecclesiam
1297 1192 1357 1219 258.

989 1227 1091 1254 Dotati
1111 1231 1139 1254 et
1159 1227 1300 1254 dotantes
1319 1226 1350 1253 in
1371 1225 1508 1253 dotando
1529 1230 1599 1252 sunt
1620 1225 1736 1260 decepti
1758 1226 1823 1260 278.

989 1262 1105 1290 Contra
1126 1261 1319 1289 dotacionem
1342 1261 1467 1288 ecclesie
1488 1259 1550 1295 273,
1572 1268 1637 1294 274.

1385 1359 1432 1389 Ε.

988 1437 1125 1464 Ecclesia
1145 1437 1294 1464 dividitur
1314 1437 1344 1464 in
1366 1442 1427 1464 tres
1449 1441 1550 1472 partes
1572 1445 1634 1468 40¹·

988 1472 1124 1499 Ecclesia
1152 1472 1321 1507 integratur
1350 1480 1385 1498 ex
1414 1471 1513 1498 tribus
1543 1471 1693 1506 partibus,
1727 1475 1758 1497 ut
1786 1479 1821 1497 ex

1025 1507 1214 1569 vplgagibus,
1244 1506 1380 1534 dominis
1409 1506 1633 1541 temporalibus
1654 1510 1681 1533 01
1702 1505 1821 1532 clericis

1024 1549 1071 1563 05¹)
1105 1549 1118 1561 r)
1144 1550 1152 1563 ¹5

988 1577 1125 1603 Ecclesia
1145 1576 1259 1611 duplex
1281 1577 1345 1611 2117.

989 1611 1127 1638 Membra
1148 1611 1273 1638 ecclesie
1293 1616 1363 1638 sunt
1384 1616 1524 1646 pastores
1544 1615 1594 1637 aut
1615 1619 1688 1637 oves
1709 1618 1772 1642 40¹·

989 1646 1125 1673 Ecclesia
1151 1646 1268 1673 Asiana
1294 1650 1374 1672 tenet
1401 1646 1437 1672 de
1467 1650 1660 1672 sacramento
1690 1645 1821 1672 multum

1023 1680 1182 1707 conforme
1208 1680 1333 1707 ecclesie
1353 1680 1499 1708 Romane,
1528 1680 1565 1707 de
1588 1679 1696 1706 Grecis
1723 1687 1822 1714 oppo-

1027 1715 1119 1742 situm
1141 1715 1230 1742 docet
1249 1715 1436 1750 experientia
1456 1724 1527 1747 400.

990 1750 1126 1777 Ecclesia
1148 1755 1223 1785 quot
1244 1750 1346 1777 modis
1369 1750 1502 1777 sumitur
1524 1749 1586 1783 1518.
1609 1757 1670 1783 19⁴)-

989 1801 1021 1803 —
1042 1785 1157 1820 incepit
1177 1793 1192 1811 a
1214 1784 1324 1819 primis
1346 1784 1526 1820 parentibus
1547 1783 1609 1817 345.

989 1836 1022 1838 —
1042 1819 1168 1855 quando
1189 1819 1303 1854 incepit
1323 1828 1390 1846 esse
1411 1818 1478 1852 346.

987 1870 1021 1874 —
1042 1854 1167 1889 quando
1188 1854 1269 1881 diem
1291 1854 1400 1889 incipit
1421 1855 1476 1881 1111.

987 1905 1021 1909 —
1041 1888 1177 1916 militans
1197 1889 1356 1925 quomodo
1371 1887 1587 1916 deteriorando
1605 1887 1744 1923 procedit
1766 1887 1824 1921 178.

988 1940 1021 1943 —
1042 1924 1147 1954 crevit,
1175 1924 1300 1959 quando
1321 1924 1516 1959 regulabatur
1535 1922 1707 1950 secundum
1729 1923 1825 1958 legem

1024 1959 1151 1986 Domini
1172 1958 1231 1994 178.

988 2010 1021 2013 —
1042 1998 1087 2021 est
1107 1994 1202 2020 homo
1223 1992 1281 2020 183.

988 2028 1037 2056 Ad
1059 2028 1267 2055 ordinandum
1288 2027 1448 2055 ecclesiam
1471 2026 1626 2054 sufficiunt
1647 2027 1747 2054 solum
1764 2026 1826 2054 duo

1024 2063 1148 2090 ordines
1181 2062 1296 2090 scilicet
1328 2062 1503 2090 sacerdotes
1535 2066 1563 2089 et
1592 2061 1725 2097 diaconi,
1749 2061 1828 2089 sicut

1023 2098 1081 2125 suit
1100 2102 1241 2133 tempore
1261 2098 1477 2133 apostolorum
1498 2105 1562 2130 401.

988 2132 1153 2160 Edificacio
1175 2132 1300 2160 ecclesie
1322 2131 1377 2160 133.

988 2167 1124 2195 Ecclesia
1133 2167 1292 2202 quomodo
1302 2167 1390 2194 debet
1402 2166 1570 2193 honorifice
1581 2165 1715 2193 edificari
1728 2173 1774 2199 20,
1786 2172 1825 2193 21.

988 2218 1021 2221 -
1042 2202 1202 2237 quomodo
1223 2202 1313 2229 debet
1333 2201 1454 2237 operari
1474 2201 1519 2235 59.

989 2236 1143 2264 Tenentes
1170 2236 1314 2264 ecclesias
1335 2241 1364 2263 et
1384 2235 1551 2263 servientes
1572 2234 1709 2262 dominis
1730 2234 1827 2262 vasal-

1024 2272 1124 2298 lorum
1146 2279 1232 2298 more
1254 2276 1325 2298 sunt
1346 2270 1522 2306 proditores
1542 2269 1659 2297 Christi
1682 2269 1739 2297 355.

988 2306 1126 2333 Ecclesia
1146 2310 1191 2333 est
1211 2310 1308 2333 mater
1328 2305 1492 2333 cuiuslibet
1512 2312 1580 2339 299.

990 2340 1160 2376 Quomodo
1189 2341 1342 2368 edificium
1374 2340 1533 2376 spirituale
1562 2339 1593 2366 in
1623 2338 1751 2366 ecclesia
1781 2343 1826 2365 est

1024 2375 1309 2410 incomparabiliter
1328 2374 1460 2403 naturali
1481 2373 1699 2413 preferendum
1721 2381 1760 2403 21.
1782 2380 1825 2400 22.

989 2410 1124 2438 Ecclesia
1143 2410 1292 2437 Johaunis
1314 2410 1449 2446 Baptiste
1476 2409 1533 2436 luit
1553 2413 1609 2435 lste
1630 2408 1766 2436 mundus
1787 2415 1825 2435 21.

988 2445 1080 2473 Electi
1120 2445 1279 2480 quomodo
1323 2445 1501 2479 centuplum
1547 2443 1659 2470 habent
1696 2443 1726 2470 in
1767 2443 1826 2470 hoc

1024 2479 1142 2507 mundo
1164 2481 1219 2507 181.

988 2515 1031 2541 De
1051 2515 1238 2550 elemosynis
1259 2521 1322 2540 202.
1344 2521 1410 2548 270.

987 2549 1160 2584 Epiphanie
1180 2549 1292 2576 festum
1313 2547 1360 2581 43.
1384 2556 1432 2582 49.
1455 2547 1500 2576 50.
1523 2554 1566 2581 72.

986 2583 1183 2619 Impossibile
1204 2587 1249 2610 est
1269 2591 1361 2621 quem
1388 2590 1458 2609 uam
1474 2590 1576 2609 errare
1593 2581 1650 2608 nisi
1667 2581 1695 2608 in
1713 2580 1824 2608 mediis

1021 2618 1057 2645 ad
1081 2618 1170 2646 tinem
1194 2618 1334 2644 videlicet
1354 2626 1370 2644 a
1414 2616 1635 2644 beatitudinem
1659 2615 1719 2643 183.

986 2653 1096 2680 Errare
1123 2661 1139 2679 a
1165 2652 1304 2680 veritatis
1330 2651 1511 2679 rectitudine
1539 2650 1689 2686 contingit
1717 2649 1825 2677 multis

1022 2687 1125 2715 modis
1146 2687 1199 2714 155.

988 2722 1030 2749 De
1049 2721 1222 2750 Eucaristia
1241 2721 1290 2755 86,
1312 2728 1354 2756 91,
1377 2728 1424 2757 92,
1447 2720 1510 2755 164,
1534 2720 1595 2748 186.

985 2756 1156 2784 Eucaristie
1176 2755 1333 2783 confeccio
1355 2764 1408 2783 110.

987 2791 1095 2819 Melius
1118 2795 1164 2817 est
1183 2790 1317 2830 cogitare
1337 2789 1496 2818 Christum
1525 2789 1696 2817 secundum
1725 2789 1822 2816 racio-

1021 2833 1089 2852 nem
1120 2833 1179 2860 qua
1207 2824 1320 2852 wando
1355 2824 1526 2859 promeruit
1560 2832 1653 2859 quam
1689 2823 1821 2851 videndo

1020 2859 1216 2888 eucaristiam
1237 2860 1327 2887 oculo
1347 2859 1502 2895 corporali
1526 2859 1583 2887 1135.
