<?xml version="1.0" encoding="UTF-8"?>
<!DOCTYPE html PUBLIC "-//W3C//DTD XHTML 1.0 Transitional//EN"
    "http://www.w3.org/TR/xhtml1/DTD/xhtml1-transitional.dtd">
<html xmlns="http://www.w3.org/1999/xhtml" xml:lang="en" lang="en">
 <head>
  <title>
</title>
<meta http-equiv="Content-Type" content="text/html;charset=utf-8" />
  <meta name='ocr-system' content='tesseract 3.04.00' />
  <meta name='ocr-capabilities' content='ocr_page ocr_carea ocr_par ocr_line ocrx_word'/>
</head>
<body>
  <div class='ocr_page' id='page_1' title='image "./iohanniswyclifse0701wycl_0111.png"; bbox 0 0 2017 3353; ppageno 0'>
   <div class='ocr_carea' id='block_1_1' title="bbox 165 907 202 929">
    <p class='ocr_par' dir='ltr' id='par_1_1' title="bbox 165 907 202 929">
     <span class='ocr_line' id='line_1_1' title="bbox 165 907 202 929; baseline -0.027 0"><span class='ocrx_word' id='word_1_1' title='bbox 165 907 202 929; x_wconf 87' lang='lat'>10</span> 
     </span>
    </p>
   </div>
   <div class='ocr_carea' id='block_1_2' title="bbox 165 1187 200 1220">
    <p class='ocr_par' dir='ltr' id='par_1_2' title="bbox 165 1187 200 1220">
     <span class='ocr_line' id='line_1_2' title="bbox 165 1187 200 1220; baseline 0 0"><span class='ocrx_word' id='word_1_2' title='bbox 165 1187 200 1220; x_wconf 83' lang='lat'>15</span> 
     </span>
    </p>
   </div>
   <div class='ocr_carea' id='block_1_3' title="bbox 162 1489 205 1511">
    <p class='ocr_par' dir='ltr' id='par_1_3' title="bbox 162 1489 205 1511">
     <span class='ocr_line' id='line_1_3' title="bbox 162 1489 205 1511; baseline -0.023 0"><span class='ocrx_word' id='word_1_3' title='bbox 162 1489 205 1511; x_wconf 88' lang='lat'>20</span> 
     </span>
    </p>
   </div>
   <div class='ocr_carea' id='block_1_4' title="bbox 166 1770 205 1803">
    <p class='ocr_par' dir='ltr' id='par_1_4' title="bbox 166 1770 205 1803">
     <span class='ocr_line' id='line_1_4' title="bbox 166 1770 205 1803; baseline 0 0"><span class='ocrx_word' id='word_1_4' title='bbox 166 1770 205 1803; x_wconf 85' lang='lat'>25</span> 
     </span>
    </p>
   </div>
   <div class='ocr_carea' id='block_1_5' title="bbox 164 2060 206 2093">
    <p class='ocr_par' dir='ltr' id='par_1_5' title="bbox 164 2060 206 2093">
     <span class='ocr_line' id='line_1_5' title="bbox 164 2060 206 2093; baseline -0.024 0"><span class='ocrx_word' id='word_1_5' title='bbox 164 2060 206 2093; x_wconf 83' lang='lat'>30</span> 
     </span>
    </p>
   </div>
   <div class='ocr_carea' id='block_1_6' title="bbox 164 2352 204 2386">
    <p class='ocr_par' dir='ltr' id='par_1_6' title="bbox 164 2352 204 2386">
     <span class='ocr_line' id='line_1_6' title="bbox 164 2352 204 2386; baseline 0 0"><span class='ocrx_word' id='word_1_6' title='bbox 164 2352 204 2386; x_wconf 84' lang='lat'>35</span> 
     </span>
    </p>
   </div>
   <div class='ocr_carea' id='block_1_7' title="bbox 228 249 1824 307">
    <p class='ocr_par' dir='ltr' id='par_1_7' title="bbox 228 249 1824 307">
     <span class='ocr_line' id='line_1_7' title="bbox 228 249 1824 307; baseline 0.006 -17"><span class='ocrx_word' id='word_1_7' title='bbox 228 261 365 291; x_wconf 75' lang='lat' dir='ltr'>sERmo</span> <span class='ocrx_word' id='word_1_8' title='bbox 393 249 460 307; x_wconf 65' lang='lat' dir='ltr'>ix]</span> <span class='ocrx_word' id='word_1_9' title='bbox 734 261 873 292; x_wconf 79' lang='lat' dir='ltr'>PRIMA</span> <span class='ocrx_word' id='word_1_10' title='bbox 900 260 1028 293; x_wconf 73' lang='lat' dir='ltr'>PARS.</span> <span class='ocrx_word' id='word_1_11' title='bbox 1775 249 1824 300; x_wconf 79' lang='lat'>59</span> 
     </span>
    </p>
   </div>
   <div class='ocr_carea' id='block_1_8' title="bbox 227 365 1837 2572">
    <p class='ocr_par' dir='ltr' id='par_1_8' title="bbox 229 365 1538 414">
     <span class='ocr_line' id='line_1_8' title="bbox 229 365 1538 414; baseline -0.005 -7"><span class='ocrx_word' id='word_1_12' title='bbox 229 379 266 407; x_wconf 91' lang='lat' dir='ltr'>et</span> <span class='ocrx_word' id='word_1_13' title='bbox 297 370 471 414; x_wconf 87' lang='lat' dir='ltr'>infimus,</span> <span class='ocrx_word' id='word_1_14' title='bbox 506 380 596 405; x_wconf 86' lang='lat' dir='ltr'>cum</span> <span class='ocrx_word' id='word_1_15' title='bbox 632 367 762 404; x_wconf 89' lang='lat' dir='ltr'>minor</span> <span class='ocrx_word' id='word_1_16' title='bbox 794 367 932 403; x_wconf 91' lang='lat' dir='ltr'>obedit</span> <span class='ocrx_word' id='word_1_17' title='bbox 966 365 1128 413; x_wconf 80' lang='lat' dir='ltr'>maiori3</span> <span class='ocrx_word' id='word_1_18' title='bbox 1162 365 1361 403; x_wconf 90' lang='lat' dir='ltr'>secundus</span> <span class='ocrx_word' id='word_1_19' title='bbox 1386 374 1423 402; x_wconf 89' lang='lat' dir='ltr'>et</span> <span class='ocrx_word' id='word_1_20' title='bbox 1458 378 1538 401; x_wconf 89' lang='lat' dir='ltr'>me-</span> 
     </span>
    </p>

    <p class='ocr_par' dir='ltr' id='par_1_9' title="bbox 227 424 1831 592">
     <span class='ocr_line' id='line_1_9' title="bbox 229 424 1831 476; baseline -0.004 -11"><span class='ocrx_word' id='word_1_21' title='bbox 229 429 315 465; x_wconf 84' lang='lat' dir='ltr'>dius</span> <span class='ocrx_word' id='word_1_22' title='bbox 349 440 428 476; x_wconf 92' lang='lat' dir='ltr'>quo</span> <span class='ocrx_word' id='word_1_23' title='bbox 460 439 533 474; x_wconf 86' lang='lat' dir='ltr'>par</span> <span class='ocrx_word' id='word_1_24' title='bbox 565 425 702 462; x_wconf 89' lang='lat' dir='ltr'>obedit</span> <span class='ocrx_word' id='word_1_25' title='bbox 735 425 831 473; x_wconf 80' lang='lat' dir='ltr'>pari,</span> <span class='ocrx_word' id='word_1_26' title='bbox 877 426 945 461; x_wconf 92' lang='lat' dir='ltr'>sed</span> <span class='ocrx_word' id='word_1_27' title='bbox 984 424 1131 462; x_wconf 92' lang='lat' dir='ltr'>tercius</span> <span class='ocrx_word' id='word_1_28' title='bbox 1165 433 1202 461; x_wconf 91' lang='lat' dir='ltr'>et</span> <span class='ocrx_word' id='word_1_29' title='bbox 1242 436 1424 460; x_wconf 90' lang='lat' dir='ltr'>summus</span> <span class='ocrx_word' id='word_1_30' title='bbox 1458 437 1537 473; x_wconf 88' lang='lat' dir='ltr'>quo</span> <span class='ocrx_word' id='word_1_31' title='bbox 1554 431 1656 459; x_wconf 79' lang='lat' dir='ltr'>Three</span> <span class='ocrx_word' id='word_1_32' title='bbox 1676 431 1831 471; x_wconf 60' lang='lat' dir='ltr'>gsqdesof</span> 
     </span>
     <span class='ocr_line' id='line_1_10' title="bbox 229 467 1770 531; baseline -0.004 -8"><span class='ocrx_word' id='word_1_33' title='bbox 229 486 358 523; x_wconf 81' lang='lat' dir='ltr'>maior</span> <span class='ocrx_word' id='word_1_34' title='bbox 388 484 525 522; x_wconf 91' lang='lat' dir='ltr'>obedit</span> <span class='ocrx_word' id='word_1_35' title='bbox 557 483 715 520; x_wconf 87' lang='lat' dir='ltr'>minori.</span> <span class='ocrx_word' id='word_1_36' title='bbox 751 484 850 519; x_wconf 90' lang='lat' dir='ltr'>Cum</span> <span class='ocrx_word' id='word_1_37' title='bbox 886 495 979 531; x_wconf 85' lang='lat' dir='ltr'>ergo</span> <span class='ocrx_word' id='word_1_38' title='bbox 1013 483 1053 519; x_wconf 85' lang='lat' dir='ltr'>in</span> <span class='ocrx_word' id='word_1_39' title='bbox 1086 491 1172 519; x_wconf 90' lang='lat' dir='ltr'>toto</span> <span class='ocrx_word' id='word_1_40' title='bbox 1198 483 1372 519; x_wconf 89' lang='lat' dir='ltr'>humano</span> <span class='ocrx_word' id='word_1_41' title='bbox 1396 494 1540 530; x_wconf 84' lang='lat' dir='ltr'><strong>genere</strong></span> <span class='ocrx_word' id='word_1_42' title='bbox 1615 467 1770 503; x_wconf 80' lang='lat' dir='ltr'>hurmmy.</span> 
     </span>
     <span class='ocr_line' id='line_1_11' title="bbox 227 541 1540 592; baseline -0.005 -11"><span class='ocrx_word' id='word_1_43' title='bbox 227 557 307 581; x_wconf 90' lang='lat' dir='ltr'>non</span> <span class='ocrx_word' id='word_1_44' title='bbox 339 543 488 592; x_wconf 86' lang='lat' dir='ltr'>poterit</span> <span class='ocrx_word' id='word_1_45' title='bbox 520 554 604 579; x_wconf 92' lang='lat' dir='ltr'>esse</span> <span class='ocrx_word' id='word_1_46' title='bbox 638 541 768 579; x_wconf 87' lang='lat' dir='ltr'>maior</span> <span class='ocrx_word' id='word_1_47' title='bbox 788 543 879 577; x_wconf 91' lang='lat' dir='ltr'>Jesu</span> <span class='ocrx_word' id='word_1_48' title='bbox 912 550 1064 586; x_wconf 89' lang='lat' dir='ltr'>nostro,</span> <span class='ocrx_word' id='word_1_49' title='bbox 1098 550 1207 589; x_wconf 84' lang='lat' dir='ltr'>patet</span> <span class='ocrx_word' id='word_1_50' title='bbox 1232 541 1342 589; x_wconf 90' lang='lat' dir='ltr'>quod</span> <span class='ocrx_word' id='word_1_51' title='bbox 1365 552 1446 576; x_wconf 88' lang='lat' dir='ltr'>non</span> <span class='ocrx_word' id='word_1_52' title='bbox 1469 553 1540 589; x_wconf 85' lang='lat' dir='ltr'>po-</span> 
     </span>
    </p>

    <p class='ocr_par' dir='ltr' id='par_1_10' title="bbox 228 598 1541 648">
     <span class='ocr_line' id='line_1_12' title="bbox 228 598 1541 648; baseline -0.002 -9"><span class='ocrx_word' id='word_1_53' title='bbox 228 602 319 639; x_wconf 90' lang='lat' dir='ltr'>terit</span> <span class='ocrx_word' id='word_1_54' title='bbox 352 614 436 639; x_wconf 91' lang='lat' dir='ltr'>esse</span> <span class='ocrx_word' id='word_1_55' title='bbox 468 600 598 637; x_wconf 84' lang='lat' dir='ltr'>maior</span> <span class='ocrx_word' id='word_1_56' title='bbox 629 599 878 646; x_wconf 83' lang='lat' dir='ltr'>obediencia,</span> <span class='ocrx_word' id='word_1_57' title='bbox 913 612 1032 648; x_wconf 84' lang='lat' dir='ltr'>quam</span> <span class='ocrx_word' id='word_1_58' title='bbox 1057 598 1125 635; x_wconf 84' lang='lat' dir='ltr'>illa</span> <span class='ocrx_word' id='word_1_59' title='bbox 1149 612 1226 648; x_wconf 86' lang='lat' dir='ltr'>qua</span> <span class='ocrx_word' id='word_1_60' title='bbox 1259 599 1341 647; x_wconf 90' lang='lat' dir='ltr'>ipse</span> <span class='ocrx_word' id='word_1_61' title='bbox 1365 598 1541 636; x_wconf 82' lang='lat' dir='ltr'>obedivit</span> 
     </span>
    </p>

    <p class='ocr_par' dir='ltr' id='par_1_11' title="bbox 228 657 1541 705">
     <span class='ocr_line' id='line_1_13' title="bbox 228 657 1541 705; baseline -0.004 -8"><span class='ocrx_word' id='word_1_62' title='bbox 228 660 360 698; x_wconf 90' lang='lat' dir='ltr'>taliter</span> <span class='ocrx_word' id='word_1_63' title='bbox 390 671 504 696; x_wconf 91' lang='lat' dir='ltr'>servo</span> <span class='ocrx_word' id='word_1_64' title='bbox 527 671 612 705; x_wconf 91' lang='lat' dir='ltr'>suo,</span> <span class='ocrx_word' id='word_1_65' title='bbox 637 670 709 695; x_wconf 90' lang='lat' dir='ltr'>nec</span> <span class='ocrx_word' id='word_1_66' title='bbox 741 657 879 695; x_wconf 91' lang='lat' dir='ltr'>fuisset</span> <span class='ocrx_word' id='word_1_67' title='bbox 904 657 1034 694; x_wconf 87' lang='lat' dir='ltr'>maior</span> <span class='ocrx_word' id='word_1_68' title='bbox 1055 657 1299 703; x_wconf 81' lang='lat' dir='ltr'>obediencia,</span> <span class='ocrx_word' id='word_1_69' title='bbox 1334 657 1541 705; x_wconf 82' lang='lat' dir='ltr'>supposito</span> 
     </span>
    </p>

    <p class='ocr_par' dir='ltr' id='par_1_12' title="bbox 229 715 1541 768">
     <span class='ocr_line' id='line_1_14' title="bbox 229 715 1541 768; baseline -0.003 -13"><span class='ocrx_word' id='word_1_70' title='bbox 229 719 338 768; x_wconf 91' lang='lat' dir='ltr'>quod</span> <span class='ocrx_word' id='word_1_71' title='bbox 378 717 558 755; x_wconf 89' lang='lat' dir='ltr'>Christus</span> <span class='ocrx_word' id='word_1_72' title='bbox 603 729 716 753; x_wconf 84' lang='lat' dir='ltr'>servo</span> <span class='ocrx_word' id='word_1_73' title='bbox 762 715 908 752; x_wconf 88' lang='lat' dir='ltr'>minori</span> <span class='ocrx_word' id='word_1_74' title='bbox 944 717 1125 752; x_wconf 86' lang='lat' dir='ltr'>Johanne</span> <span class='ocrx_word' id='word_1_75' title='bbox 1170 715 1387 760; x_wconf 85' lang='lat' dir='ltr'>obedisset,</span> <span class='ocrx_word' id='word_1_76' title='bbox 1434 715 1541 764; x_wconf 91' lang='lat' dir='ltr'>quod</span> 
     </span>
    </p>

    <p class='ocr_par' dir='ltr' id='par_1_13' title="bbox 228 773 1541 822">
     <span class='ocr_line' id='line_1_15' title="bbox 228 773 1541 822; baseline -0.003 -9"><span class='ocrx_word' id='word_1_77' title='bbox 228 789 309 813; x_wconf 89' lang='lat' dir='ltr'>non</span> <span class='ocrx_word' id='word_1_78' title='bbox 354 776 494 813; x_wconf 91' lang='lat' dir='ltr'>fuisset</span> <span class='ocrx_word' id='word_1_79' title='bbox 537 776 682 812; x_wconf 89' lang='lat' dir='ltr'>decens</span> <span class='ocrx_word' id='word_1_80' title='bbox 715 774 776 810; x_wconf 91' lang='lat' dir='ltr'>vel</span> <span class='ocrx_word' id='word_1_81' title='bbox 815 773 967 810; x_wconf 90' lang='lat' dir='ltr'>iustum</span> <span class='ocrx_word' id='word_1_82' title='bbox 1002 782 1039 810; x_wconf 89' lang='lat' dir='ltr'>et</span> <span class='ocrx_word' id='word_1_83' title='bbox 1083 786 1153 822; x_wconf 91' lang='lat' dir='ltr'>per</span> <span class='ocrx_word' id='word_1_84' title='bbox 1186 785 1436 822; x_wconf 89' lang='lat' dir='ltr'>consequens</span> <span class='ocrx_word' id='word_1_85' title='bbox 1469 774 1541 809; x_wconf 91' lang='lat' dir='ltr'>sub</span> 
     </span>
    </p>

    <p class='ocr_par' dir='ltr' id='par_1_14' title="bbox 229 831 1541 883">
     <span class='ocr_line' id='line_1_16' title="bbox 229 831 1541 883; baseline -0.001 -12"><span class='ocrx_word' id='word_1_86' title='bbox 229 835 342 872; x_wconf 92' lang='lat' dir='ltr'>nullo</span> <span class='ocrx_word' id='word_1_87' title='bbox 387 835 512 883; x_wconf 85' lang='lat' dir='ltr'>gradu</span> <span class='ocrx_word' id='word_1_88' title='bbox 555 832 792 870; x_wconf 87' lang='lat' dir='ltr'>humilitatis</span> <span class='ocrx_word' id='word_1_89' title='bbox 837 833 946 881; x_wconf 91' lang='lat' dir='ltr'>quod</span> <span class='ocrx_word' id='word_1_90' title='bbox 991 831 1191 869; x_wconf 88' lang='lat' dir='ltr'>contrarie</span> <span class='ocrx_word' id='word_1_91' title='bbox 1235 832 1338 869; x_wconf 90' lang='lat' dir='ltr'>foret</span> <span class='ocrx_word' id='word_1_92' title='bbox 1379 831 1541 870; x_wconf 89' lang='lat' dir='ltr'>factum.</span> 
     </span>
    </p>

    <p class='ocr_par' dir='ltr' id='par_1_15' title="bbox 230 889 1543 938">
     <span class='ocr_line' id='line_1_17' title="bbox 230 889 1543 938; baseline -0.002 -9"><span class='ocrx_word' id='word_1_93' title='bbox 230 892 420 938; x_wconf 85' lang='lat' dir='ltr'>Quamvis</span> <span class='ocrx_word' id='word_1_94' title='bbox 460 890 563 928; x_wconf 90' lang='lat' dir='ltr'>enim</span> <span class='ocrx_word' id='word_1_95' title='bbox 607 890 789 928; x_wconf 90' lang='lat' dir='ltr'>Christus</span> <span class='ocrx_word' id='word_1_96' title='bbox 829 891 1050 927; x_wconf 88' lang='lat' dir='ltr'>secundum</span> <span class='ocrx_word' id='word_1_97' title='bbox 1085 889 1332 927; x_wconf 85' lang='lat' dir='ltr'>divinitatem</span> <span class='ocrx_word' id='word_1_98' title='bbox 1366 889 1543 926; x_wconf 87' lang='lat' dir='ltr'>obedivit</span> 
     </span>
    </p>

    <p class='ocr_par' dir='ltr' id='par_1_16' title="bbox 229 948 1542 998">
     <span class='ocr_line' id='line_1_18' title="bbox 229 948 1542 998; baseline -0.002 -11"><span class='ocrx_word' id='word_1_99' title='bbox 229 951 391 988; x_wconf 88' lang='lat' dir='ltr'>cuilibet</span> <span class='ocrx_word' id='word_1_100' title='bbox 422 949 577 987; x_wconf 91' lang='lat' dir='ltr'>homini</span> <span class='ocrx_word' id='word_1_101' title='bbox 611 953 668 996; x_wconf 92' lang='lat' dir='ltr'>(ut</span> <span class='ocrx_word' id='word_1_102' title='bbox 692 957 800 998; x_wconf 89' lang='lat' dir='ltr'>patet</span> <span class='ocrx_word' id='word_1_103' title='bbox 820 951 939 985; x_wconf 91' lang='lat' dir='ltr'>Josue</span> <span class='ocrx_word' id='word_1_104' title='bbox 961 950 1006 995; x_wconf 86' lang='lat' dir='ltr'>X,</span> <span class='ocrx_word' id='word_1_105' title='bbox 1039 952 1098 996; x_wconf 86' lang='lat'>14)</span> <span class='ocrx_word' id='word_1_106' title='bbox 1124 957 1161 985; x_wconf 92' lang='lat' dir='ltr'>et</span> <span class='ocrx_word' id='word_1_107' title='bbox 1184 948 1416 985; x_wconf 86' lang='lat' dir='ltr'>humanitus</span> <span class='ocrx_word' id='word_1_108' title='bbox 1449 949 1542 985; x_wconf 91' lang='lat' dir='ltr'>obe-</span> 
     </span>
    </p>

    <p class='ocr_par' dir='ltr' id='par_1_17' title="bbox 230 1006 1544 1057">
     <span class='ocr_line' id='line_1_19' title="bbox 230 1006 1544 1057; baseline -0.002 -12"><span class='ocrx_word' id='word_1_109' title='bbox 230 1009 326 1047; x_wconf 87' lang='lat' dir='ltr'>divit</span> <span class='ocrx_word' id='word_1_110' title='bbox 358 1009 438 1046; x_wconf 90' lang='lat' dir='ltr'>suis</span> <span class='ocrx_word' id='word_1_111' title='bbox 462 1007 695 1057; x_wconf 88' lang='lat' dir='ltr'>parentibus</span> <span class='ocrx_word' id='word_1_112' title='bbox 719 1017 756 1044; x_wconf 90' lang='lat' dir='ltr'>et</span> <span class='ocrx_word' id='word_1_113' title='bbox 780 1006 917 1044; x_wconf 91' lang='lat' dir='ltr'>multis</span> <span class='ocrx_word' id='word_1_114' title='bbox 940 1007 1040 1053; x_wconf 82' lang='lat' dir='ltr'>aliis,</span> <span class='ocrx_word' id='word_1_115' title='bbox 1075 1007 1106 1043; x_wconf 89' lang='lat' dir='ltr'>si</span> <span class='ocrx_word' id='word_1_116' title='bbox 1129 1019 1211 1043; x_wconf 92' lang='lat' dir='ltr'>non</span> <span class='ocrx_word' id='word_1_117' title='bbox 1242 1006 1365 1053; x_wconf 80' lang='lat' dir='ltr'>omni,</span> <span class='ocrx_word' id='word_1_118' title='bbox 1408 1016 1544 1044; x_wconf 84' lang='lat' dir='ltr'>tamen</span> 
     </span>
    </p>

    <p class='ocr_par' dir='ltr' id='par_1_18' title="bbox 230 1064 1544 1115">
     <span class='ocr_line' id='line_1_20' title="bbox 230 1064 1544 1115; baseline -0.002 -11"><span class='ocrx_word' id='word_1_119' title='bbox 230 1067 331 1104; x_wconf 87' lang='lat' dir='ltr'>alius</span> <span class='ocrx_word' id='word_1_120' title='bbox 364 1067 436 1103; x_wconf 90' lang='lat' dir='ltr'>fuit</span> <span class='ocrx_word' id='word_1_121' title='bbox 474 1067 618 1115; x_wconf 86' lang='lat' dir='ltr'>gradus</span> <span class='ocrx_word' id='word_1_122' title='bbox 651 1065 889 1103; x_wconf 88' lang='lat' dir='ltr'>obediencie</span> <span class='ocrx_word' id='word_1_123' title='bbox 928 1079 1008 1114; x_wconf 89' lang='lat' dir='ltr'>quo</span> <span class='ocrx_word' id='word_1_124' title='bbox 1049 1064 1225 1102; x_wconf 87' lang='lat' dir='ltr'>obedivit</span> <span class='ocrx_word' id='word_1_125' title='bbox 1263 1065 1437 1113; x_wconf 87' lang='lat' dir='ltr'>Baptiste</span> <span class='ocrx_word' id='word_1_126' title='bbox 1478 1064 1544 1113; x_wconf 89' lang='lat' dir='ltr'>qui</span> 
     </span>
    </p>

    <p class='ocr_par' dir='ltr' id='par_1_19' title="bbox 229 1123 1543 1174">
     <span class='ocr_line' id='line_1_21' title="bbox 229 1123 1543 1174; baseline -0.002 -12"><span class='ocrx_word' id='word_1_127' title='bbox 229 1125 302 1162; x_wconf 86' lang='lat' dir='ltr'>fuit</span> <span class='ocrx_word' id='word_1_128' title='bbox 345 1125 602 1174; x_wconf 83' lang='lat' dir='ltr'>singulariter</span> <span class='ocrx_word' id='word_1_129' title='bbox 646 1137 782 1162; x_wconf 87' lang='lat' dir='ltr'>servus</span> <span class='ocrx_word' id='word_1_130' title='bbox 828 1137 937 1160; x_wconf 90' lang='lat' dir='ltr'>suus.</span> <span class='ocrx_word' id='word_1_131' title='bbox 985 1126 1034 1160; x_wconf 90' lang='lat' dir='ltr'>Et</span> <span class='ocrx_word' id='word_1_132' title='bbox 1071 1123 1127 1160; x_wconf 87' lang='lat' dir='ltr'>sic</span> <span class='ocrx_word' id='word_1_133' title='bbox 1161 1123 1403 1172; x_wconf 88' lang='lat' dir='ltr'>complendo</span> <span class='ocrx_word' id='word_1_134' title='bbox 1437 1124 1543 1159; x_wconf 90' lang='lat' dir='ltr'>hunc</span> 
     </span>
    </p>

    <p class='ocr_par' dir='ltr' id='par_1_20' title="bbox 229 1181 1543 1232">
     <span class='ocr_line' id='line_1_22' title="bbox 229 1181 1543 1232; baseline -0.002 -12"><span class='ocrx_word' id='word_1_135' title='bbox 229 1184 398 1232; x_wconf 85' lang='lat' dir='ltr'>gradum</span> <span class='ocrx_word' id='word_1_136' title='bbox 423 1183 658 1220; x_wconf 89' lang='lat' dir='ltr'>obediencie</span> <span class='ocrx_word' id='word_1_137' title='bbox 692 1181 872 1231; x_wconf 73' lang='lat' dir='ltr'>implevit</span> <span class='ocrx_word' id='word_1_138' title='bbox 895 1194 1056 1218; x_wconf 91' lang='lat' dir='ltr'>omnem</span> <span class='ocrx_word' id='word_1_139' title='bbox 1082 1181 1297 1222; x_wconf 81' lang='lat' dir='ltr'>iusticiam,</span> <span class='ocrx_word' id='word_1_140' title='bbox 1331 1183 1431 1218; x_wconf 90' lang='lat' dir='ltr'>Nam</span> <span class='ocrx_word' id='word_1_141' title='bbox 1456 1181 1543 1219; x_wconf 84' lang='lat' dir='ltr'>lati-</span> 
     </span>
    </p>

    <p class='ocr_par' dir='ltr' id='par_1_21' title="bbox 231 1239 1544 1290">
     <span class='ocr_line' id='line_1_23' title="bbox 231 1239 1544 1290; baseline -0.003 -11"><span class='ocrx_word' id='word_1_142' title='bbox 231 1243 329 1280; x_wconf 88' lang='lat' dir='ltr'>tudo</span> <span class='ocrx_word' id='word_1_143' title='bbox 362 1241 522 1279; x_wconf 85' lang='lat' dir='ltr'>iusticie</span> <span class='ocrx_word' id='word_1_144' title='bbox 553 1253 679 1290; x_wconf 84' lang='lat' dir='ltr'>usque</span> <span class='ocrx_word' id='word_1_145' title='bbox 703 1241 752 1277; x_wconf 86' lang='lat' dir='ltr'>ad</span> <span class='ocrx_word' id='word_1_146' title='bbox 786 1239 896 1277; x_wconf 89' lang='lat' dir='ltr'>illam</span> <span class='ocrx_word' id='word_1_147' title='bbox 930 1241 1074 1277; x_wconf 87' lang='lat' dir='ltr'>horam</span> <span class='ocrx_word' id='word_1_148' title='bbox 1098 1239 1173 1276; x_wconf 88' lang='lat' dir='ltr'>fuit</span> <span class='ocrx_word' id='word_1_149' title='bbox 1196 1239 1383 1286; x_wconf 89' lang='lat' dir='ltr'>colobon,</span> <span class='ocrx_word' id='word_1_150' title='bbox 1419 1248 1457 1275; x_wconf 91' lang='lat' dir='ltr'>et</span> <span class='ocrx_word' id='word_1_151' title='bbox 1489 1239 1544 1276; x_wconf 92' lang='lat' dir='ltr'>sic</span> 
     </span>
    </p>

    <p class='ocr_par' dir='ltr' id='par_1_22' title="bbox 231 1298 1544 1349">
     <span class='ocr_line' id='line_1_24' title="bbox 231 1298 1544 1349; baseline -0.002 -12"><span class='ocrx_word' id='word_1_152' title='bbox 231 1300 409 1349; x_wconf 86' lang='lat' dir='ltr'>Baptista</span> <span class='ocrx_word' id='word_1_153' title='bbox 440 1300 666 1336; x_wconf 84' lang='lat' dir='ltr'>illustratus</span> <span class='ocrx_word' id='word_1_154' title='bbox 699 1312 721 1336; x_wconf 90' lang='lat' dir='ltr'>a</span> <span class='ocrx_word' id='word_1_155' title='bbox 754 1299 918 1336; x_wconf 89' lang='lat' dir='ltr'>flamine</span> <span class='ocrx_word' id='word_1_156' title='bbox 950 1298 1194 1347; x_wconf 86' lang='lat' dir='ltr'>baptizando</span> <span class='ocrx_word' id='word_1_157' title='bbox 1219 1298 1423 1335; x_wconf 86' lang='lat' dir='ltr'>Christum</span> <span class='ocrx_word' id='word_1_158' title='bbox 1457 1310 1544 1346; x_wconf 89' lang='lat' dir='ltr'>per-</span> 
     </span>
    </p>

    <p class='ocr_par' dir='ltr' id='par_1_23' title="bbox 229 1356 1837 1581">
     <span class='ocr_line' id='line_1_25' title="bbox 232 1356 1835 1404; baseline -0.004 -10"><span class='ocrx_word' id='word_1_159' title='bbox 232 1358 341 1396; x_wconf 89' lang='lat' dir='ltr'>misit</span> <span class='ocrx_word' id='word_1_160' title='bbox 375 1370 465 1394; x_wconf 88' lang='lat' dir='ltr'>eum</span> <span class='ocrx_word' id='word_1_161' title='bbox 498 1357 662 1395; x_wconf 89' lang='lat' dir='ltr'>obedire</span> <span class='ocrx_word' id='word_1_162' title='bbox 695 1357 827 1394; x_wconf 89' lang='lat' dir='ltr'>taliter</span> <span class='ocrx_word' id='word_1_163' title='bbox 859 1365 897 1394; x_wconf 91' lang='lat' dir='ltr'>et</span> <span class='ocrx_word' id='word_1_164' title='bbox 937 1357 1101 1394; x_wconf 85' lang='lat' dir='ltr'>dimisit.</span> <span class='ocrx_word' id='word_1_165' title='bbox 1142 1356 1375 1404; x_wconf 85' lang='lat' dir='ltr'>Baptizatus</span> <span class='ocrx_word' id='word_1_166' title='bbox 1409 1361 1650 1401; x_wconf 56' lang='lat' dir='ltr'>autemJesus</span> <span class='ocrx_word' id='word_1_167' title='bbox 1683 1366 1764 1389; x_wconf 85' lang='lat' dir='ltr'>went</span> <span class='ocrx_word' id='word_1_168' title='bbox 1795 1369 1835 1396; x_wconf 86' lang='lat' dir='ltr'>up</span> 
     </span>
     <span class='ocr_line' id='line_1_26' title="bbox 229 1396 1837 1464; baseline -0.002 -11"><span class='ocrx_word' id='word_1_169' title='bbox 229 1419 341 1454; x_wconf 89' lang='lat' dir='ltr'>Jesus</span> <span class='ocrx_word' id='word_1_170' title='bbox 375 1416 583 1453; x_wconf 87' lang='lat' dir='ltr'>confestim</span> <span class='ocrx_word' id='word_1_171' title='bbox 617 1415 797 1452; x_wconf 85' lang='lat' dir='ltr'>ascendit</span> <span class='ocrx_word' id='word_1_172' title='bbox 819 1416 868 1452; x_wconf 93' lang='lat' dir='ltr'>de</span> <span class='ocrx_word' id='word_1_173' title='bbox 891 1428 1008 1464; x_wconf 83' lang='lat' dir='ltr'>aqua,</span> <span class='ocrx_word' id='word_1_174' title='bbox 1033 1415 1101 1451; x_wconf 92' lang='lat' dir='ltr'>ubi</span> <span class='ocrx_word' id='word_1_175' title='bbox 1124 1422 1286 1451; x_wconf 82' lang='lat' dir='ltr'>notatur</span> <span class='ocrx_word' id='word_1_176' title='bbox 1309 1416 1359 1451; x_wconf 84' lang='lat' dir='ltr'>ad</span> <span class='ocrx_word' id='word_1_177' title='bbox 1382 1427 1544 1451; x_wconf 88' lang='lat' dir='ltr'>sensum</span> <span class='ocrx_word' id='word_1_178' title='bbox 1561 1396 1837 1460; x_wconf 50' lang='grc' dir='ltr'>ςξξΐζζὲξὲωέἕὸἶὲ-</span> 
     </span>
     <span class='ocr_line' id='line_1_27' title="bbox 234 1467 1818 1523; baseline -0.001 -12"><span class='ocrx_word' id='word_1_179' title='bbox 234 1474 428 1512; x_wconf 87' lang='lat' dir='ltr'>moralem</span> <span class='ocrx_word' id='word_1_180' title='bbox 463 1474 671 1523; x_wconf 91' lang='lat' dir='ltr'>quomodo</span> <span class='ocrx_word' id='word_1_181' title='bbox 704 1473 833 1511; x_wconf 89' lang='lat' dir='ltr'>instar</span> <span class='ocrx_word' id='word_1_182' title='bbox 867 1473 1015 1511; x_wconf 86' lang='lat' dir='ltr'>Christi</span> <span class='ocrx_word' id='word_1_183' title='bbox 1051 1472 1221 1510; x_wconf 87' lang='lat' dir='ltr'>ecclesia</span> <span class='ocrx_word' id='word_1_184' title='bbox 1244 1473 1362 1510; x_wconf 88' lang='lat' dir='ltr'>debet</span> <span class='ocrx_word' id='word_1_185' title='bbox 1394 1473 1544 1510; x_wconf 77' lang='lat' dir='ltr'>instan-</span> <span class='ocrx_word' id='word_1_186' title='bbox 1573 1468 1622 1503; x_wconf 69' lang='lat'>9¹⁶³</span> <span class='ocrx_word' id='word_1_187' title='bbox 1642 1467 1677 1495; x_wconf 83' lang='lat' dir='ltr'>of</span> <span class='ocrx_word' id='word_1_188' title='bbox 1693 1474 1818 1502; x_wconf 75' lang='lat' dir='ltr'>energy.</span> 
     </span>
     <span class='ocr_line' id='line_1_28' title="bbox 233 1531 1543 1581; baseline -0.002 -12"><span class='ocrx_word' id='word_1_189' title='bbox 233 1533 316 1570; x_wconf 90' lang='lat' dir='ltr'>cius</span> <span class='ocrx_word' id='word_1_190' title='bbox 349 1532 522 1581; x_wconf 86' lang='lat' dir='ltr'>operari.</span> <span class='ocrx_word' id='word_1_191' title='bbox 575 1535 660 1580; x_wconf 83' lang='lat' dir='ltr'>Ipse</span> <span class='ocrx_word' id='word_1_192' title='bbox 693 1532 798 1569; x_wconf 90' lang='lat' dir='ltr'>enim</span> <span class='ocrx_word' id='word_1_193' title='bbox 830 1545 903 1581; x_wconf 89' lang='lat' dir='ltr'>pro</span> <span class='ocrx_word' id='word_1_194' title='bbox 936 1532 1048 1569; x_wconf 88' lang='lat' dir='ltr'>nullo</span> <span class='ocrx_word' id='word_1_195' title='bbox 1086 1531 1251 1569; x_wconf 91' lang='lat' dir='ltr'>instanti</span> <span class='ocrx_word' id='word_1_196' title='bbox 1284 1531 1439 1568; x_wconf 89' lang='lat' dir='ltr'>ociatus</span> <span class='ocrx_word' id='word_1_197' title='bbox 1473 1540 1543 1577; x_wconf 87' lang='lat' dir='ltr'>est,</span> 
     </span>
    </p>

    <p class='ocr_par' dir='ltr' id='par_1_24' title="bbox 233 1590 1542 1639">
     <span class='ocr_line' id='line_1_29' title="bbox 233 1590 1542 1639; baseline -0.002 -11"><span class='ocrx_word' id='word_1_198' title='bbox 233 1592 301 1628; x_wconf 92' lang='lat' dir='ltr'>sed</span> <span class='ocrx_word' id='word_1_199' title='bbox 335 1591 526 1628; x_wconf 89' lang='lat' dir='ltr'>continue</span> <span class='ocrx_word' id='word_1_200' title='bbox 559 1591 780 1628; x_wconf 91' lang='lat' dir='ltr'>secundum</span> <span class='ocrx_word' id='word_1_201' title='bbox 823 1592 991 1639; x_wconf 86' lang='lat' dir='ltr'>gradum</span> <span class='ocrx_word' id='word_1_202' title='bbox 1031 1590 1211 1627; x_wconf 90' lang='lat' dir='ltr'>merendi</span> <span class='ocrx_word' id='word_1_203' title='bbox 1244 1590 1542 1627; x_wconf 89' lang='lat' dir='ltr'>velocissimum</span> 
     </span>
    </p>

    <p class='ocr_par' dir='ltr' id='par_1_25' title="bbox 233 1648 1547 1697">
     <span class='ocr_line' id='line_1_30' title="bbox 233 1648 1547 1697; baseline -0.002 -11"><span class='ocrx_word' id='word_1_204' title='bbox 233 1651 283 1686; x_wconf 91' lang='lat' dir='ltr'>ad</span> <span class='ocrx_word' id='word_1_205' title='bbox 316 1649 533 1686; x_wconf 89' lang='lat' dir='ltr'>terminum</span> <span class='ocrx_word' id='word_1_206' title='bbox 567 1661 636 1686; x_wconf 93' lang='lat' dir='ltr'>sue</span> <span class='ocrx_word' id='word_1_207' title='bbox 669 1648 810 1686; x_wconf 87' lang='lat' dir='ltr'>semite</span> <span class='ocrx_word' id='word_1_208' title='bbox 844 1658 903 1686; x_wconf 87' lang='lat' dir='ltr'>est</span> <span class='ocrx_word' id='word_1_209' title='bbox 934 1661 1183 1697; x_wconf 84' lang='lat' dir='ltr'>progressus.</span> <span class='ocrx_word' id='word_1_210' title='bbox 1218 1649 1310 1685; x_wconf 92' lang='lat' dir='ltr'>Ideo</span> <span class='ocrx_word' id='word_1_211' title='bbox 1344 1648 1547 1697; x_wconf 84' lang='lat' dir='ltr'>signanter</span> 
     </span>
    </p>

    <p class='ocr_par' dir='ltr' id='par_1_26' title="bbox 234 1706 1547 1757">
     <span class='ocr_line' id='line_1_31' title="bbox 234 1706 1547 1757; baseline -0.002 -13"><span class='ocrx_word' id='word_1_212' title='bbox 234 1708 382 1745; x_wconf 92' lang='lat' dir='ltr'>dicitur</span> <span class='ocrx_word' id='word_1_213' title='bbox 405 1709 512 1757; x_wconf 90' lang='lat' dir='ltr'>quod</span> <span class='ocrx_word' id='word_1_214' title='bbox 536 1708 736 1757; x_wconf 81' lang='lat' dir='ltr'>confestim</span> <span class='ocrx_word' id='word_1_215' title='bbox 760 1709 944 1746; x_wconf 85' lang='lat' dir='ltr'>ascendit.</span> <span class='ocrx_word' id='word_1_216' title='bbox 978 1710 1027 1744; x_wconf 86' lang='lat' dir='ltr'>Et</span> <span class='ocrx_word' id='word_1_217' title='bbox 1049 1709 1097 1744; x_wconf 91' lang='lat' dir='ltr'>ab</span> <span class='ocrx_word' id='word_1_218' title='bbox 1122 1707 1209 1755; x_wconf 92' lang='lat' dir='ltr'>ipso</span> <span class='ocrx_word' id='word_1_219' title='bbox 1235 1706 1375 1744; x_wconf 90' lang='lat' dir='ltr'>didicit</span> <span class='ocrx_word' id='word_1_220' title='bbox 1399 1719 1547 1755; x_wconf 86' lang='lat' dir='ltr'>sponsa</span> 
     </span>
    </p>

    <p class='ocr_par' dir='ltr' id='par_1_27' title="bbox 234 1765 1544 1816">
     <span class='ocr_line' id='line_1_32' title="bbox 234 1765 1544 1816; baseline -0.002 -13"><span class='ocrx_word' id='word_1_221' title='bbox 234 1766 414 1812; x_wconf 87' lang='lat' dir='ltr'>ecclesia,</span> <span class='ocrx_word' id='word_1_222' title='bbox 448 1778 529 1802; x_wconf 92' lang='lat' dir='ltr'>non</span> <span class='ocrx_word' id='word_1_223' title='bbox 562 1766 696 1802; x_wconf 90' lang='lat' dir='ltr'>colum</span> <span class='ocrx_word' id='word_1_224' title='bbox 721 1766 789 1802; x_wconf 93' lang='lat' dir='ltr'>sed</span> <span class='ocrx_word' id='word_1_225' title='bbox 810 1767 950 1815; x_wconf 85' lang='lat' dir='ltr'>fusum</span> <span class='ocrx_word' id='word_1_226' title='bbox 975 1766 1109 1816; x_wconf 79' lang='lat' dir='ltr'>digitis</span> <span class='ocrx_word' id='word_1_227' title='bbox 1139 1766 1216 1801; x_wconf 83' lang='lat' dir='ltr'>suis</span> <span class='ocrx_word' id='word_1_228' title='bbox 1239 1765 1544 1814; x_wconf 78' lang='lat' dir='ltr'>apprehendere,</span> 
     </span>
    </p>

    <p class='ocr_par' dir='ltr' id='par_1_28' title="bbox 234 1822 1545 1871">
     <span class='ocr_line' id='line_1_33' title="bbox 234 1822 1545 1871; baseline -0.001 -11"><span class='ocrx_word' id='word_1_229' title='bbox 234 1833 277 1860; x_wconf 92' lang='lat' dir='ltr'>ut</span> <span class='ocrx_word' id='word_1_230' title='bbox 311 1823 458 1860; x_wconf 88' lang='lat' dir='ltr'>dicitur</span> <span class='ocrx_word' id='word_1_231' title='bbox 489 1825 605 1860; x_wconf 88' lang='lat' dir='ltr'>Prov.</span> <span class='ocrx_word' id='word_1_232' title='bbox 638 1824 796 1860; x_wconf 79' lang='lat' dir='ltr'>XXXIO.</span> <span class='ocrx_word' id='word_1_233' title='bbox 829 1825 890 1860; x_wconf 92' lang='lat' dir='ltr'>Ad</span> <span class='ocrx_word' id='word_1_234' title='bbox 914 1836 1076 1860; x_wconf 89' lang='lat' dir='ltr'>sensum</span> <span class='ocrx_word' id='word_1_235' title='bbox 1110 1832 1243 1860; x_wconf 88' lang='lat' dir='ltr'>autem</span> <span class='ocrx_word' id='word_1_236' title='bbox 1279 1822 1545 1871; x_wconf 84' lang='lat' dir='ltr'>anagogicum</span> 
     </span>
    </p>

    <p class='ocr_par' dir='ltr' id='par_1_29' title="bbox 235 1880 1547 1931">
     <span class='ocr_line' id='line_1_34' title="bbox 235 1880 1547 1931; baseline -0.002 -12"><span class='ocrx_word' id='word_1_237' title='bbox 235 1890 397 1919; x_wconf 86' lang='lat' dir='ltr'>notatur</span> <span class='ocrx_word' id='word_1_238' title='bbox 435 1883 640 1931; x_wconf 89' lang='lat' dir='ltr'>quomodo</span> <span class='ocrx_word' id='word_1_239' title='bbox 683 1881 864 1918; x_wconf 91' lang='lat' dir='ltr'>Christus</span> <span class='ocrx_word' id='word_1_240' title='bbox 898 1881 1097 1930; x_wconf 88' lang='lat' dir='ltr'>completa</span> <span class='ocrx_word' id='word_1_241' title='bbox 1129 1894 1231 1930; x_wconf 86' lang='lat' dir='ltr'>aqua</span> <span class='ocrx_word' id='word_1_242' title='bbox 1270 1880 1547 1918; x_wconf 84' lang='lat' dir='ltr'>tribulacionis</span> 
     </span>
    </p>

    <p class='ocr_par' dir='ltr' id='par_1_30' title="bbox 235 1939 1547 1988">
     <span class='ocr_line' id='line_1_35' title="bbox 235 1939 1547 1988; baseline -0.002 -12"><span class='ocrx_word' id='word_1_243' title='bbox 235 1940 275 1977; x_wconf 87' lang='lat' dir='ltr'>in</span> <span class='ocrx_word' id='word_1_244' title='bbox 306 1940 368 1977; x_wconf 82' lang='lat' dir='ltr'>via</span> <span class='ocrx_word' id='word_1_245' title='bbox 401 1949 439 1977; x_wconf 93' lang='lat' dir='ltr'>et</span> <span class='ocrx_word' id='word_1_246' title='bbox 478 1949 571 1988; x_wconf 88' lang='lat' dir='ltr'>post</span> <span class='ocrx_word' id='word_1_247' title='bbox 603 1939 958 1977; x_wconf 87' lang='lat' dir='ltr'>confirmacionem</span> <span class='ocrx_word' id='word_1_248' title='bbox 1003 1939 1284 1988; x_wconf 84' lang='lat' dir='ltr'>apostolorum</span> <span class='ocrx_word' id='word_1_249' title='bbox 1332 1940 1379 1976; x_wconf 91' lang='lat' dir='ltr'>de</span> <span class='ocrx_word' id='word_1_250' title='bbox 1419 1951 1547 1975; x_wconf 92' lang='lat' dir='ltr'>resur-</span> 
     </span>
    </p>

    <p class='ocr_par' dir='ltr' id='par_1_31' title="bbox 237 1996 1549 2046">
     <span class='ocr_line' id='line_1_36' title="bbox 237 1996 1549 2046; baseline -0.001 -11"><span class='ocrx_word' id='word_1_251' title='bbox 237 1998 421 2035; x_wconf 88' lang='lat' dir='ltr'>reccione</span> <span class='ocrx_word' id='word_1_252' title='bbox 460 1998 674 2035; x_wconf 88' lang='lat' dir='ltr'>confestim</span> <span class='ocrx_word' id='word_1_253' title='bbox 720 1998 902 2035; x_wconf 83' lang='lat' dir='ltr'>ascendit</span> <span class='ocrx_word' id='word_1_254' title='bbox 946 1998 987 2034; x_wconf 89' lang='lat' dir='ltr'>in</span> <span class='ocrx_word' id='word_1_255' title='bbox 1020 1998 1205 2046; x_wconf 82' lang='lat' dir='ltr'>patriam,</span> <span class='ocrx_word' id='word_1_256' title='bbox 1252 2006 1290 2034; x_wconf 91' lang='lat' dir='ltr'>et</span> <span class='ocrx_word' id='word_1_257' title='bbox 1323 1997 1379 2034; x_wconf 90' lang='lat' dir='ltr'>sic</span> <span class='ocrx_word' id='word_1_258' title='bbox 1413 1996 1549 2034; x_wconf 89' lang='lat' dir='ltr'>omnia</span> 
     </span>
    </p>

    <p class='ocr_par' dir='ltr' id='par_1_32' title="bbox 235 2055 1551 2106">
     <span class='ocr_line' id='line_1_37' title="bbox 235 2055 1551 2106; baseline -0.001 -13"><span class='ocrx_word' id='word_1_259' title='bbox 235 2058 416 2094; x_wconf 85' lang='lat' dir='ltr'>membra</span> <span class='ocrx_word' id='word_1_260' title='bbox 448 2069 518 2093; x_wconf 88' lang='lat' dir='ltr'>sua</span> <span class='ocrx_word' id='word_1_261' title='bbox 550 2057 679 2094; x_wconf 89' lang='lat' dir='ltr'>facere</span> <span class='ocrx_word' id='word_1_262' title='bbox 713 2057 862 2093; x_wconf 88' lang='lat' dir='ltr'>debent</span> <span class='ocrx_word' id='word_1_263' title='bbox 895 2056 1171 2096; x_wconf 82' lang='lat' dir='ltr'>conformiter.</span> <span class='ocrx_word' id='word_1_264' title='bbox 1216 2055 1271 2092; x_wconf 88' lang='lat' dir='ltr'>Et</span> <span class='ocrx_word' id='word_1_265' title='bbox 1311 2068 1396 2092; x_wconf 88' lang='lat' dir='ltr'>ecce</span> <span class='ocrx_word' id='word_1_266' title='bbox 1424 2055 1551 2106; x_wconf 81' lang='lat' dir='ltr'>aperti</span> 
     </span>
    </p>

    <p class='ocr_par' dir='ltr' id='par_1_33' title="bbox 232 2114 1549 2163">
     <span class='ocr_line' id='line_1_38' title="bbox 232 2114 1549 2163; baseline -0.002 -11"><span class='ocrx_word' id='word_1_267' title='bbox 232 2123 320 2152; x_wconf 86' lang='lat' dir='ltr'>sunt</span> <span class='ocrx_word' id='word_1_268' title='bbox 351 2115 432 2152; x_wconf 91' lang='lat' dir='ltr'>celi.</span> <span class='ocrx_word' id='word_1_269' title='bbox 469 2117 555 2160; x_wconf 84' lang='lat' dir='ltr'>Que</span> <span class='ocrx_word' id='word_1_270' title='bbox 588 2114 764 2163; x_wconf 88' lang='lat' dir='ltr'>apericio</span> <span class='ocrx_word' id='word_1_271' title='bbox 788 2115 965 2152; x_wconf 90' lang='lat' dir='ltr'>creditur</span> <span class='ocrx_word' id='word_1_272' title='bbox 986 2115 1152 2163; x_wconf 77' lang='lat' dir='ltr'>fulguris</span> <span class='ocrx_word' id='word_1_273' title='bbox 1176 2114 1364 2163; x_wconf 84' lang='lat' dir='ltr'>apericio,</span> <span class='ocrx_word' id='word_1_274' title='bbox 1387 2124 1430 2150; x_wconf 89' lang='lat' dir='ltr'>ut</span> <span class='ocrx_word' id='word_1_275' title='bbox 1453 2126 1549 2150; x_wconf 82' lang='lat' dir='ltr'>con-</span> 
     </span>
    </p>

    <p class='ocr_par' dir='ltr' id='par_1_34' title="bbox 234 2171 1549 2222">
     <span class='ocr_line' id='line_1_39' title="bbox 234 2171 1549 2222; baseline -0.001 -13"><span class='ocrx_word' id='word_1_276' title='bbox 234 2173 350 2222; x_wconf 85' lang='lat' dir='ltr'>tingit</span> <span class='ocrx_word' id='word_1_277' title='bbox 382 2172 422 2209; x_wconf 90' lang='lat' dir='ltr'>in</span> <span class='ocrx_word' id='word_1_278' title='bbox 456 2173 786 2219; x_wconf 81' lang='lat' dir='ltr'>choruscacione‚</span> <span class='ocrx_word' id='word_1_279' title='bbox 827 2171 938 2210; x_wconf 89' lang='lat' dir='ltr'>hiatu</span> <span class='ocrx_word' id='word_1_280' title='bbox 972 2173 1031 2210; x_wconf 91' lang='lat' dir='ltr'>vel</span> <span class='ocrx_word' id='word_1_281' title='bbox 1065 2174 1242 2221; x_wconf 89' lang='lat' dir='ltr'>bothyno</span> <span class='ocrx_word' id='word_1_282' title='bbox 1276 2181 1314 2209; x_wconf 90' lang='lat' dir='ltr'>et</span> <span class='ocrx_word' id='word_1_283' title='bbox 1353 2172 1549 2220; x_wconf 85' lang='lat' dir='ltr'>significat</span> 
     </span>
    </p>

    <p class='ocr_par' dir='ltr' id='par_1_35' title="bbox 235 2231 1550 2280">
     <span class='ocr_line' id='line_1_40' title="bbox 235 2231 1550 2280; baseline -0.002 -12"><span class='ocrx_word' id='word_1_284' title='bbox 235 2231 422 2269; x_wconf 87' lang='lat' dir='ltr'>celestem</span> <span class='ocrx_word' id='word_1_285' title='bbox 456 2231 626 2280; x_wconf 86' lang='lat' dir='ltr'>gloriam</span> <span class='ocrx_word' id='word_1_286' title='bbox 660 2231 803 2280; x_wconf 86' lang='lat' dir='ltr'>aperiri</span> <span class='ocrx_word' id='word_1_287' title='bbox 846 2232 886 2268; x_wconf 89' lang='lat' dir='ltr'>in</span> <span class='ocrx_word' id='word_1_288' title='bbox 919 2232 1125 2269; x_wconf 90' lang='lat' dir='ltr'>Christum</span> <span class='ocrx_word' id='word_1_289' title='bbox 1166 2231 1435 2268; x_wconf 85' lang='lat' dir='ltr'>credentibus.</span> <span class='ocrx_word' id='word_1_290' title='bbox 1498 2231 1550 2266; x_wconf 91' lang='lat' dir='ltr'>Et</span> 
     </span>
    </p>

    <p class='ocr_par' dir='ltr' id='par_1_36' title="bbox 234 2289 1546 2338">
     <span class='ocr_line' id='line_1_41' title="bbox 234 2289 1546 2338; baseline -0.002 -11"><span class='ocrx_word' id='word_1_291' title='bbox 234 2290 328 2327; x_wconf 84' lang='lat' dir='ltr'>vidit</span> <span class='ocrx_word' id='word_1_292' title='bbox 358 2291 552 2326; x_wconf 72' lang='lat' dir='ltr'>Joharmes</span> <span class='ocrx_word' id='word_1_293' title='bbox 585 2290 625 2326; x_wconf 91' lang='lat' dir='ltr'>in</span> <span class='ocrx_word' id='word_1_294' title='bbox 658 2289 857 2338; x_wconf 85' lang='lat' dir='ltr'>premium</span> <span class='ocrx_word' id='word_1_295' title='bbox 892 2290 1024 2327; x_wconf 88' lang='lat' dir='ltr'>meriti</span> <span class='ocrx_word' id='word_1_296' title='bbox 1058 2291 1319 2338; x_wconf 86' lang='lat' dir='ltr'>precedentes</span> <span class='ocrx_word' id='word_1_297' title='bbox 1354 2298 1546 2338; x_wconf 89' lang='lat' dir='ltr'>tanquam</span> 
     </span>
    </p>

    <p class='ocr_par' dir='ltr' id='par_1_37' title="bbox 234 2347 1549 2398">
     <span class='ocr_line' id='line_1_42' title="bbox 234 2347 1549 2398; baseline -0.001 -14"><span class='ocrx_word' id='word_1_298' title='bbox 234 2361 342 2385; x_wconf 85' lang='lat' dir='ltr'>arras</span> <span class='ocrx_word' id='word_1_299' title='bbox 376 2347 634 2385; x_wconf 84' lang='lat' dir='ltr'>beatitudinis</span> <span class='ocrx_word' id='word_1_300' title='bbox 667 2349 846 2398; x_wconf 82' lang='lat' dir='ltr'>spiritum</span> <span class='ocrx_word' id='word_1_301' title='bbox 869 2349 945 2385; x_wconf 89' lang='lat' dir='ltr'>Dei</span> <span class='ocrx_word' id='word_1_302' title='bbox 977 2349 1264 2385; x_wconf 81' lang='lat' dir='ltr'>descendentem</span> <span class='ocrx_word' id='word_1_303' title='bbox 1287 2348 1384 2384; x_wconf 82' lang='lat' dir='ltr'>sicut</span> <span class='ocrx_word' id='word_1_304' title='bbox 1406 2348 1549 2384; x_wconf 85' lang='lat' dir='ltr'>colum-</span> 
     </span>
    </p>

    <p class='ocr_par' dir='ltr' id='par_1_38' title="bbox 235 2405 1549 2455">
     <span class='ocr_line' id='line_1_43' title="bbox 235 2405 1549 2455; baseline -0.001 -13"><span class='ocrx_word' id='word_1_305' title='bbox 235 2407 321 2443; x_wconf 83' lang='lat' dir='ltr'>bam</span> <span class='ocrx_word' id='word_1_306' title='bbox 362 2407 421 2454; x_wconf 90' lang='lat' dir='ltr'>(ut</span> <span class='ocrx_word' id='word_1_307' title='bbox 455 2406 665 2455; x_wconf 86' lang='lat' dir='ltr'>exponitur</span> <span class='ocrx_word' id='word_1_308' title='bbox 703 2419 890 2443; x_wconf 89' lang='lat' dir='ltr'>sermone</span> <span class='ocrx_word' id='word_1_309' title='bbox 930 2406 1111 2455; x_wconf 84' lang='lat' dir='ltr'>proximo</span> <span class='ocrx_word' id='word_1_310' title='bbox 1151 2405 1414 2454; x_wconf 88' lang='lat' dir='ltr'>precedenti).</span> <span class='ocrx_word' id='word_1_311' title='bbox 1467 2407 1549 2441; x_wconf 90' lang='lat' dir='ltr'>Nec</span> 
     </span>
    </p>

    <p class='ocr_par' dir='ltr' id='par_1_39' title="bbox 235 2463 1551 2572">
     <span class='ocr_line' id='line_1_44' title="bbox 235 2463 1550 2513; baseline -0.002 -13"><span class='ocrx_word' id='word_1_312' title='bbox 235 2464 337 2501; x_wconf 88' lang='lat' dir='ltr'>trahi</span> <span class='ocrx_word' id='word_1_313' title='bbox 383 2465 528 2501; x_wconf 89' lang='lat' dir='ltr'>debent</span> <span class='ocrx_word' id='word_1_314' title='bbox 568 2465 668 2501; x_wconf 90' lang='lat' dir='ltr'>tales</span> <span class='ocrx_word' id='word_1_315' title='bbox 705 2465 815 2502; x_wconf 91' lang='lat' dir='ltr'>modi</span> <span class='ocrx_word' id='word_1_316' title='bbox 853 2464 1046 2513; x_wconf 88' lang='lat' dir='ltr'>loquendi</span> <span class='ocrx_word' id='word_1_317' title='bbox 1089 2466 1136 2501; x_wconf 92' lang='lat' dir='ltr'>de</span> <span class='ocrx_word' id='word_1_318' title='bbox 1181 2463 1366 2501; x_wconf 91' lang='lat' dir='ltr'>mocione</span> <span class='ocrx_word' id='word_1_319' title='bbox 1399 2463 1471 2500; x_wconf 88' lang='lat' dir='ltr'>Dei</span> <span class='ocrx_word' id='word_1_320' title='bbox 1512 2463 1550 2499; x_wconf 84' lang='lat' dir='ltr'>in</span> 
     </span>
     <span class='ocr_line' id='line_1_45' title="bbox 235 2521 1551 2572; baseline -0.002 -13"><span class='ocrx_word' id='word_1_321' title='bbox 235 2523 586 2572; x_wconf 85' lang='lat' dir='ltr'>consequenciam,</span> <span class='ocrx_word' id='word_1_322' title='bbox 621 2523 696 2560; x_wconf 89' lang='lat' dir='ltr'>nisi</span> <span class='ocrx_word' id='word_1_323' title='bbox 731 2524 778 2560; x_wconf 92' lang='lat' dir='ltr'>de</span> <span class='ocrx_word' id='word_1_324' title='bbox 811 2532 960 2572; x_wconf 86' lang='lat' dir='ltr'>quanto</span> <span class='ocrx_word' id='word_1_325' title='bbox 994 2523 1151 2560; x_wconf 91' lang='lat' dir='ltr'>elicitur</span> <span class='ocrx_word' id='word_1_326' title='bbox 1180 2535 1223 2559; x_wconf 87' lang='lat' dir='ltr'>ex</span> <span class='ocrx_word' id='word_1_327' title='bbox 1257 2521 1468 2569; x_wconf 83' lang='lat' dir='ltr'>scriptura.</span> <span class='ocrx_word' id='word_1_328' title='bbox 1503 2523 1551 2557; x_wconf 85' lang='lat' dir='ltr'>Et</span> 
     </span>
    </p>
   </div>
   <div class='ocr_carea' id='block_1_9' title="bbox 231 2644 1552 2926">
    <p class='ocr_par' dir='ltr' id='par_1_40' title="bbox 231 2644 1552 2924">
     <span class='ocr_line' id='line_1_46' title="bbox 301 2644 1547 2680; baseline -0.002 -7"><span class='ocrx_word' id='word_1_329' title='bbox 301 2653 322 2673; x_wconf 86' lang='lat'>1.</span> <span class='ocrx_word' id='word_1_330' title='bbox 338 2646 366 2673; x_wconf 91' lang='lat' dir='ltr'><strong>A</strong></span> <span class='ocrx_word' id='word_1_331' title='bbox 385 2645 417 2673; x_wconf 91' lang='lat' dir='ltr'>in</span> <span class='ocrx_word' id='word_1_332' title='bbox 439 2653 553 2680; x_wconf 63' lang='lat' dir='ltr'>marg:</span> <span class='ocrx_word' id='word_1_333' title='bbox 576 2653 596 2680; x_wconf 89' lang='lat'>1,</span> <span class='ocrx_word' id='word_1_334' title='bbox 618 2652 644 2672; x_wconf 89' lang='lat'>2.</span> <span class='ocrx_word' id='word_1_335' title='bbox 770 2653 796 2673; x_wconf 89' lang='lat'>2.</span> <span class='ocrx_word' id='word_1_336' title='bbox 812 2647 839 2673; x_wconf 88' lang='lat' dir='ltr'>A</span> <span class='ocrx_word' id='word_1_337' title='bbox 854 2647 884 2673; x_wconf 92' lang='lat' dir='ltr'>in</span> <span class='ocrx_word' id='word_1_338' title='bbox 907 2653 1029 2680; x_wconf 85' lang='lat' dir='ltr'>marg.:</span> <span class='ocrx_word' id='word_1_339' title='bbox 1051 2645 1076 2674; x_wconf 87' lang='lat'>3.</span> <span class='ocrx_word' id='word_1_340' title='bbox 1203 2653 1234 2679; x_wconf 90' lang='lat'>4.</span> <span class='ocrx_word' id='word_1_341' title='bbox 1255 2645 1299 2672; x_wconf 88' lang='lat' dir='ltr'>A:</span> <span class='ocrx_word' id='word_1_342' title='bbox 1322 2649 1430 2672; x_wconf 90' lang='lat' dir='ltr'>nostro</span> <span class='ocrx_word' id='word_1_343' title='bbox 1452 2644 1547 2672; x_wconf 85' lang='lat' dir='ltr'>deest.</span> 
     </span>
     <span class='ocr_line' id='line_1_47' title="bbox 233 2678 1551 2720; baseline -0.002 -12"><span class='ocrx_word' id='word_1_344' title='bbox 233 2689 262 2713; x_wconf 86' lang='lat'>4,</span> <span class='ocrx_word' id='word_1_345' title='bbox 283 2680 308 2708; x_wconf 89' lang='grc'>5.</span> <span class='ocrx_word' id='word_1_346' title='bbox 328 2682 373 2708; x_wconf 91' lang='lat' dir='ltr'>A:</span> <span class='ocrx_word' id='word_1_347' title='bbox 395 2685 511 2720; x_wconf 87' lang='lat' dir='ltr'>posset.</span> <span class='ocrx_word' id='word_1_348' title='bbox 550 2681 575 2709; x_wconf 85' lang='lat'>5.</span> <span class='ocrx_word' id='word_1_349' title='bbox 596 2683 643 2708; x_wconf 89' lang='lat' dir='ltr'>A:</span> <span class='ocrx_word' id='word_1_350' title='bbox 666 2688 758 2716; x_wconf 89' lang='lat' dir='ltr'>quam</span> <span class='ocrx_word' id='word_1_351' title='bbox 773 2680 1060 2708; x_wconf 84' lang='lat' dir='ltr'>illa—obediencia</span> <span class='ocrx_word' id='word_1_352' title='bbox 1074 2680 1171 2710; x_wconf 87' lang='lat' dir='ltr'>deest.</span> <span class='ocrx_word' id='word_1_353' title='bbox 1210 2678 1356 2714; x_wconf 81' lang='lat' dir='ltr'>7‚8.BC:</span> <span class='ocrx_word' id='word_1_354' title='bbox 1379 2680 1450 2715; x_wconf 87' lang='lat' dir='ltr'>quia</span> <span class='ocrx_word' id='word_1_355' title='bbox 1476 2686 1551 2706; x_wconf 90' lang='lat' dir='ltr'>non.</span> 
     </span>
     <span class='ocr_line' id='line_1_48' title="bbox 235 2714 1549 2750; baseline -0.002 -8"><span class='ocrx_word' id='word_1_356' title='bbox 235 2722 270 2742; x_wconf 86' lang='lat'>11.</span> <span class='ocrx_word' id='word_1_357' title='bbox 293 2715 333 2743; x_wconf 92' lang='lat' dir='ltr'>C:</span> <span class='ocrx_word' id='word_1_358' title='bbox 354 2716 479 2743; x_wconf 81' lang='lat' dir='ltr'>cuilibet</span> <span class='ocrx_word' id='word_1_359' title='bbox 499 2717 596 2744; x_wconf 84' lang='lat' dir='ltr'>deest.</span> <span class='ocrx_word' id='word_1_360' title='bbox 637 2715 658 2742; x_wconf 87' lang='grc' dir='ltr'><strong>Β</strong></span> <span class='ocrx_word' id='word_1_361' title='bbox 679 2717 709 2743; x_wconf 90' lang='lat' dir='ltr'>in</span> <span class='ocrx_word' id='word_1_362' title='bbox 732 2723 847 2750; x_wconf 86' lang='lat' dir='ltr'>marg.:</span> <span class='ocrx_word' id='word_1_363' title='bbox 869 2715 1061 2743; x_wconf 83' lang='lat' dir='ltr'>obediencia</span> <span class='ocrx_word' id='word_1_364' title='bbox 1077 2715 1195 2743; x_wconf 76' lang='lat' dir='ltr'>Christi</span> <span class='ocrx_word' id='word_1_365' title='bbox 1215 2715 1316 2750; x_wconf 88' lang='lat' dir='ltr'>qualis</span> <span class='ocrx_word' id='word_1_366' title='bbox 1336 2714 1395 2742; x_wconf 84' lang='lat' dir='ltr'>fuit</span> <span class='ocrx_word' id='word_1_367' title='bbox 1414 2719 1443 2742; x_wconf 87' lang='lat' dir='ltr'>et</span> <span class='ocrx_word' id='word_1_368' title='bbox 1457 2721 1549 2748; x_wconf 87' lang='lat' dir='ltr'>quam</span> 
     </span>
     <span class='ocr_line' id='line_1_49' title="bbox 233 2750 1552 2785; baseline -0.002 -8"><span class='ocrx_word' id='word_1_369' title='bbox 233 2750 303 2778; x_wconf 84' lang='lat' dir='ltr'>alta.</span> <span class='ocrx_word' id='word_1_370' title='bbox 376 2758 419 2784; x_wconf 84' lang='lat'>14,</span> <span class='ocrx_word' id='word_1_371' title='bbox 440 2750 536 2779; x_wconf 84' lang='lat' dir='ltr'>15.A:</span> <span class='ocrx_word' id='word_1_372' title='bbox 558 2751 673 2778; x_wconf 87' lang='lat' dir='ltr'>habent</span> <span class='ocrx_word' id='word_1_373' title='bbox 694 2751 837 2785; x_wconf 83' lang='lat' dir='ltr'>gradum.</span> <span class='ocrx_word' id='word_1_374' title='bbox 893 2751 936 2778; x_wconf 84' lang='lat'>16.</span> <span class='ocrx_word' id='word_1_375' title='bbox 956 2750 1005 2779; x_wconf 87' lang='lat' dir='ltr'>A:</span> <span class='ocrx_word' id='word_1_376' title='bbox 1026 2750 1186 2778; x_wconf 89' lang='lat' dir='ltr'>colobion.</span> <span class='ocrx_word' id='word_1_377' title='bbox 1224 2751 1246 2776; x_wconf 83' lang='lat' dir='ltr'>B</span> <span class='ocrx_word' id='word_1_378' title='bbox 1269 2750 1298 2777; x_wconf 89' lang='lat' dir='ltr'>in</span> <span class='ocrx_word' id='word_1_379' title='bbox 1320 2756 1441 2783; x_wconf 81' lang='lat' dir='ltr'>marg.:</span> <span class='ocrx_word' id='word_1_380' title='bbox 1498 2756 1552 2775; x_wconf 90' lang='lat' dir='ltr'>uo-</span> 
     </span>
     <span class='ocr_line' id='line_1_50' title="bbox 235 2784 1552 2821; baseline -0.002 -9"><span class='ocrx_word' id='word_1_381' title='bbox 235 2785 332 2813; x_wconf 90' lang='lat' dir='ltr'>modo</span> <span class='ocrx_word' id='word_1_382' title='bbox 353 2785 497 2821; x_wconf 82' lang='lat' dir='ltr'>discipuli</span> <span class='ocrx_word' id='word_1_383' title='bbox 521 2785 636 2814; x_wconf 86' lang='lat' dir='ltr'>Christi</span> <span class='ocrx_word' id='word_1_384' title='bbox 659 2785 771 2813; x_wconf 83' lang='lat' dir='ltr'>debent</span> <span class='ocrx_word' id='word_1_385' title='bbox 788 2786 941 2813; x_wconf 86' lang='lat' dir='ltr'>instanter</span> <span class='ocrx_word' id='word_1_386' title='bbox 961 2785 1095 2820; x_wconf 83' lang='lat' dir='ltr'>operari.</span> <span class='ocrx_word' id='word_1_387' title='bbox 1168 2784 1216 2812; x_wconf 87' lang='lat'>26.</span> <span class='ocrx_word' id='word_1_388' title='bbox 1238 2785 1259 2811; x_wconf 88' lang='grc' dir='ltr'>Β</span> <span class='ocrx_word' id='word_1_389' title='bbox 1280 2784 1311 2811; x_wconf 82' lang='lat' dir='ltr'>in</span> <span class='ocrx_word' id='word_1_390' title='bbox 1333 2792 1454 2818; x_wconf 84' lang='lat' dir='ltr'>marg.=</span> <span class='ocrx_word' id='word_1_391' title='bbox 1477 2784 1552 2811; x_wconf 90' lang='lat' dir='ltr'>Sen-</span> 
     </span>
     <span class='ocr_line' id='line_1_51' title="bbox 233 2819 1552 2859; baseline -0.002 -12"><span class='ocrx_word' id='word_1_392' title='bbox 233 2827 287 2847; x_wconf 88' lang='lat' dir='ltr'>sus</span> <span class='ocrx_word' id='word_1_393' title='bbox 307 2828 484 2859; x_wconf 76' lang='lat' dir='ltr'>anagoycus</span> <span class='ocrx_word' id='word_1_394' title='bbox 505 2821 671 2856; x_wconf 87' lang='lat' dir='ltr'>evangelis.</span> <span class='ocrx_word' id='word_1_395' title='bbox 727 2820 774 2848; x_wconf 80' lang='lat'>30.</span> <span class='ocrx_word' id='word_1_396' title='bbox 795 2822 839 2848; x_wconf 84' lang='lat' dir='ltr'>A:</span> <span class='ocrx_word' id='word_1_397' title='bbox 866 2819 990 2848; x_wconf 83' lang='lat' dir='ltr'>faceret.</span> <span class='ocrx_word' id='word_1_398' title='bbox 1062 2820 1100 2848; x_wconf 86' lang='lat'>31.</span> <span class='ocrx_word' id='word_1_399' title='bbox 1128 2820 1168 2847; x_wconf 87' lang='lat' dir='ltr'>A:</span> <span class='ocrx_word' id='word_1_400' title='bbox 1200 2819 1341 2854; x_wconf 86' lang='lat' dir='ltr'>apercio;</span> <span class='ocrx_word' id='word_1_401' title='bbox 1365 2819 1500 2846; x_wconf 82' lang='lat' dir='ltr'>creditur</span> <span class='ocrx_word' id='word_1_402' title='bbox 1519 2833 1552 2837; x_wconf 98' lang='lat'><strong>—</strong></span> 
     </span>
     <span class='ocr_line' id='line_1_52' title="bbox 231 2851 1551 2924; baseline -0.001 -8"><span class='ocrx_word' id='word_1_403' title='bbox 231 2855 477 2918; x_wconf 56' lang='lat' dir='ltr'>‚ssffissmi’essies“</span> <span class='ocrx_word' id='word_1_404' title='bbox 532 2855 908 2919; x_wconf 52' lang='lat' dir='ltr'>³6³²3-C‘ff?·131b122¹ii¹¹i·</span> <span class='ocrx_word' id='word_1_405' title='bbox 979 2851 1390 2924; x_wconf 51' lang='lat' dir='ltr'>33³·13‘Qffssssess3ssipmm36·</span> <span class='ocrx_word' id='word_1_406' title='bbox 1412 2855 1461 2881; x_wconf 65' lang='lat' dir='ltr'>A*</span> <span class='ocrx_word' id='word_1_407' title='bbox 1482 2860 1551 2888; x_wconf 68' lang='lat'><em>‘&#39;‘0&#39;</em></span> 
     </span>
    </p>

    <p class='ocr_par' dir='ltr' id='par_1_41' title="bbox 425 2907 1356 2926">
     <span class='ocr_line' id='line_1_53' title="bbox 425 2907 1356 2926; baseline -0.002 -9"><span class='ocrx_word' id='word_1_408' title='bbox 425 2910 432 2917; x_wconf 70' lang='grc' dir='ltr'>α</span> <span class='ocrx_word' id='word_1_409' title='bbox 572 2911 578 2924; x_wconf 62' lang='lat' dir='ltr'>y</span> <span class='ocrx_word' id='word_1_410' title='bbox 617 2907 642 2926; x_wconf 66' lang='lat' dir='ltr'>s·</span> <span class='ocrx_word' id='word_1_411' title='bbox 701 2909 708 2918; x_wconf 66' lang='grc' dir='ltr'>Ο</span> <span class='ocrx_word' id='word_1_412' title='bbox 864 2910 871 2917; x_wconf 84' lang='grc' dir='ltr'><strong>ο</strong></span> <span class='ocrx_word' id='word_1_413' title='bbox 1021 2912 1024 2915; x_wconf 95' lang='grc'>-</span> <span class='ocrx_word' id='word_1_414' title='bbox 1106 2910 1112 2916; x_wconf 79' lang='grc' dir='ltr'>ι</span> <span class='ocrx_word' id='word_1_415' title='bbox 1350 2909 1356 2915; x_wconf 83' lang='grc' dir='ltr'>ι</span> 
     </span>
    </p>
   </div>
  </div>
 </body>
</html>
