2017 3353
189 274 271 307 410

187 375 355 402 Cereorum
376 374 454 401 lacio
474 372 538 407 303,
560 372 627 406 304.

187 409 291 437 Chaos
310 410 355 436 vel
377 416 510 436 vacuum
531 410 576 436 vel
597 409 645 445 yle
665 416 726 443 170.
750 415 801 442 171.

187 443 329 506 Chiristus
356 443 453 470 tribus
480 443 599 472 vicibus
627 443 749 470 advenit
775 443 805 470 in
828 443 908 471 hunc
931 452 1019 471 mun⁴

245 487 296 506 um
319 487 338 508 1.
361 486 385 505 2.

188 514 231 541 De
251 513 353 549 primo
373 514 505 541 adventu
527 513 641 541 Christi
664 513 770 541 15-22,

187 548 231 576 De
251 549 345 576 tercio
366 549 498 575 adventu
519 548 635 576 Christi
656 548 749 582 0-15.

186 583 330 646 Chr5istus
359 591 452 619 quare
480 587 507 610 et
532 583 569 610 ad
597 583 670 618 quid
699 584 779 610 veuit
808 583 838 609 iu
868 584 1018 610 mundum

189 653 332 682 Christus
348 658 450 680 utrum
464 653 612 681 divinitus
625 652 746 679 venitin
760 652 840 679 hunc
856 652 1019 685 mundum,

224 693 326 716 utrum
347 688 506 716 creacione
527 687 684 715 succesiva
704 689 751 713 vel
772 686 873 714 subita
894 686 974 719 3—4.

188 723 332 751 Christus
360 731 453 759 quare
483 728 623 750 naturam
644 723 811 749 humanam
839 722 1020 757 assumpsit,

224 767 285 786 non
307 758 475 792 angelicam
497 757 562 789 346.

188 794 299 821 Utrum
321 793 463 821 Christus
486 798 555 828 post
581 792 828 820 incarnacionem
852 792 953 827 primo
976 792 1018 818 iel

224 833 373 864 perpetuo
393 828 450 855 fuit
471 836 605 863 sponsus
625 827 751 854 ecclesie
771 824 833 857 345·

189 863 233 890 Ex
263 863 419 890 nativitate
449 862 564 890 Christi
596 861 762 897 prophecie
794 861 874 888 unde
905 866 931 887 et
962 869 1020 896 que

225 903 295 925 sunt
316 899 436 933 implete
457 896 504 930 41³.

189 933 333 960 Christus
345 941 438 968 quare
455 932 589 967 suscepit
604 931 872 958 circumcisionem
888 936 915 957 et
927 938 1020 965 quare

224 968 255 995 in
277 968 324 995 die
345 973 453 995 octavo
474 966 517 1002 37.

192 1001 336 1030 Christus
369 1002 528 1037 quomodo
561 1001 643 1028 venit
681 1005 751 1035 post
782 1000 952 1026 ,Iohannem
994 1004 1020 1026 et

223 1038 324 1064 factus
344 1042 388 1064 est
409 1042 476 1064 ante
496 1037 599 1072 ipsum
620 1036 665 1063 50.
687 1036 723 1063 51.

191 1072 360 1107 Quomodo
390 1072 532 1099 Christus
561 1071 793 1097 confortabatur
828 1074 855 1096 et
893 1070 1020 1104 profecit

228 1107 382 1146 sapiencia
403 1112 458 1134 etc.
480 1106 519 1134 31.
542 1114 626 1140 seqq.
905 1140 910 1142 -

192 1141 335 1169 Christus
362 1150 420 1177 que
446 1141 516 1168 fecit
537 1141 566 1168 in
594 1140 682 1167 annis
705 1140 874 1174 puerilibus
895 1139 1019 1167 06-08.

190 1192 223 1195 ——
244 1176 386 1203 subditus
406 1176 463 1204 suit
506 1175 663 1203 arentibus
683 1175 733 1209 69.

190 1227 223 1230 —
243 1211 390 1238 obediens
410 1211 467 1238 fuit
514 1210 623 1246 aptiste
647 1210 695 1244 69.

188 1261 220 1264 —
241 1246 399 1281 quomodo
419 1246 518 1273 factus
545 1250 590 1272 est
610 1249 678 1272 ante
697 1244 868 1271 Johannem
897 1248 923 1270 et
945 1252 1020 1279 quo-

225 1281 319 1308 modo
340 1286 462 1308 econtra
484 1279 526 1310 23,
547 1288 593 1312 21.
895 1313 901 1316 ⁴

188 1331 221 1334 -
241 1324 334 1351 quare
355 1315 533 1343 humanitus
553 1314 680 1342 inferior
699 1313 826 1340 ecclesia
846 1312 912 1343 310.

190 1350 348 1378 Christum
368 1350 443 1378 varii
463 1359 497 1377 ex
515 1349 608 1377 variis
630 1349 731 1376 causis
750 1349 955 1384 sequebantur
972 1347 1018 1383 78,

226 1394 289 1417 140,
312 1394 320 1413 1
347 1394 367 1413 1.

190 1395 448 1456 Clirist113q11a1·e
476 1428 602 1455 regnum
631 1427 646 1447 a
673 1418 789 1454 populo
817 1426 877 1444 11011
907 1416 1019 1452 recepit

227 1455 278 1482 sed
300 1455 376 1490 fugit
397 1454 456 1488 143.

187 1506 220 1509 —
241 1498 334 1525 quare
355 1490 501 1517 dormivit
522 1490 550 1517 in
572 1488 709 1516 navicula
730 1487 775 1523 78.

188 1524 300 1552 Abicio
313 1524 427 1552 Christi
441 1525 469 1552 in
484 1530 619 1551 montem
633 1523 705 1558 quid
720 1522 869 1557 significat
885 1531 947 1550 110.
963 1531 1016 1554 141.

189 1559 331 1587 Christus
352 1568 445 1594 quare
476 1559 557 1586 flevit
578 1559 727 1586 Lazarum
755 1557 932 1584 suscitando
953 1556 1016 1584 330.

188 1594 290 1621 Verba
320 1594 528 1621 consolatoria
557 1601 651 1628 quare
679 1592 823 1620 Christus
853 1600 913 1619 non
942 1592 1018 1619 dixit

223 1629 280 1656 nisi
302 1629 331 1656 in
354 1637 426 1656 cena
447 1629 554 1656 ultima
575 1635 638 1655 202.
660 1625 722 1653 203.
972 1660 979 1662 ᾼ

187 1664 330 1691 Christus
347 1664 505 1699 quomodo
528 1664 706 1690 consolatus
727 1666 771 1688 est
787 1670 861 1688 suos
877 1669 937 1695 179.
956 1662 1016 1688 iso.

186 1699 340 1726 Ascensio
369 1698 483 1726 Christi
511 1698 540 1725 in
567 1697 736 1724 Jerusalem
767 1696 921 1723 contraria
951 1696 1018 1723 des-

221 1734 325 1760 censui
347 1733 472 1760 humani
493 1732 613 1768 generis
635 1732 671 1759 ab
691 1731 858 1758 Jerusalem
881 1732 934 1759 113.

189 1769 292 1802 Quare
313 1768 456 1796 Christus
484 1768 548 1795 suis
570 1772 717 1803 patenter.
745 1765 854 1793 ceteris
879 1766 909 1793 in
931 1774 1018 1801 paxa-

224 1803 302 1830 bolis
323 1803 505 1838 loquebatur
527 1811 588 1830 lm).

189 1838 331 1866 Christus
352 1838 380 1864 in
404 1837 544 1864 faciendo
566 1837 712 1864 miracula
733 1844 792 1863 non
809 1835 864 1863 fuit
880 1835 1018 1862 demoni-

223 1881 296 1899 acus
319 1875 378 1899 118.

191 1907 325 1942 Quando
341 1907 452 1943 incepit
469 1907 602 1942 primum
622 1906 798 1939 coniugium
815 1905 929 1932 Christi
948 1913 1016 1932 cum

225 1942 350 1969 ecclesia
372 1940 436 1973 345.

191 1977 294 2012 Quare
317 1976 459 2004 Christus
480 1977 663 2011 approbaxit
690 1976 810 2011 aliquos
839 1979 935 2001 status
962 1974 1019 2002 im-

227 2012 377 2046 perfectos
397 2012 446 2044 46.

190 2046 333 2074 Christus
360 2046 388 2072 in
418 2045 521 2073 triduo
548 2045 639 2072 iacuit
667 2044 695 2071 in
718 2045 859 2079 sepulcro
881 2051 940 2070 non
963 2051 1019 2078 pro

224 2081 326 2108 triduo
350 2082 408 2108 180.

189 2115 332 2143 Christus
349 2119 562 2150 postmortem
580 2114 680 2149 primo
696 2113 784 2141 matri
801 2112 943 2148 apparuit
960 2113 1017 2139 162.

188 2150 296 2188 Decies
317 2150 460 2177 Christus
487 2149 629 2185 apparuit
656 2154 727 2184 post
754 2147 1015 2176 resurrecciouem

224 2190 371 2219 107-1-0.

187 2202 337 2247 Christus!
352 2224 454 2246 utrum
478 2218 515 2246 sit
535 2218 664 2246 Messias
688 2219 728 2246 16.

188 2270 221 2274 —
241 2259 287 2281 est
307 2254 390 2281 Deus
412 2260 466 2287 191,
489 2260 547 2288 192.

186 2305 219 2308 —
240 2289 339 2316 solum
360 2288 438 2316 tollit
459 2292 581 2323 peccata
602 2288 708 2315 mundi
729 2288 774 2316 50.

188 2340 220 2342 —
241 2332 335 2358 quare
356 2323 464 2365 pocius
484 2323 578 2350 verbo
599 2331 661 2350 non
683 2323 811 2350 redemit
841 2331 936 2359 genus
964 2323 1018 2350 hu—

225 2367 350 2386 manum
372 2366 436 2392 239.
458 2365 524 2390 240.

188 2392 304 2420 Tactus
324 2400 471 2420 manuum
493 2392 607 2419 Christi
628 2391 701 2427 quid
723 2392 822 2428 signat
833 2400 879 2426 79.

191 2427 282 2462 Quod
314 2426 456 2455 Christus
485 2426 555 2454 fecit
583 2426 762 2454 humanitus
788 2436 844 2454 nos
871 2427 1019 2454 debemus

204 2497 207 2498 ⁷
225 2462 323 2489 faeere
345 2461 498 2497 posterius
519 2462 576 2495 1515,
599 2461 654 2489 153.

191 2496 360 2530 Quomodo
381 2495 524 2524 Christus
545 2504 650 2531 pacem
673 2496 828 2557 reliquerit
849 2503 901 2523 211.

190 2531 348 2558 Christum
371 2531 476 2558 mirari
498 2531 656 2566 quomodo
677 2531 738 2558 inte
754 2531 857 2566 ligitur
877 2532 917 2557 Si.

188 2566 221 2592 ln
243 2565 368 2594 Christo
395 2570 466 2593 sunt
493 2566 586 2593 multe
608 2565 760 2593 maneries
781 2564 954 2592 admirandi
977 2565 1016 2591 81.

188 2600 331 2628 Christus
347 2608 407 2627 non
424 2605 467 2627 est
484 2600 595 2628 minor.
611 2600 680 2627 licet
695 2608 725 2626 se
740 2599 940 2627 exinaniverit
952 2598 1014 2627 3313.

187 2651 220 2654 —
241 2634 347 2662 habuit
366 2635 546 2670 quintuplex
566 2643 661 2669 genus
682 2634 811 2662 sciencie
832 2633 871 2669 31,
893 2633 934 2661 32.

188 2669 389 2732 -Ἓῐοῳέἰῐυν
420 2670 540 2701 ‹solumt
572 2669 608 2696 de
642 2669 793 2705 spirituali
833 2668 1018 2697 fundacione

222 2712 237 2730 ,π
260 2711 288 2738 ς),
329 2712 377 2739 90.

188 2754 220 2757 —
241 2744 286 2765 est
306 2743 365 2766 tem
392 2738 484 2766 oralis
506 2738 651 2766 dominus
672 2739 888 2774 temporalium
910 2746 969 2773 291.

188 2789 221 2792 ψ
242 2773 354 2800 dieitur
385 2773 451 2808 apis
472 2771 536 2801 386.

188 2824 220 2826 —
242 2812 286 2834 est
306 2812 444 2835 centrum
466 2807 624 2835 immobile
645 2806 708 2834 388.

189 2858 221 2860 —
242 2847 286 2869 est
307 2842 464 2877 quodlibet
485 2842 657 2869 membrum
680 2850 768 2869 suum
791 2842 854 2869 262.

189 2892 221 2897 -
243 2876 329 2912 punit
350 2885 406 2912 pro
427 2881 510 2904 reatu
530 2876 659 2904 fratrum
680 2885 727 2912 79.

860 271 1079 303 GENERAL
1101 271 1250 303 INDEX.

1092 375 1282 412 Principium
1303 375 1481 405 dileccionis
1501 376 1617 404 Christi
1638 376 1706 410 304.

1093 411 1197 447 Opera
1235 409 1350 439 Christi
1392 411 1572 440 humanitus
1611 417 1681 439 sunt
1721 420 1736 439 a
1780 412 1922 440 fidelibus

1127 446 1341 481 exemplariter
1361 447 1538 482 exequenda
1559 447 1616 479 158,
1638 447 1695 477 150.

1093 481 1206 508 Christi
1234 481 1427 508 dulcedinem
1455 482 1507 517 qui
1536 482 1610 509 bene
1637 479 1805 517 gustaverit
1831 486 1922 510 terre-

1127 524 1237 556 norum
1255 516 1408 543 bonorum
1423 515 1459 544 de
1476 521 1576 544 cetero
1591 524 1652 544 non
1669 516 1759 553 sentit
1779 525 1921 552 saporem

1127 557 1183 584 ¹37.

1094 587 1196 622 Quare
1213 585 1355 614 Christus
1393 586 1507 622 recepit
1522 591 1553 614 ut
1568 587 1710 622 leprosus
1726 595 1758 614 se
1779 586 1921 614 ostendat

1127 622 1340 648 sacerdotibus
1381 629 1409 648 o.

1091 655 1298 713 T¹s3esgg¹s3³d-US
1314 656 1568 692 desponsacionis
1583 656 1699 684 Christi
1714 664 1783 684 cum
1798 655 1924 684 ecclesia

1128 700 1189 724 μμ,
1211 697 1278 720 ,4().

1092 725 1200 782 3οἔ11111
1223 726 1365 753 Christus
1391 725 1523 753 absolvit
1550 725 1731 761 simpliciter
1757 733 1773 753 a
1799 730 1923 761 peccato

1128 769 1192 787 ‚oz

1094 795 1176 829 Quid
1199 800 1242 822 est
1263 795 1366 822 venire
1387 795 1423 822 ad
1447 794 1607 823 Christum
1629 794 1696 823 386.

1094 830 1224 865 Oportet
1244 830 1401 857 hominem
1424 830 1605 866 profundari
1626 829 1656 857 in
1678 829 1802 857 Christo
1823 828 1887 865 387.

1094 864 1262 899 Quomodo
1283 864 1427 892 Christus
1447 869 1475 892 et
1495 873 1573 900 quos
1593 864 1741 892 iudicabit
1760 864 1821 899 295.

1092 899 1275 932 Exemplum
1297 899 1412 927 Christi
1433 899 1470 926 de
1491 899 1699 926 submissione
1719 897 1783 927 363.

1095 933 1300 989 Ql{?.C¹¹¹'i³10
1317 938 1497 969 competunt
1507 933 1655 961 divinitus
1668 934 1732 961 sive
1744 934 1924 962 humanitus

1151 978 1175 990 ἾἾ

1092 1003 1163 1031 Vita
1184 1003 1298 1031 Christi
1320 1004 1370 1038 qui
1394 1004 1462 1038 plus
1483 1003 1731 1030 scandalizantur
1750 1002 1800 1036 48.

1092 1039 1123 1065 111
1147 1038 1303 1074 primitiva
1325 1038 1451 1065 ecclesia
1472 1038 1605 1073 apostoli
1621 1038 1650 1064 in
1667 1038 1791 1065 nomine
1806 1037 1922 1066 Christi

1129 1073 1324 1108 baptizabant
1345 1081 1407 1106 194·

1094 1110 1197 1142 Quare
1224 1113 1303 1134 secta
1330 1107 1570 1135 christianorum
1599 1111 1728 1134 vocatur
1754 1107 1923 1135 Christiani

1127 1148 1153 1170 et
1175 1151 1234 1169 non
1256 1142 1379 1169 Jesuani
1401 1141 1445 1169 38.

1092 1178 1200 1205 Utrum
1217 1177 1285 1204 licet
1308 1177 1475 1204 christiano
1491 1176 1627 1204 debitum
1651 1176 1820 1204 secundum
1834 1177 1922 1213 ,leges

1127 1213 1278 1239 humanas
1298 1217 1438 1246 expetere
1458 1210 1520 1246 350.

1093 1248 1163 1282 Quo
1203 1247 1290 1273 titulo
1323 1247 1423 1273 clerus
1456 1247 1545 1273 debet
1583 1246 1640 1273 sibi
1675 1246 1755 1273 bona
1793 1245 1920 1274 ecclesie

1127 1282 1289 1309 vendicare
1309 1289 1376 1315 290,
1398 1289 1458 1316 291.

1091 1317 1327 1377 1]Εὲ’1111130101-115
1355 1316 1462 1343 debeat
1489 1315 1713 1351 temporalibus
1742 1315 1921 1343 habundare

1127 1360 1187 1384 ‚ir
1229 1358 1264 1379 13.

1092 1386 1210 1415 Clerus,
1239 1391 1269 1413 ut
1296 1394 1384 1421 pape.
1412 1385 1550 1421 episcopi
1584 1390 1638 1412 etc.
1671 1392 1731 1412 non
1762 1384 1873 1412 debent
1902 1392 1918 1411 a

1127 1421 1316 1460 secularibus
1346 1420 1482 1448 dominis
1510 1424 1690 1456 perpetuam
1718 1419 1919 1446 elemosinam

1126 1464 1263 1491 accipere
1283 1463 1351 1488 402.

1092 1490 1203 1517 Omnis
1230 1491 1329 1532 clerus
1350 1489 1465 1518 Christi
1493 1489 1582 1517 debet
1602 1489 1704 1516 vivere
1725 1489 1818 1516 vitam
1848 1497 1921 1524 pau-

1126 1533 1229 1560 perem
1251 1532 1305 1552 213.

1090 1559 1198 1587 Clerus
1218 1559 1391 1586 contrarius
1411 1558 1468 1593 legi
1490 1557 1606 1586 Christi
1629 1558 1684 1585 156.

1091 1594 1205 1621 Contra
1225 1594 1352 1621 clericos
1373 1593 1496 1620 dotatos
1516 1591 1667 1628 373—378.

1090 1629 1200 1656 Clerici
1221 1629 1343 1664 copiam
1364 1628 1581 1662 temporalium
1603 1627 1778 1654 affectantes
1800 1626 1861 1654 183.

1090 1663 1201 1691 Clerici
1222 1663 1362 1690 moderni
1384 1662 1452 1689 ocio
1474 1662 1589 1689 seducti
1613 1662 1670 1689 162.

1090 1698 1312 1726 Constantinus
1339 1697 1447 1732 pocius
1473 1697 1566 1732 pallio
1593 1701 1705 1732 tegeret
1732 1696 1922 1724 sacerdotem

1124 1733 1327 1760 fornicantem
1349 1740 1441 1767 quam
1463 1736 1620 1759 accusaret
1642 1738 1700 1758 120.

1091 1768 1191 1813 Omne
1216 1767 1396 1795 continuum
1424 1766 1621 1802 componitur
1647 1774 1682 1793 ex
1711 1774 1771 1793 11011
1799 1765 1922 1801 quantis

1125 1803 1185 1830 156.

1089 1837 1174 1895 Licet
1203 1836 1433 1864 communicare
1460 1844 1529 1863 curn
1558 1834 1837 1863 excommunicatis
1857 1834 1919 1870 237,

1125 1874 1186 1903 ab,
1208 1871 1271 1902 230.

1091 1904 1292 1942 Composicio
1313 1906 1425 1933 domus
1446 1904 1617 1940 spiritualis
1638 1912 1709 1938 400.

1090 1941 1353 1977 Concupiscencia
1375 1939 1429 1968 153.
1451 1940 1508 1973 154.

1091 1975 1354 2012 Concupiscencia
1376 1975 1479 2002 illicita
1500 1983 1564 2008 144·
1586 1974 1643 2007 145.

1088 2028 1122 2031 —
1142 2011 1273 2039 carnalis
1293 2018 1342 2044 90.

1091 2045 1322 2074 Condemnacio
1342 2044 1503 2071 temeraria
1524 2051 1583 2076 241.

1091 2080 1312 2109 Consederacio
1332 2079 1536 2114 Anglicorum
1557 2082 1584 2105 et
1604 2078 1832 2106 Almannorum
1862 2076 1918 2105 132.

1090 2115 1253 2143 Confessio
1273 2114 1310 2142 ad
1331 2114 1404 2150 quid
1425 2114 1503 2141 valet
1523 2120 1564 2140 22.

1090 2151 1134 2178 De
1154 2149 1349 2177 confessione
1370 2147 1518 2176 305—310.

1091 2185 1133 2212 De
1154 2183 1347 2211 confessione
1369 2183 1547 2221 presbytero
1567 2181 1707 2209 facienda
1727 2181 1775 2208 80.

1090 2220 1122 2247 In
1145 2218 1338 2246 confessione
1365 2218 1422 2245 tria
1448 2217 1563 2245 faciunt
1590 2221 1781 2251 peccatorem
1810 2216 1919 2243 obmu-

1125 2259 1238 2281 tescere
1260 2251 1317 2286 134.
1614 2285 1619 2289 .

1092 2288 1228 2324 Quilibet
1261 2287 1420 2314 confessor
1446 2285 1564 2313 dubitet
1597 2294 1620 2312 s1
1648 2293 1835 2320 quemquam
1868 2285 1919 2312 ab·

1126 2323 1223 2350 solvat
1243 2331 1259 2349 a
1279 2321 1407 2349 crimine
1427 2319 1486 2355 357.

1092 2358 1221 2417 Qualem
1238 2357 1448 2384 confessorem
1466 2355 1523 2383 sibi
1541 2354 1687 2382 confitens
1704 2354 1792 2381 debet
1806 2353 1917 2389 eligere

1126 2392 1188 2422 sso5,
1210 2390 1276 2419 306.

1090 2427 1211 2489 ¹³3³&OE
1237 2426 1396 2462 quomodo
1424 2425 1534 2452 debent
1559 2423 1696 2452 confiteri
1724 2424 1760 2451 de
1787 2421 1918 2458 peccatis

1142 2468 1186 2489 OD.

1090 2495 1250 2531 Recipiunt
1269 2495 1394 2531 quidam
1416 2494 1497 2530 quod
1519 2501 1580 2521 non
1601 2498 1645 2520 est
1671 2491 1820 2519 sacerdoti
1847 2499 1919 2519 con-

1125 2530 1272 2558 fitendum
1294 2529 1346 2557 sed
1368 2529 1431 2556 Deo
1452 2527 1511 2556 310.

1090 2565 1299 2600 Conglobacio
1321 2564 1488 2591 multorum
1517 2561 1727 2590 dominiorum
1754 2560 1784 2588 in
1811 2559 1916 2588 eadem

1125 2607 1257 2635 persona
1277 2598 1438 2626 confundit
1459 2596 1680 2632 rempublicam
1701 2594 1762 2630 273.

1091 2634 1270 2662 Consensus
1292 2642 1344 2661 sex
1364 2631 1482 2668 species
1503 2640 1548 2667 77,
1570 2630 1617 2666 78,
1639 2638 1703 2665 279.

1090 2668 1263 2696 Consilium
1285 2666 1344 2695 322.

1089 2702 1248 2731 Contricio
1268 2701 1330 2730 283.

1090 2737 1250 2772 Corrigere
1271 2737 1353 2764 Deus
1373 2736 1481 2771 incipit
1501 2745 1516 2762 a
1537 2735 1601 2762 suis
1627 2735 1840 2762 ecclesiasticis
1865 2742 1917 2761 vo-

1124 2772 1199 2800 catis
1219 2771 1328 2799 delicta
1349 2771 1410 2799 tio.

1089 2807 1222 2834 Credere
1243 2806 1272 2833 in
1289 2806 1398 2841 Deum,
1415 2805 1537 2832 credere
1552 2804 1615 2832 Deo
1631 2809 1658 2831 et
1679 2804 1801 2831 credere
1816 2802 1913 2830 Deum

1090 2849 1208 2904 811λᾶὖῇ
1227 2874 1350 2903 credere
1369 2875 1400 2902 in
1420 2874 1519 2902 Deum
1540 2880 1605 2909 297.

1984 3103 2017 3353 wgmnzzvr·
1994 3055 2009 3060 ·.
