2017 3353
278 272 413 302 SERMO
429 261 582 318 xxvnr]
790 271 928 304 PRIMA
960 271 1086 305 PARS.
1809 276 1817 298 ι
1832 263 1882 310 89

278 381 452 419 ostendit
497 380 647 416 mundo
693 377 938 414 humanitus.
986 377 1085 412 Cum
1132 375 1236 412 enirn
1284 385 1375 412 ante
1422 385 1591 413 mortem

281 439 556 475 conversando
596 450 685 473 cum
727 435 921 484 apostolis
955 434 1046 470 fecit
1079 443 1138 470 tot
1172 434 1367 470 miracula
1400 443 1436 471 et
1470 434 1594 470 tercio

279 497 342 533 die
387 505 599 545 postquam
647 503 703 531 est
750 502 932 530 mortuus
976 491 1190 528 resurrexit
1235 501 1271 528 et
1317 492 1436 528 fidem
1482 505 1595 528 suam

279 554 526 602 argumentis
559 552 727 589 totidem
768 550 1020 588 confirmavit
1053 563 1099 587 ac
1132 549 1257 586 tercio
1290 559 1372 587 tam
1415 558 1598 598 patenter

246 618 262 650 5
279 612 470 658 ascendit,
495 624 575 647 non
597 610 764 647 sentitus
789 609 932 645 iterum
957 621 1048 645 cum
1073 607 1302 645 hominibus
1327 607 1597 644 cohabitando

280 671 534 715 descendere,
580 676 689 717 patet
734 669 842 716 quod
888 666 960 702 fuit
999 667 1061 703 νίν
1091 679 1113 702 α
1147 667 1231 702 Deo
1275 667 1514 716 approbatus
1561 674 1597 702 et

279 728 405 764 iustus
438 731 495 774 (ut
528 727 625 764 dicit
664 728 803 762 Petrus
842 726 929 761 Act.
972 727 1015 769 ΙΙ,
1052 728 1131 769 22),
1176 732 1212 760 et
1247 736 1317 772 per
1351 736 1597 772 consequens

279 786 427 822 iustum
480 786 581 822 foret
627 784 684 820 illi
729 785 910 827 credere3
964 782 1054 818 ideo
1107 782 1310 830 signanter
1354 781 1449 818 dicit
1501 782 1597 817 fides

278 844 475 892 scripture
526 856 600 891 pro
652 855 773 879 causa
826 841 933 890 quod
978 840 1150 888 Spiritus
1195 842 1364 876 Sanctus
1414 841 1596 876 mundum

225 919 264 941 ιο
279 910 421 952 arguet
456 903 502 938 de
534 900 695 947 iusticia,
729 899 823 949 quia
855 898 911 935 sic
942 898 1051 935 vadit
1085 899 1132 934 ad
1168 906 1337 946 patrem.

337 961 414 996 Sed
447 958 572 996 tercio
605 967 743 1006 arguet
778 958 973 993 mundum
1007 957 1053 992 de
1076 956 1214 992 iudicio
1236 955 1465 1001 temerario,
1491 956 1598 1004 quod
1667 991 1671 994 ,
1696 956 1748 984 ΙΙΙ-
1771 956 1805 983 of

278 1018 383 1054 facta
416 1016 562 1054 Christi
595 1016 754 1053 sinistre
786 1015 1085 1063 interpretatur,
1120 1014 1289 1050 dicendo
1323 1015 1430 1062 quod
1460 1013 1501 1050 in
1522 1013 1599 1050 vir—
1665 991 1833 1026 Judgment.

279 1085 362 1112 tute
407 1075 588 1112 demonis
633 1074 726 1111 facit
773 1073 953 1110 Christus
999 1085 1070 1110 sua
1115 1072 1327 1114 miracula:
1373 1085 1465 1108 nam
1514 1072 1598 1120 ipse

279 1133 462 1170 diabolus
495 1133 573 1170 iarn
607 1132 805 1169 iudicatus
835 1140 904 1177 est,
935 1131 1029 1179 quia
1060 1139 1270 1179 superatus
1303 1130 1343 1166 in
1376 1129 1599 1167 obstinacia

226 1193 505 1230 15declaratus
545 1200 582 1228 et
620 1191 659 1226 in
698 1189 883 1239 potencia
922 1189 1158 1225 minoratus.
1205 1188 1269 1224 Sic
1308 1188 1412 1225 enim
1453 1187 1599 1224 dicitur

279 1252 404 1298 Apoc.
435 1251 515 1295 XX,
542 1259 578 1295 2,
603 1250 711 1297 quod
735 1248 923 1299 ligabitur
944 1247 1048 1283 mille
1069 1248 1190 1283 annis.
1225 1248 1325 1283 Cum
1350 1246 1455 1283 enim
1481 1247 1599 1282 habet

279 1308 319 1344 in
352 1309 556 1345 voluntate
588 1316 741 1343 tantam
776 1305 979 1343 maliciam
1012 1305 1113 1341 sicut
1146 1304 1268 1353 prius,
1302 1317 1382 1341 non
1409 1313 1465 1340 est
1489 1303 1598 1340 racio

280 1379 404 1415 quare
437 1379 516 1402 non
550 1364 696 1401 resistit
729 1363 876 1401 Christi
909 1363 1114 1411 discipulis
1144 1362 1381 1399 facientibus
1406 1362 1600 1398 miracula

280 1434 317 1460 et
362 1424 502 1460 ceteris
546 1423 692 1460 sanctis
726 1422 1022 1459 declarantibus
1061 1422 1188 1469 legem
1223 1434 1350 1467 suam,
1390 1420 1465 1456 nisi
1506 1420 1599 1468 quia

223 1502 264 1523 20
280 1495 323 1519 ex
346 1482 490 1518 virtute
513 1481 684 1529 Spiritus
700 1480 835 1517 Sancti
860 1480 942 1516 eius
966 1479 1125 1516 malicia
1149 1480 1383 1516 refrenatur.
1418 1481 1466 1514 Et
1490 1487 1600 1526 patet

278 1541 402 1577 tercia
447 1539 616 1576 causalis
655 1551 778 1587 quare
812 1538 983 1587 Spiritus
1022 1539 1192 1574 Sanctus
1235 1545 1377 1588 arguet
1415 1538 1598 1572 mundum

280 1600 326 1635 de
357 1599 509 1643 indicio,
548 1611 637 1634 cum
672 1597 856 1634 diabolus
895 1596 961 1646 qui
1006 1604 1063 1633 est
1107 1596 1292 1644 princeps
1332 1595 1599 1631 mundialium

280 1657 412 1693 taliter
445 1656 657 1692 iudicatur.

338 1717 385 1750 Et
419 1723 528 1762 patet
561 1715 668 1762 quod
700 1713 803 1749 sicut
834 1712 948 1749 Judei
981 1712 1020 1748 in
1052 1721 1235 1760 tempore
1264 1711 1411 1748 Christi
1445 1711 1601 1747 fuerant
1617 1702 1890 1773 Sffilffjgffisssgtihsis

224 1780 264 1814 25
282 1786 324 1809 ex
362 1781 529 1821 peccato
568 1773 674 1820 quod
710 1771 868 1807 Christo
907 1771 1099 1807 adherere
1137 1770 1349 1806 noluerant
1395 1768 1599 1816 arguendi,
1633 1774 1721 1808 triple
1743 1774 1876 1809 reproof.

281 1844 325 1868 ex
370 1830 554 1867 carencia
597 1829 753 1866 iusticie
796 1842 917 1877 quam
963 1841 1007 1865 ex
1048 1828 1129 1865 vita
1163 1827 1310 1864 Christi
1350 1828 1496 1863 habere
1535 1828 1600 1862 de-

282 1891 448 1925 buerant
483 1898 519 1925 et
552 1901 596 1925 ex
628 1887 777 1923 iudicio
800 1886 1016 1923 temerario
1039 1887 1147 1935 quod
1170 1886 1275 1922 facta
1303 1880 1308 1940 Ι
1337 1885 1419 1921 eius
1443 1884 1601 1920 sinistre

281 1955 561 1995 conceperant,
586 1946 641 1982 sic
664 1958 789 1994 usque
812 1944 931 1982 hodie
955 1953 1089 1981 manet
1112 1944 1228 1980 huius
1251 1943 1419 1991 triplicis
1446 1941 1601 1991 peccati

281 2005 490 2053 vestigium
536 2006 643 2053 apud
689 2005 896 2040 mundum.
944 2002 1041 2048 Quis
1094 2002 1199 2039 enim
1245 2001 1371 2038 eciam
1421 2013 1600 2037 summus

225 2071 266 2104 30
282 2065 469 2100 sacerdos
509 2062 674 2099 ecclesie
712 2063 877 2098 adheret
917 2060 1075 2097 Christo
1110 2070 1146 2097 et
1180 2060 1283 2108 patri
1316 2072 1386 2108 per
1420 2071 1600 2095 amorem

281 2132 362 2158 tam
397 2121 523 2157 solide
555 2120 656 2157 sicut
690 2120 831 2156 debet?
863 2122 941 2156 Aut
975 2119 1062 2167 quis
1094 2128 1176 2155 tam
1210 2118 1337 2154 solide
1360 2118 1460 2154 sicut
1485 2118 1601 2153 debet

282 2189 348 2217 aut
394 2179 481 2228 quis
526 2188 608 2216 tam
649 2178 864 2214 efficaciter
904 2177 1010 2226 capit
1056 2176 1202 2214 Christi
1249 2176 1442 2213 miracula
1482 2184 1601 2223 atque

280 2239 400 2274 verba
440 2246 481 2273 ut
519 2238 724 2285 sequendo
764 2236 846 2273 eius
883 2235 1052 2283 vestigia
1091 2236 1159 2271 fiat
1193 2235 1336 2271 iustus?
1373 2234 1443 2270 Vel
1477 2232 1601 2269 tercio

282 2296 370 2344 quis
401 2305 654 2343 satraparum
694 2295 761 2343 qui
800 2294 986 2331 dicuntur
1024 2302 1150 2330 totam
1189 2294 1316 2341 legem
1350 2292 1422 2328 Dei
1456 2293 1602 2328 habere

227 2360 265 2392 35
284 2353 513 2390 humanitus
546 2366 625 2390 non
658 2352 816 2389 sinistre
838 2353 1124 2400 interpretatur
1146 2364 1216 2400 per
1239 2352 1390 2399 glossas
1413 2350 1602 2386 subdolas

284 2412 366 2448 eius
399 2424 522 2459 opera
556 2421 675 2460 atque
709 2412 860 2459 legem?
906 2412 998 2446 ldeo
1032 2410 1194 2446 indubie
1228 2409 1399 2457 Spiritus
1433 2410 1602 2445 Sanctus

283 2470 390 2518 ipsos
414 2469 625 2506 interficiet
650 2469 689 2505 in
714 2469 821 2505 finali
845 2468 994 2505 iudicio
1018 2477 1109 2505 ante
1133 2467 1334 2504 Christum
1369 2468 1427 2515 (ut
1457 2465 1602 2502 dicitur

189 1874 264 1906 Fol.

189 1921 265 1952 162⁰

355 2566 373 2584 1.
397 2558 418 2584 B
439 2557 468 2584 in
491 2565 604 2592 marg:
626 2557 682 2584 Per
702 2561 810 2583 totum.
876 2564 900 2583 2.
924 2556 988 2583 BC:
1011 2556 1113 2583 tercia.
1177 2565 1207 2590 4.
1229 2555 1270 2582 C:
1293 2560 1320 2582 et
1341 2555 1445 2582 tercio.
1511 2553 1535 2581 5.
1556 2554 1600 2580 A:

286 2593 428 2619 sens-itus.
498 2600 531 2621 11,
554 2599 591 2619 12.
613 2592 657 2619 A:
702 2600 740 2618 uo
761 2592 847 2618 sacta.
917 2599 955 2618 12.
978 2591 1043 2618 BC:
1065 2591 1314 2626 interpretantur.
1381 2598 1421 2623 14.
1443 2590 1487 2616 A:
1509 2588 1602 2615 absti-

284 2627 380 2654 nacia.
438 2627 476 2654 18.
498 2628 541 2654 A:
564 2627 680 2653 miracu
696 2635 711 2653 a
732 2626 826 2653 deest.
888 2634 934 2653 20.
957 2626 1023 2653 BC:
1045 2630 1126 2661 patet
1146 2625 1240 2660 quod.
1302 2623 1344 2652 23.
1368 2624 1405 2651 B:
1426 2623 1600 2662 principes:

285 2662 324 2688 ib.
348 2662 368 2688 B
390 2662 419 2689 in
442 2670 555 2697 marg:
576 2661 666 2688 Nota.
793 2661 835 2688 25.
856 2662 900 2688 A:
922 2665 1047 2696 peccato
1067 2669 1138 2700 quo.
1281 2667 1325 2695 27.
1347 2659 1386 2686 ss:
1407 2667 1472 2685 eius
1499 2658 1601 2688 deest:

283 2698 327 2724 A:
356 2697 480 2724 Christi.
583 2695 628 2722 28.
650 2696 671 2722 E
693 2696 722 2722 in
745 2704 858 2730 marg:
887 2696 954 2731 Que
981 2700 1052 2722 sunt
1077 2696 1127 2722 illa
1153 2695 1210 2721 tria
1237 2698 1360 2729 peccata
1387 2701 1445 2728 que
1466 2692 1601 2727 Spiritus

285 2732 417 2760 Sanctus
438 2735 552 2766 arguet.
573 2729 648 2757 Tria
669 2735 738 2757 sunt
754 2735 875 2765 peccata
890 2739 948 2766 que
963 2734 1061 2757 totum
1078 2730 1228 2757 mundum
1244 2729 1455 2767 impleverant.
1494 2734 1541 2762 29.
1558 2728 1600 2753 A:

285 2767 380 2793 eciam
404 2766 496 2793 deest.
623 2763 670 2792 30.
691 2766 735 2801 A:
758 2765 934 2797 adhereret:
964 2765 1003 2791 ib.
1024 2766 1070 2792 A:
1092 2770 1119 2791 et
1140 2768 1255 2800 potest:
1286 2764 1326 2790 lb.
1349 2763 1371 2789 B
1392 2763 1421 2789 in
1444 2769 1558 2796 marg:
1582 2770 1601 2788 1.

284 2800 322 2828 31.
346 2802 367 2828 Β
388 2801 417 2827 in
439 2808 552 2835 marg:
573 2808 605 2831 2:
629 2799 669 2826 ib.
686 2799 751 2826 BC:
774 2800 842 2834 quis
863 2804 925 2826 tam
946 2815 979 2819 ——
999 2799 1088 2826 debet
1109 2799 1202 2826 deest.
1258 2797 1300 2825 33.
1322 2799 1365 2824 A:
1388 2797 1481 2823 tercio
1502 2797 1601 2828 deest;

285 2837 324 2862 ib.
349 2836 370 2862 B
391 2837 419 2862 in
443 2844 556 2870 marg:
577 2834 602 2862 3.
706 2834 752 2868 34.
773 2837 817 2861 A:
839 2834 960 2862 dicitur.
1059 2833 1102 2870 37.
1125 2833 1166 2861 C:
1186 2832 1432 2861 Antichristum:
1463 2831 1502 2857 ib.
1524 2832 1551 2857 A
1572 2831 1601 2857 in

286 2879 398 2906 marg:
433 2871 476 2897 De
505 2869 710 2897 Antichristo.
742 2869 864 2896 Rectius
892 2869 1054 2904 legendum
1089 2874 1179 2904 puto:
1212 2868 1285 2895 Ideo
1314 2866 1438 2893 indubie
1468 2866 1603 2901 Spiritus

286 2906 417 2934 Sanctus
438 2905 596 2932 interficiet
616 2905 647 2932 in
667 2904 749 2933 finali
770 2904 886 2931 indicio
907 2903 1146 2931 Antichristum.
