2017 3353
230 264 307 300 318
802 268 1025 304 JOHANNIS
1044 269 1227 301 wchF
1246 268 1504 300 SERMONUM
1530 254 1682 311 [SERMO
1697 263 1834 291 XLvm.

317 386 409 414 Naim
516 386 647 414 ratum
686 391 708 414 a
748 376 926 414 crimine.
967 376 1082 412 Unde
1120 383 1259 411 notata
1299 373 1466 409 historia
1500 372 1690 420 evangelii
1723 373 1834 409 Jesus

244 419 487 482 ''effffissffiffinthe
515 436 591 471 ibat
624 436 659 471 in
693 436 881 471 civitatem
916 434 1064 484 Naynz,
1098 433 1259 481 quando
1293 431 1454 467 intravit
1486 431 1686 467 novellam
1710 430 1833 467 eccle-

295 490 428 517 clun-ch.
514 494 613 530 siam
659 493 939 538 christianam3
984 491 1070 539 ipsa
1115 491 1218 527 enirn
1266 498 1323 525 est
1368 489 1505 525 civitas
1550 491 1676 536 Naym
1722 489 1830 537 quod

515 552 800 599 interpretatur
838 550 981 586 fluctus
1019 549 1079 585 vel
1118 557 1263 593 motus,
1305 547 1398 595 quia
1432 555 1523 583 ante
1556 546 1830 583 visitacionem

516 609 662 646 Christi
697 608 807 645 fluxit
840 608 879 643 in
911 608 1067 644 hereses
1092 615 1127 642 et
1150 614 1240 654 post
1264 605 1472 641 inherebat
1495 604 1661 652 Spiritui
1686 603 1868 640 Sanct05

518 676 639 703 mota.
673 667 782 702 Ibant
815 673 939 701 autem
974 677 1057 700 cmn
1092 665 1157 700 illo
1191 663 1370 713 discipuli
1399 663 1460 699 sui
1490 670 1524 698 et
1546 663 1658 697 turba
1682 662 1833 711 copiosa

517 725 583 774 qui
617 737 756 761 omnes
794 724 953 760 fuerunt
991 722 1194 759 adiutores
1233 730 1270 758 et
1302 720 1574 758 conversionis
1606 719 1833 768 participes.

518 785 637 819 Porta
670 791 804 819 autem
839 781 1008 818 civitatis
1041 779 1271 816 huiusmodi
1305 788 1362 815 est
1394 778 1581 815 introitus
1615 777 1653 813 in
1677 777 1834 826 religio-

517 854 608 877 nem
642 840 758 877 huius
791 839 968 885 ecclesie,
1004 838 1043 874 in
1067 851 1145 887 qua
1168 846 1285 886 porta
1308 845 1399 873 sunt
1423 835 1537 873 multi
1562 837 1835 872 adolescentes

518 899 666 935 mortui
710 897 983 946 spiritualiter,
1029 896 1122 944 quia
1167 908 1301 932 errore
1345 894 1493 931 recenti
1545 893 1682 930 cecati.
1733 896 1894 930 Namxo

518 957 684 994 ecclesia
728 956 801 992 fuit
844 957 974 992 adhuc
1019 968 1041 991 a
1085 966 1232 1002 sponso
1276 966 1348 989 suo
1394 952 1569 998 viduata,
1614 953 1682 988 sed
1728 964 1835 987 mors

238 1022 482 1061 Clu-istrevivcs
517 1014 839 1052 adolescencium
879 1013 1043 1050 ecclesie
1083 1011 1279 1059 contingit
1318 1010 1549 1059 dupliciter:
1589 1019 1631 1045 ut
1670 1009 1834 1057 quidam

227 1058 501 1120 ¹¹'ebstftsendsftst1¹1¹,¹{¹¹⁸
518 1072 779 1122 predestinati
812 1080 903 1108 sunt
937 1083 981 1107 ex
1012 1069 1146 1118 gracia
1179 1069 1315 1118 sponsi
1349 1068 1582 1113 suscitandi,
1617 1076 1833 1116 antequam

269 1128 459 1154 ¹*‘’¹'⁶¹‘¹¹⁰W¹¹·
517 1133 567 1168 ad
600 1132 828 1179 sepulcrum
861 1129 1040 1170 veniant:
1075 1128 1239 1176 quidam
1273 1135 1406 1163 autem
1437 1125 1598 1174 presciti
1629 1125 1696 1173 qui
1722 1124 1836 1160 multi

518 1198 609 1226 sunt
642 1190 692 1225 ad
724 1189 953 1236 sepulcrum
986 1185 1229 1235 perdicionis
1262 1193 1452 1234 perpetue
1492 1184 1735 1220 deferuntur.
1789 1184 1837 1218 Et
1857 1185 1893 1217 15

518 1248 607 1284 ideo
641 1247 844 1295 signanter
877 1245 1022 1282 dicitur
1055 1245 1163 1293 quod
1196 1243 1428 1280 adolescens
1469 1241 1721 1278 suscitandus
1754 1247 1838 1276 erat

506 1306 618 1356 filius
657 1305 788 1341 unicus
826 1303 964 1340 matris
999 1315 1078 1349 sue,
1116 1311 1201 1338 tum
1241 1301 1334 1350 quia
1373 1302 1422 1337 ad
1465 1299 1660 1336 unitatem
1705 1298 1838 1335 anime

519 1376 595 1412 que
619 1372 675 1399 est
700 1362 881 1400 Christus
914 1360 1162 1410 appropriat,
1197 1368 1280 1395 tum
1306 1358 1432 1395 eciam
1467 1357 1559 1406 quia
1587 1369 1678 1394 care
1702 1356 1837 1404 dilige-

519 1424 635 1458 batur
674 1434 696 1457 a
735 1430 874 1457 sancta
912 1428 1039 1456 matre
1079 1417 1263 1462 ecclesia:
1297 1426 1333 1453 et
1367 1425 1422 1452 est
1455 1416 1700 1461 adolescens,
1746 1414 1839 1462 quia

518 1479 667 1516 forcior
700 1478 739 1515 in
773 1478 939 1515 crimine
973 1477 1105 1525 primo
1139 1484 1299 1512 mortuo
1334 1487 1410 1523 que
1442 1474 1515 1509 fuit
1548 1473 1572 1509 fi
1602 1471 1606 1524 l
1635 1473 1687 1509 lia
1710 1471 1838 1509 archi-
1854 1453 1903 1530 {³⁰

519 1537 708 1585 synagogi
742 1549 863 1585 quam
898 1535 1078 1572 Christus
1111 1533 1370 1570 suscitaverat
1402 1532 1505 1568 infra
1538 1531 1716 1567 domum.
1764 1532 1838 1566 Iste

520 1604 652 1632 autem
687 1595 918 1631 adolescens
951 1602 1083 1642 preter
1117 1590 1477 1628 mortificacionem
1511 1588 1644 1625 anime
1678 1600 1721 1624 ex
1745 1600 1838 1624 con-

520 1666 637 1690 sensu
675 1652 859 1701 procedit
897 1653 947 1688 ad
986 1663 1086 1699 opus
1124 1650 1383 1698 nephandum
1429 1647 1692 1684 extrinsecum
1739 1646 1838 1682 citra

521 1710 853 1748 consuetudinem
893 1722 971 1758 qua
1015 1707 1161 1745 tercius
1206 1715 1388 1743 mortuus
1432 1705 1643 1741 induratur
1678 1703 1839 1752 quadri-

521 1772 676 1806 duanus
707 1769 833 1805 fetens
866 1780 984 1816 quem
1020 1769 1200 1803 Lazarus
1226 1764 1378 1813 tipicat.
1412 1763 1539 1799 Multa
1573 1770 1698 1799 autem
1726 1762 1838 1798 turba
1857 1764 1896 1796 25

521 1828 685 1864 civitatis
717 1840 801 1863 cum
836 1826 949 1862 vidua
982 1825 1111 1873 signat
1143 1831 1304 1860 sanctos
1337 1821 1432 1869 legis
1460 1820 1603 1857 veteris
1627 1819 1695 1869 qui
1718 1819 1839 1856 susci-

518 1885 721 1922 tacionem
756 1883 1023 1921 adolescentis
1057 1890 1299 1926 meruerant,
1334 1881 1504 1916 ferentes
1535 1891 1628 1915 vero
1661 1878 1838 1914 loculum

521 1953 612 1980 sunt
651 1942 950 1979 consencientes
990 1940 1148 1977 crimini
1187 1948 1224 1976 et
1263 1939 1441 1975 iuvantes
1480 1946 1523 1973 ut
1560 1936 1709 1973 feratur
1748 1948 1839 1984 pro-

521 2001 681 2037 fundius
714 2002 764 2037 ad
797 2000 1038 2049 sepulcrum.
1078 1997 1352 2034 Misericordia
1384 2003 1510 2031 antem
1537 1995 1728 2030 Dominus
1759 2006 1838 2029 mo—

524 2068 633 2095 vetur
670 2072 788 2107 super
827 2057 1050 2103 ecclesiam,
1097 2068 1187 2092 cum
1228 2055 1386 2091 Psalmo
1426 2054 1615 2098 CXXX10‚
1663 2052 1705 2088 15
1748 2063 1839 2099 pro·
1857 2052 1899 2084 30

523 2117 643 2153 mittit
677 2117 831 2152 viduam
864 2117 943 2152 eius
974 2115 1195 2151 benedicens
1227 2112 1458 2158 benedicam,
1492 2119 1528 2146 et
1568 2109 1669 2146 sistit
1702 2109 1839 2145 fletum

524 2174 688 2212 ecclesie
721 2187 831 2222 spem
857 2173 1109 2222 promittens.
1150 2171 1289 2221 Tangit
1315 2177 1441 2205 autem
1465 2168 1646 2213 loculum,
1679 2167 1840 2215 quando

524 2233 817 2269 conscienciam
851 2230 1054 2280 peccantis
1086 2229 1212 2276 tangit
1244 2241 1314 2276 per
1346 2226 1521 2275 graciam
1556 2234 1591 2261 et
1625 2224 1841 2272 complices

523 2304 568 2327 ac
608 2292 782 2327 fautores
825 2289 1003 2326 criminis
1043 2287 1238 2324 desistunt
1277 2298 1320 2322 ex
1358 2284 1429 2321 Dei
1474 2282 1749 2319 misericordia
1794 2283 1841 2318 de

524 2361 731 2385 consensu.
766 2350 814 2383 Et
847 2347 901 2383 ait
930 2346 1094 2383 ecclesie
1127 2354 1169 2380 ut
1199 2352 1333 2391 surgat
1364 2355 1386 2379 a
1410 2341 1589 2387 crimine,
1624 2349 1839 2388 antequam
1859 2341 1897 2373 35

524 2407 750 2443 induretur:
786 2405 1056 2450 Penitenciam,
1088 2401 1230 2451 inquit,
1258 2402 1375 2451 agite,
1399 2398 1721 2450 appropinquabit
1743 2398 1839 2434 enim

524 2477 688 2515 regnum
728 2464 898 2499 celorum
938 2461 1103 2498 Matthei
1143 2462 1228 2496 1110.
1274 2460 1326 2495 Et
1364 2458 1505 2494 resedit
1549 2470 1638 2493 cum
1683 2455 1840 2500 virtute,

525 2524 619 2558 dum
654 2521 804 2569 colligit
828 2519 1102 2557 constanciam
1128 2527 1164 2553 et
1189 2531 1210 2554 a
1232 2517 1343 2553 viciis
1367 2516 1610 2564 supersedet.
1647 2513 1842 2562 Loquitur

525 2589 658 2616 autem
693 2579 763 2615 Dei
797 2577 1010 2626 magnalia,
1047 2577 1208 2624 quando
1242 2577 1442 2611 detestans
1475 2573 1577 2609 vicia
1610 2571 1841 2619 magnificat

594 2725 619 2754 3.
640 2734 669 2758 4.
691 2726 734 2752 A:
758 2732 815 2759 que
836 2722 1061 2757 interpretatur.
1136 2728 1161 2759 7.
1184 2721 1226 2747 A:
1249 2727 1305 2755 que
1327 2727 1444 2745 omues
1520 2717 1546 2747 S„
1569 2725 1597 2752 9.
1619 2716 1662 2743 A:
1685 2715 1838 2749 regionem

526 2760 626 2787 liuius.
694 2768 734 2788 ιω,
758 2767 790 2785 11.
812 2758 856 2784 A:
878 2765 912 2783 eo
934 2756 1015 2791 quod
1038 2755 1174 2782 ecclesia.
1242 2761 1279 2781 12.
1300 2754 1328 2780 A
1349 2753 1378 2780 in
1401 2760 1514 2786 marg:
1538 2760 1557 2778 1.
1624 2759 1665 2783 14-
1687 2750 1730 2776 A:
1754 2749 1838 2776 multi

526 2796 619 2822 deest.
725 2802 763 2828 17.
785 2794 828 2819 A:
852 2792 952 2818 anime
974 2790 1067 2817 det-sl.
1177 2798 1218 2823 15).
1241 2790 1284 2815 A:
1307 2792 1351 2814 est
1371 2787 1464 2814 deest.
1568 2793 1613 2812 ¹20.
1635 2786 1679 2811 A:
1702 2784 1751 2819 qui
1774 2783 1839 2810 suit.

526 2837 564 2856 21.
586 2830 629 2856 A:
653 2828 787 2855 suscitat.
850 2826 895 2853 30.
918 2826 960 2852 A:
984 2824 1105 2851 CXXXI
1129 2824 1222 2850 deest.
1285 2822 1328 2849 32.
1350 2822 1418 2849 AB:
1442 2821 1664 2859 promittentes.
1729 2818 1773 2853 37.
1795 2819 1838 2844 A:

525 2863 566 2890 III
586 2864 685 2896 deest3
716 2863 756 2890 ib.
778 2862 821 2888 A:
845 2860 957 2888 recedit
977 2868 1045 2886 cum
1068 2859 1177 2885 virtute
1199 2857 1322 2885 Domini
1344 2856 1470 2891 colligit.
1553 2854 1597 2881 3⁸.
1621 2854 1659 2880 C:
1683 2852 1840 2879 conscicn-

526 2898 620 2932 eiam;
651 2898 690 2924 ib.
713 2898 755 2923 A:
777 2894 959 2931 supersedit.
