2017 3353
128 283 147 308 KQ

159 274 175 308 ’.ω

194 287 206 306 „A

703 278 926 311 JOHANNIS
947 278 1131 309 Wchr·
1153 276 1410 308 SERMONUM
1438 264 1589 318 [SERMO
1606 271 1731 299 XXXV-

415 395 545 424 autem
583 385 763 422 Christus
808 385 859 419 ad
903 397 1008 420 ovem
1055 384 1264 432 illamque
1292 383 1482 432 perierat,
1528 380 1731 417 dimittens

414 453 599 481 naturam
639 442 859 491 angelicam
901 441 1192 490 inassumptam
1239 450 1275 477 et
1321 452 1527 477 assumens
1569 441 1615 475 de
1660 452 1732 475 ove

416 504 606 539 salvanda
638 500 871 549 ypostasim,
918 509 959 535 ut
998 499 1062 536 ille
1102 499 1168 548 qui
1208 512 1288 535 non
1327 497 1458 546 potuit
1491 510 1658 546 peccare
1693 497 1730 533 in

416 560 580 609 propria
625 571 796 607 persona
833 559 901 594 sed
940 557 1073 606 puniri
1113 570 1185 605 pro
1219 570 1290 593 ove
1324 556 1391 592 illa
1430 568 1506 604 que
1538 554 1730 603 peccavit.

416 621 483 655 sed
517 618 644 666 ipsam
680 616 876 653 redimere
909 629 989 652 non
1023 615 1166 664 potuit,
1192 615 1457 653 satisfaceret:
1491 614 1667 649 secundo
1691 615 1766 649 ut5

415 677 498 713 ovis
551 676 625 712 ista
677 674 879 711 Christum
933 683 1140 722 tamquam
1196 685 1408 721 personam
1462 671 1521 708 sui
1579 670 1733 719 generis

414 734 572 772 notorie
626 734 827 769 balantem
883 741 1154 780 cognosceret,
1207 740 1243 767 et
1287 730 1411 767 tercio
1456 739 1498 766 ut
1547 729 1730 766 ultimam

415 794 610 829 facturam
645 804 758 827 suam
783 792 999 826 secundum
1026 789 1212 826 ultimum
1236 788 1385 826 fabrice
1419 800 1487 824 sue
1510 787 1731 836 perficeret.

161 858 356 897 rssxdam'ssm
417 853 545 896 Quam
592 848 862 885 necessarium
909 861 1002 896 ergo
1042 847 1115 884 fuit
1147 848 1231 884 Ade
1270 855 1480 895 peccatum
1521 845 1732 882 occasione

148 896 377 955 ἊῘῇζἽιῙῖζζζιῖὙ
416 908 527 945 cuius
566 907 621 944 sic
660 920 782 955 genus
821 906 1029 942 hominum
1072 906 1277 942 exaltatur.
1319 905 1443 941 Ovem
1484 917 1576 952 ergo
1616 903 1731 940 istam
1755 915 1791 937 10

416 966 563 1003 invenit
596 965 668 1001 iste
701 966 823 1001 homo
856 964 1082 1013 specialiter
1104 964 1144 1000 in
1167 963 1393 1000 humilitate
1425 963 1539 999 beate
1571 961 1733 1010 virginis

417 1034 453 1061 et
487 1026 534 1060 de
568 1023 653 1072 ipsa
687 1036 847 1059 carnem
883 1035 1088 1059 assumens
1121 1023 1340 1069 gaudenter
1374 1029 1410 1057 et
1443 1029 1628 1069 potenter
1660 1019 1733 1055 im-

418 1082 529 1131 ponit
581 1081 621 1118 in
674 1081 862 1120 humeris,
916 1080 1009 1129 quia
1062 1081 1220 1116 Psalmo
1258 1081 1414 1125 XV1110‚
1474 1080 1495 1115 6
1548 1080 1595 1114 de
1645 1078 1732 1126 ipso

416 1140 622 1177 scribitur:
668 1140 876 1176 Exultavit
919 1147 959 1174 ut
1000 1139 1120 1189 gigas
1157 1138 1209 1174 ad
1247 1137 1480 1174 currendum
1528 1137 1639 1172 viam.
1685 1138 1733 1172 Et

417 1212 506 1235 cum
548 1211 708 1235 cursum
749 1196 865 1233 huius
904 1195 1243 1245 peregrinacionis
1277 1194 1537 1244 compleverit
1573 1193 1790 1231 veniens&

417 1259 581 1293 domum
616 1268 686 1304 per
719 1254 1007 1299 ascensionem,
1040 1262 1224 1291 convocat
1254 1254 1398 1290 amicos
1425 1248 1430 1307 Ι
1458 1262 1539 1289 tam
1573 1252 1735 1300 angelos
1750 1243 1831 1305 ¹:9¹3)

418 1328 538 1364 quam
572 1314 734 1363 spiritus
767 1313 976 1362 utriusque
1009 1312 1104 1361 legis
1137 1324 1206 1349 sue
1246 1311 1381 1348 dicens
1414 1311 1509 1348 illis:
1555 1311 1734 1361 Congra-
1754 1289 1816 1321 ¹⁰8

417 1373 594 1409 tnlanzini
636 1372 764 1417 michi,
807 1372 893 1421 qnia
938 1384 1044 1408 ovem
1090 1371 1286 1420 perditam
1332 1377 1367 1406 et
1410 1369 1489 1406 iam
1540 1369 1733 1406 salvatam

418 1431 552 1467 inveni.
587 1431 685 1466 Dico
730 1437 855 1466 antem
902 1430 1006 1465 robis
1051 1429 1136 1478 quia
1176 1428 1226 1464 ita
1264 1428 1451 1479 gaudium
1491 1435 1547 1463 est
1585 1427 1621 1462 in
1654 1427 1733 1463 celo

419 1501 537 1537 super
582 1490 758 1525 humano
803 1500 958 1536 genere,
1005 1488 1112 1536 quod
1151 1488 1370 1523 secundum
1410 1498 1530 1521 unam
1577 1494 1732 1533 partem
1750 1497 1791 1518 20

420 1556 476 1584 est
510 1556 699 1595 peccator
732 1555 767 1582 et
800 1558 919 1594 agens
953 1544 1220 1594 penitenciam
1254 1545 1473 1581 secundum
1514 1542 1735 1591 quamlibet

421 1605 502 1642 eius
547 1614 717 1653 partem,
771 1605 818 1640 de
871 1603 957 1651 ipso
1013 1613 1069 1639 est
1116 1602 1243 1639 maius
1288 1601 1477 1650 gaudium
1524 1600 1649 1638 eciam
1695 1600 1735 1636 in

142 1671 386 1711 1’;11·21b1901'1119
419 1663 605 1700 omnibus
640 1662 788 1710 angelis
825 1675 943 1710 quam
995 1674 1113 1709 super
1156 1660 1413 1697 universitate
1453 1672 1596 1696 novem
1629 1658 1736 1695 ordi-

155 1709 376 1769 ¹⁶¹¹&ssme
418 1735 513 1759 num
553 1721 786 1769 angelorum
828 1720 892 1769 qni
927 1732 999 1755 non
1040 1720 1213 1769 indigent
1245 1718 1473 1768 penitencia,
1513 1730 1602 1754 cum
1637 1729 1736 1753 nun-

420 1793 539 1829 quam
586 1787 865 1828 peccaverant.
919 1778 1102 1814 Secunda
1147 1777 1341 1825 parabola
1385 1785 1441 1812 est
1488 1777 1533 1812 de
1577 1775 1738 1811 muliere
1754 1777 1793 1809 25

419 1839 578 1874 habente
617 1838 743 1873 decem
785 1837 975 1886 dragmas
1008 1848 1083 1884 que
1116 1848 1237 1871 unam
1271 1833 1470 1884 perditam
1512 1832 1641 1882 querit
1673 1845 1737 1869 ac-

419 1897 626 1933 cendendo
660 1896 865 1931 lucernam
902 1903 938 1930 et
972 1902 1150 1930 evertens
1185 1894 1349 1929 domum
1386 1901 1422 1928 et
1454 1891 1612 1928 inventa
1650 1890 1736 1939 ipsa

420 1956 585 2002 dragma
619 1954 843 2001 congaudet
877 1953 998 1988 modo
1033 1964 1111 2000 quo
1150 1964 1283 1999 supra.
1318 1949 1461 1987 Mulier
1495 1958 1627 1986 autem
1661 1948 1736 1985 ista

420 2021 476 2049 est
508 2011 711 2060 sapiencia
744 2010 816 2047 Dei
849 2010 985 2058 patris.
1012 2011 1158 2046 Decem
1184 2010 1346 2056 dragme
1379 2017 1468 2044 sunt
1500 2006 1736 2044 universitas

420 2072 557 2107 decem
599 2082 787 2118 generum
828 2077 968 2105 nature
1008 2067 1221 2105 racionalis
1261 2075 1410 2111 create3
1451 2067 1616 2114 dragma
1648 2077 1736 2113 per·
1754 2067 1796 2100 30

420 2129 503 2165 dita
541 2137 598 2164 est
637 2140 759 2176 genus
798 2128 1019 2163 humanum
1059 2125 1114 2162 sic
1154 2124 1410 2173 dampnabile
1449 2137 1522 2173 pro
1555 2132 1736 2172 peccato,

420 2188 583 2223 lucerna
623 2198 791 2222 accensa
831 2193 887 2221 est
921 2183 1068 2221 Christi
1109 2182 1350 2227 humanitas,
1391 2181 1430 2218 in
1471 2195 1548 2230 qua
1587 2182 1737 2218 relucet

422 2244 504 2281 eius
543 2243 668 2280 deitas
708 2252 751 2279 ut
790 2244 853 2279 lux
884 2255 990 2287 vera,
1032 2243 1174 2278 domus
1209 2239 1359 2277 eversio
1393 2248 1449 2276 est
1482 2239 1631 2276 fabrice
1664 2238 1735 2275 Dei

421 2301 628 2338 ordinacio
672 2301 850 2349 undique
894 2301 1054 2340 salvate,
1101 2307 1144 2335 ut
1189 2300 1310 2334 homo
1355 2297 1422 2346 qui
1474 2297 1545 2333 fuit
1595 2296 1737 2333 ultima

422 2360 504 2396 eius
548 2359 699 2396 fabrica
744 2359 812 2395 fiat
858 2357 1105 2395 circulariter
1144 2358 1249 2393 Deus
1289 2355 1384 2404 ipse,
1426 2364 1462 2392 et
1501 2355 1556 2392 sic
1595 2357 1738 2391 domus
1755 2356 1794 2389 35

421 2416 690 2454 universitatis
724 2425 855 2453 create
888 2415 960 2452 fuit
983 2415 1115 2464 primo
1138 2423 1181 2450 ut
1204 2414 1307 2451 linea
1331 2422 1452 2453 recta,
1486 2415 1553 2450 sed
1577 2414 1738 2461 quando

423 2476 511 2512 finis
545 2484 580 2511 et
613 2474 856 2523 principium
889 2472 1111 2522 ypostatice
1144 2481 1234 2508 sunt
1268 2471 1494 2517 coniuncta,
1527 2470 1600 2507 fuit
1633 2470 1739 2507 dicta

422 2533 658 2570 universitas
682 2533 786 2569 facta
808 2532 980 2568 circulus
1005 2540 1040 2567 et
1064 2530 1118 2567 sic
1142 2543 1212 2578 per
1228 2529 1375 2567 Christi
1399 2528 1737 2573 incarnacionem,

424 2591 535 2628 cuius
580 2590 807 2628 humanitas
854 2589 1035 2626 consistit
1080 2588 1119 2625 in
1164 2597 1348 2637 quatuor,
1396 2587 1523 2624 dictus
1569 2586 1739 2623 circulus

492 2772 519 2797 (ἰ.
537 2773 580 2799 A:
603 2772 761 2798 Christum
783 2771 876 2797 det—si.
935 2778 975 2803 ¹4-
998 2771 1041 2796 A:
1065 2770 1142 2796 xiam
1166 2774 1219 2796 etc.
1278 2768 1313 2795 15.
1337 2768 1376 2795 C:
1399 2766 1573 2794 comulevit.
1631 2766 1672 2793 16.
1694 2767 1737 2792 A:

423 2808 561 2834 demum.
635 2814 675 2837 ιο.
697 2806 753 2835 ita:
784 2805 824 2832 ib.
847 2805 890 2831 A:
914 2813 966 2839 per
986 2804 1149 2838 gaudium:
1180 2804 1218 2831 ib.
1243 2803 1307 2830 BC:
1330 2803 1358 2829 in
1381 2803 1444 2829 celo
1487 2807 1558 2828 cest.
1626 2808 1671 2827 20.
1693 2801 1736 2827 A:

423 2842 493 2876 qnia
514 2839 693 2867 secundum.
801 2847 839 2866 21.
860 2840 904 2866 A:
928 2844 1135 2873 pcccatorum.
1243 2845 1286 2865 22.
1309 2838 1352 2864 A:
1374 2837 1442 2872 ipso
1462 2841 1579 2867 autem:
1609 2835 1649 2862 ib.
1671 2834 1736 2862 BC:

424 2875 520 2911 magis
540 2875 696 2913 gaudium.
779 2873 821 2901 23.
844 2874 881 2900 B:
904 2873 1146 2900 universitatem.
1228 2872 1271 2899 25.
1292 2873 1336 2899 A:
1358 2875 1543 2906 peccaverat.
1625 2868 1669 2896 28.
1691 2870 1735 2896 A:

423 2915 521 2938 autem
543 2918 619 2946 ipsa.
675 2917 721 2945 29.
742 2909 786 2936 A:
809 2913 877 2935 sunt
899 2907 992 2935 deest.
1059 2906 1101 2936 33.
1117 2909 1161 2935 A:
1184 2906 1337 2934 divinitas.
1393 2904 1435 2934 35.
1457 2905 1495 2932 B:
1517 2904 1560 2932 sic
1580 2904 1735 2932 dominus.
