2017 3353
193 264 272 311 278
773 263 995 297 JOHANNIS
1017 261 1198 293 WYCLIF
1218 258 1474 291 sERMONUM
1533 242 1686 300 [SERMO
1708 252 1800 280 xm.

481 372 766 424 possessionati
799 384 871 407 nec
904 370 1123 406 secundum
1164 379 1309 415 corpus
1349 377 1421 401 nec
1460 364 1677 400 secundum
1719 361 1803 398 ani-

482 446 589 470 mam
623 440 713 468 sunt
736 431 825 479 plus
849 427 1001 465 habiles
1025 427 1075 463 ad
1100 425 1265 462 ecclesie
1288 423 1616 473 promerendum,
1651 428 1688 456 et
1713 432 1801 455 cum

482 491 663 538 obligant
695 501 735 525 se
769 489 819 525 ad
851 487 939 535 plus
963 485 1211 529 merendum,
1245 482 1402 519 videtur
1432 481 1539 529 quod
1564 478 1742 526 obligant
1765 489 1805 513 se

483 551 533 587 ad
557 547 787 596 oppositum
812 545 851 581 in
874 543 1052 589 adiect03
1086 541 1306 590 prudencia
1339 552 1432 587 ergo
1466 539 1567 574 foret
1591 549 1636 573 ac
1660 537 1807 572 elemo-

484 607 569 644 sina
593 604 887 653 obligacionem
912 602 1022 638 illam
1047 602 1262 637 destruere.
1288 601 1336 634 Et
1355 610 1399 633 ex
1422 597 1497 632 isto
1520 595 1677 631 videtur
1700 593 1810 641 quod
1825 596 1840 627 5

485 665 713 714 quicunque
746 663 834 710 plus
875 659 982 708 capit
1023 660 1070 694 de
1108 656 1398 706 temporalibus
1439 667 1559 703 quam
1599 659 1809 700 promovet

487 725 537 761 ad
576 722 659 759 eius
701 718 967 756 ministerium
1001 725 1043 753 ut
1076 716 1131 752 sic
1170 724 1322 764 peccat.
1364 715 1441 750 Sed
1480 712 1581 748 sicut
1620 708 1810 759 grandevi

488 780 583 818 facti
617 779 858 827 impotentes
892 787 1061 824 corpore
1095 773 1221 822 magis
1255 775 1302 809 de
1335 771 1449 808 bonis
1473 769 1545 807 Dei
1569 776 1811 806 consumunt

489 839 545 876 sic
579 839 723 874 debent
757 835 882 883 magis
916 833 1034 870 matri
1068 844 1136 869 sue
1169 831 1377 880 proficere.
1407 832 1489 866 Nec
1513 826 1678 864 dubium
1703 825 1810 875 quin,

490 906 533 933 ut
572 895 695 944 aliqui
730 893 856 941 magis
889 900 1057 941 prosunt
1091 889 1254 927 ecclesie
1289 887 1413 936 magis
1446 887 1666 923 secundum
1697 883 1813 932 spiri-
1834 895 1872 916 [ο

203 965 247 992 He
272 963 343 990 who
371 961 476 1009 profits
491 955 598 991 tuale
631 951 877 1000 suffragium,
911 958 1080 999 prosunt
1113 947 1275 984 cuilibet
1309 946 1390 983 eius
1413 956 1594 994 persone,
1629 951 1673 979 ut
1704 950 1815 991 patet

234 996 451 1069 ρῖξῗζῇξῂὲξὲἒζ
493 1026 537 1050 ex
568 1012 605 1048 vi
639 1007 1024 1048 communicacionis
1057 1015 1288 1043 sanctorum
1322 1004 1361 1040 in
1395 1001 1704 1051 comparacione
1737 1000 1815 1048 spi-

221 1068 358 1097 member
378 1066 459 1093 ofit.
494 1069 648 1107 ritualis
681 1066 962 1117 prodessencie
994 1067 1045 1103 ad
1079 1065 1294 1102 carnalem.
1328 1062 1417 1099 Alia
1450 1070 1584 1098 autem
1618 1068 1675 1096 est
1707 1058 1816 1095 racio

496 1142 539 1166 ex
561 1126 831 1165 sollicitudine
855 1127 990 1161 dotate
1013 1123 1178 1160 ecclesie
1194 1122 1299 1159 circa
1315 1120 1506 1157 alimenta
1528 1127 1565 1155 et
1587 1125 1818 1165 tegumenta

495 1187 714 1224 secundum
749 1197 869 1233 quam
904 1195 947 1220 ex
980 1181 1184 1229 evangelio
1217 1178 1384 1216 Matthei
1415 1179 1486 1214 VlO
1522 1175 1729 1213 manifeste
1761 1174 1814 1210 in·
1839 1174 1875 1208 15

497 1245 640 1289 ficitur,
673 1256 766 1280 nam
802 1241 953 1290 exigere
986 1238 1283 1276 multitudinem
1317 1235 1530 1273 sollicitam
1564 1235 1614 1271 ad
1647 1232 1821 1270 custodi-

499 1305 645 1340 endum
684 1301 807 1338 vitam
860 1312 972 1336 suam
1014 1299 1119 1334 ultra
1158 1298 1234 1334 hoc
1276 1296 1384 1345 quod
1422 1295 1601 1330 fecerunt
1641 1291 1820 1329 Christus

499 1370 567 1400 aut
600 1360 682 1398 eius
715 1358 888 1408 apostoli
920 1358 1022 1394 foret
1054 1355 1283 1392 sollicitudo
1322 1354 1411 1402 plus
1445 1351 1656 1400 culpanda.

982 1492 1176 1535 SERMO
1218 1491 1345 1532 XLII.

565 1594 660 1630 Cum
694 1591 1025 1642 appropinquaret
1045 1589 1156 1624 Jeszts
1176 1585 1448 1623 Jerosolimam
1473 1584 1604 1620 videns
1632 1581 1821 1618 civitatem
1839 1592 1881 1615 20

494 1652 608 1705 flevit
640 1663 758 1701 super
790 1649 909 1685 illam.
946 1649 1051 1684 Luce
1083 1647 1205 1691 X1X0‚
1239 1657 1309 1690 41.

232 1720 293 1748 We
313 1717 465 1765 oughtqall
562 1713 712 1747 Notata
744 1706 909 1744 historia
945 1713 1083 1754 patent
1116 1703 1193 1740 tria
1227 1703 1276 1739 ad
1311 1699 1613 1738 edificacionem
1660 1696 1824 1734 ecclesie

216 1755 489 1823 ῙᾏᾸὲθξζεὶῗζῃῖῖῃ
507 1768 763 1813 attendenda,
798 1764 929 1814 primo
964 1762 1170 1812 quomodo
1205 1759 1372 1810 quilibet
1404 1757 1532 1794 fidelis
1565 1757 1681 1793 debet
1714 1755 1825 1803 plan-

243 1825 292 1852 for
311 1831 368 1850 our
389 1829 468 1849 own.
508 1839 599 1876 gere
631 1833 797 1874 peccata
830 1835 901 1859 sua
935 1831 971 1858 et
1003 1820 1155 1870 populi,
1191 1832 1281 1855 cum
1314 1815 1503 1870 'Christus
1548 1814 1616 1863 qui
1659 1824 1826 1862 peccare

508 1898 589 1922 non
622 1882 753 1933 potuit
785 1881 911 1918 tribus
933 1879 1085 1917 vicibus
1109 1878 1164 1914 ita
1187 1876 1291 1913 fecit.
1326 1875 1454 1912 Maior
1478 1881 1611 1910 autem
1637 1880 1694 1908 est
1718 1870 1827 1907 racio
1845 1871 1884 1905 25

508 1944 569 1980 vel
612 1943 756 1979 saltem
808 1938 1008 1988 proprior,
1059 1937 1166 1972 unde
1210 1946 1381 1983 persona
1426 1930 1580 1980 peccati
1627 1929 1828 1978 particeps

511 2002 628 2038 debet
661 2000 796 2036 dolere
830 1998 877 2033 de
911 1995 1077 2033 crimine
1111 2006 1230 2043 quam
1267 1991 1433 2029 omnino
1462 1988 1652 2026 immunis
1682 1989 1730 2024 ab
1761 1987 1828 2022 illo

511 2058 646 2108 gracia
678 2069 780 2106 pene
813 2054 976 2092 alterius
1010 2066 1055 2090 ex
1087 2064 1225 2089 amore
1261 2051 1419 2093 dolens3
1466 2048 1573 2084 unde
1617 2053 1828 2095 peccatum

513 2116 663 2154 desidie
697 2114 1007 2162 dissequendum
1043 2110 1246 2148 Christum
1280 2108 1319 2144 in
1352 2107 1428 2143 isto
1453 2106 1592 2142 dolore
1617 2114 1673 2140 est
1706 2115 1830 2139 unum

514 2177 561 2212 de
594 2172 869 2211 subtilioribus
903 2180 940 2207 et
973 2166 1318 2206 communioribus
1342 2163 1516 2213 peccatis
1547 2175 1624 2211 que
1649 2161 1832 2198 diabolus
1849 2163 1890 2196 30

514 2231 747 2270 introduxit.
801 2232 874 2266 Per
929 2229 1005 2265 hoc
1050 2226 1155 2263 enirn
1206 2223 1422 2262 offenditur
1467 2229 1607 2258 contra
1655 2219 1832 2268 primum

517 2292 753 2327 mandatum
799 2285 992 2334 decalogi.
1044 2286 1120 2320 Pro
1165 2295 1244 2331 quo
1295 2279 1504 2329 supposito
1560 2278 1600 2314 in
1656 2276 1834 2326 quolibet

517 2356 683 2398 peccato
717 2355 754 2383 et
782 2343 941 2382 nonnisi
970 2342 1133 2380 racione
1166 2338 1321 2389 peceati
1350 2339 1393 2374 fit
1417 2340 1501 2374 Deo
1525 2335 1693 2373 offensio
1717 2344 1836 2382 atque

518 2405 676 2444 iniuria.
711 2404 896 2441 Secundo
929 2399 1138 2450 supposito
1172 2399 1280 2447 quod
1302 2397 1390 2446 plus
1414 2404 1524 2432 mota
1541 2395 1630 2443 plus
1654 2392 1837 2441 displicet

590 2549 620 2573 4,
637 2539 662 2568 5.
684 2538 750 2567 BC:
773 2538 810 2565 ab
831 2536 998 2564 elemosina
1018 2534 1218 2570 obligacione.
1287 2532 1310 2560 5.
1332 2533 1375 2559 A:
1399 2536 1426 2558 et
1447 2531 1545 2559 deest:
1566 2529 1606 2556 ib.
1622 2530 1650 2555 A
1671 2528 1699 2555 iu
1723 2535 1836 2561 marg:

523 2574 702 2603 Conclusio.
810 2571 838 2599 6.
859 2573 887 2599 A
914 2572 944 2598 in
976 2568 1096 2605 margi
1121 2569 1174 2596 inf.
1202 2569 1252 2596 fol⁴
1283 2568 1360 2595 1-2‘1:
1395 2565 1487 2601 Quod
1518 2565 1658 2591 dotantes
1687 2567 1713 2589 et
1743 2561 1837 2588 dotati

523 2610 704 2638 altrinsecus
724 2608 754 2635 in
775 2606 911 2634 dotando
932 2611 1003 2632 sunt
1024 2604 1152 2639 decepti.
1237 2611 1263 2637 7.
1285 2585 1328 2629 A:
1351 2601 1411 2629 Sed
1433 2601 1463 2627 fit
1484 2599 1641 2633 grandem.
1721 2605 1749 2632 ς).
1772 2596 1836 2623 BC:

525 2645 576 2672 sed
599 2644 719 2671 debent.
794 2650 833 2669 10.
850 2642 893 2668 A:
917 2644 1046 2676 prosunt
1067 2655 1099 2658 —
1120 2638 1218 2673 magis
1234 2638 1327 2664 deest.
1402 2643 1440 2662 12.
1458 2633 1524 2661 BC:
1545 2638 1573 2660 ct
1593 2631 1837 2667 comparncioue.

526 2688 567 2715 19.
590 2679 639 2706 BC
666 2679 695 2705 in
723 2685 836 2711 marg:
865 2675 1027 2702 Dominica
1056 2673 1191 2702 decima:
1222 2672 1262 2699 ib.
1285 2671 1324 2699 C:
1356 2675 1427 2705 post
1447 2667 1618 2696 Trinitatis.
1726 2673 1772 2692 20.
1793 2666 1837 2692 A:

526 2713 817 2749 appropinquasset.
849 2710 995 2745 Vulgate:
1035 2708 1073 2735 Et
1095 2712 1126 2735 ut
1145 2706 1415 2743 appropinquavit,
1443 2703 1547 2731 videns
1572 2702 1732 2732 civitatem,
1754 2699 1842 2737 flevit

525 2756 620 2782 super
641 2748 734 2774 illam.
807 2753 850 2773 22.
873 2744 917 2779 sz
935 2744 1048 2771 Notata
1069 2752 1103 2769 cx
1125 2742 1262 2769 historia.
1337 2739 1379 2767 23.
1400 2741 1428 2767 A
1448 2738 1477 2765 iu
1500 2745 1612 2771 marg:
1637 2744 1656 2763 1.
1729 2738 1774 2761 20.
1797 2733 1838 2760 C:

528 2784 634 2810 saltem
657 2781 752 2817 prior.
825 2788 870 2815 27.
890 2779 993 2806 28.A:
1015 2778 1052 2804 ab
1073 2777 1123 2804 illo
1145 2785 1220 2815 pure
1241 2785 1275 2802 cx
1296 2774 1420 2801 alterius
1441 2781 1554 2800 amore.
1610 2779 1658 2806 29.
1679 2771 1722 2797 A:
1745 2768 1839 2795 dissc-

529 2817 653 2853 quendi.
725 2814 765 2844 31.
785 2815 831 2843 A:
852 2812 1037 2848 introducit3
1058 2812 1098 2839 ib.
1120 2812 1149 2839 A
1168 2819 1199 2838 ln
1220 2818 1335 2845 marg:
1357 2817 1376 2836 1.
1450 2806 1497 2840 34.
1518 2808 1547 2834 A
1566 2806 1596 2833 in
1617 2812 1730 2839 marg:
1752 2811 1778 2830 2.

605 2899 655 2932 19.
680 2888 732 2921 Cf.
752 2886 914 2930 Wyclif's
940 2886 1106 2918 Sermons
1133 2884 1186 2915 ed.
1214 2883 1259 2925 by
1285 2881 1418 2913 Arnold
1445 2881 1468 2919 1,
1498 2888 1646 2920 24—27.
