2017 3353
174 307 224 341 86
761 315 986 347 JOHANNIS
1005 314 1190 347 WYCLIF
1217 315 1475 349 sERMONUM
1520 304 1677 358 [SERMO
1698 313 1779 342 xm.

521 423 570 457 Et
603 422 718 457 debet
755 431 940 468 reputare
981 430 1101 470 atque
1142 433 1369 469 proponere
1408 424 1518 471 quod
1558 422 1612 460 ita
1647 423 1775 469 faciet,

464 489 501 516 et
535 478 590 515 sic
623 491 714 526 spes
748 479 914 516 resultat
960 491 1004 515 ex
1052 480 1210 515 duobus
1248 479 1402 516 actibus
1454 482 1555 517 adeo
1594 480 1779 527 variatis,-

464 546 500 574 et
534 545 644 584 patet
683 536 724 572 in
765 545 876 584 parte
917 537 1123 585 quomodo
1163 536 1217 572 hii
1252 537 1331 573 duo
1364 538 1528 575 habitus
1561 538 1777 586 theologici

464 594 782 642 distinguuntur.
817 596 907 631 Non
940 594 1044 631 enim
1080 594 1279 643 sequitur:
1315 607 1403 643 spes
1434 596 1540 632 Petri
1574 606 1631 633 est
1665 597 1776 645 quod

464 652 548 700 ipse
581 651 815 698 salvabitur,
863 664 956 700 ergo
1003 652 1116 697 fides,
1161 652 1255 701 quia
1291 653 1346 689 sic
1383 654 1544 701 presciti
1584 656 1812 691 haberent5

464 709 584 746 fidem
629 709 900 747 falsissimam.
950 711 1110 746 Habent
1155 719 1287 747 autem
1334 724 1475 747 omnes
1523 712 1621 748 tales
1666 725 1776 760 spem

463 767 643 804 horalem
679 780 770 804 curn
806 768 1092 816 desperacione
1122 769 1375 815 permixtam,
1411 781 1501 805 cum
1526 779 1688 817 oportet
1713 783 1778 806 eos

464 825 639 862 finaliter
671 826 897 873 desperare.
937 828 986 862 Et
1024 834 1133 874 patet
1175 827 1284 874 quod
1323 827 1426 863 sicut
1464 840 1543 865 non
1577 827 1776 876 sequitur:

464 885 604 919 Petrus
653 891 788 931 sperat
840 892 1025 920 eventum
1070 884 1207 929 talem,
1253 897 1347 933 ergo
1401 884 1478 921 fide
1531 885 1668 932 credit,
1723 885 1779 922 sic

465 951 630 978 econtra
663 953 742 977 non
778 941 977 990 sequitur:
1012 943 1154 978 Petrus
1179 941 1256 979 fide
1281 943 1407 979 credit
1429 952 1614 980 eventum
1638 943 1777 980 huius-
1799 958 1837 981 10

220 1008 406 1047 Distinction
466 999 590 1044 modi,
626 1011 720 1047 ergo
753 1008 899 1046 sperat.
948 1000 1046 1048 Spes
1086 999 1193 1036 enim
1233 1013 1315 1037 non
1356 1009 1414 1037 est
1451 1001 1529 1037 nisi
1569 1003 1617 1037 de
1661 1001 1778 1038 bonis

196 1042 430 1113 beggvgelrlioffirth
465 1056 625 1103 futuris,
659 1058 728 1093 sed
762 1056 860 1093 fides
894 1067 976 1094 tam
1001 1059 1049 1094 de
1081 1056 1200 1094 bonis
1233 1071 1354 1107 quam
1384 1060 1431 1095 de
1467 1059 1581 1095 malis
1615 1072 1778 1107 presen-

464 1114 583 1160 tibus,
628 1114 829 1163 preteritis
874 1125 911 1153 et
956 1115 1113 1161 futuris,
1160 1125 1197 1153 et
1235 1117 1292 1153 sic
1332 1125 1443 1153 actus
1483 1117 1574 1153 fidei
1616 1127 1652 1154 et
1693 1117 1778 1165 spei

465 1182 558 1210 sunt
603 1172 773 1221 disparis
822 1173 988 1221 speciei;
1035 1183 1072 1211 et
1117 1172 1175 1210 sic
1219 1174 1381 1211 humilis
1433 1175 1645 1223 theologus
1697 1187 1779 1211 non

467 1230 668 1268 erubescit
711 1232 931 1268 concedere
975 1233 1083 1280 quod
1128 1231 1233 1269 idem
1280 1232 1330 1268 sit
1376 1233 1494 1269 simul
1538 1233 1681 1270 scitum
1730 1234 1835 1270 ab15

467 1289 555 1336 ipso
590 1298 627 1325 et
650 1288 896 1337 ignoratum,
931 1290 1098 1326 dubium
1134 1291 1194 1326 vel
1218 1290 1430 1336 nescitum,
1464 1292 1533 1327 sed
1557 1292 1777 1328 secundum

468 1347 635 1395 gradum
671 1346 874 1395 disparem
907 1347 1057 1384 noticie
1089 1347 1149 1384 vel
1183 1348 1383 1396 disparem
1419 1348 1638 1386 racionem.

961 1474 1155 1515 SERMO
1187 1478 1287 1516 XIII.

528 1557 763 1593 Ascendente
800 1559 890 1594 Jesu
930 1558 965 1593 in
1005 1558 1223 1595 naviculam
1260 1559 1380 1595 secuti
1418 1566 1504 1595 sunt
1542 1571 1627 1595 eum
1666 1558 1778 1593 disci-

465 1614 552 1663 puli
582 1615 673 1652 eius.
707 1615 877 1652 Matthei
909 1616 1030 1662 V1110‚
1066 1617 1132 1652 23.
1798 1632 1838 1652 20

526 1673 567 1707 In
601 1672 677 1709 isto
712 1673 917 1721 evangelio
955 1675 1123 1711 docetur
1156 1674 1323 1711 ecclesia
1356 1674 1570 1711 salubriter
1604 1683 1640 1710 et
1671 1686 1780 1710 com-

471 1730 661 1778 pendiose
694 1732 901 1778 quomodo
925 1734 1008 1768 Deo
1043 1733 1185 1768 debeat
1208 1732 1449 1769 ministrare.
1485 1734 1613 1768 Causa
1647 1740 1780 1768 autem

470 1800 593 1836 quare
646 1789 828 1825 Christus
879 1789 934 1826 sic
990 1789 1171 1826 ascendit
1213 1790 1253 1826 in
1297 1790 1521 1827 naviculam
1576 1789 1782 1836 multiplex

214 1855 295 1891 Why
317 1854 421 1893 Christ
470 1846 708 1893 assignatur.
756 1847 892 1883 Primo
932 1856 975 1883 ut
1014 1847 1201 1895 discipuli
1235 1847 1293 1884 sui
1328 1856 1445 1895 capta
1477 1846 1782 1896 opportunitate

182 1894 753 1960 ‘ven‘ssffipPUMinterponendi
803 1917 1041 1953 corpoream
1105 1905 1280 1954 quietem
1334 1905 1498 1953 pacifice
1557 1911 1839 1943 recreentur25

473 1966 529 2006 (ut
583 1970 693 2009 patet
743 1963 866 1999 Marc.
919 1964 1020 2011 VIO).
1070 1965 1255 2000 Secundo
1301 1973 1344 2000 ut
1388 1964 1533 2000 doceat
1576 1976 1649 1999 nos
1693 1971 1783 2010 apte

473 2032 603 2065 orare,
656 2021 805 2057 utendo
857 2021 990 2069 quiete
1043 2021 1176 2058 debita
1228 2030 1265 2057 et
1314 2033 1455 2058 vacare
1507 2018 1690 2057 oracioni
1747 2029 1784 2055 et

473 2077 699 2124 devocioni,
744 2087 788 2114 ut
836 2078 892 2114 sic
942 2079 1175 2115 hauriamus
1228 2079 1469 2124 doctrinam,
1522 2091 1641 2127 quam
1695 2086 1785 2125 post

474 2135 625 2183 populo
670 2135 943 2181 effundamu53
992 2137 1098 2172 unde
1143 2138 1249 2173 Luce
1289 2138 1374 2182 VI⁰‚
1416 2147 1461 2172 12
1496 2136 1642 2172 dicitur
1673 2136 1783 2183 quod

472 2194 582 2229 :Iesus
633 2200 717 2230 erat
762 2201 997 2242 pernoctans
1039 2195 1073 2229 in
1116 2195 1306 2234 oracione.
1349 2197 1398 2231 Et
1441 2194 1565 2230 tercio
1613 2194 1782 2229 docetur
1798 2200 1840 2232 30

474 2250 642 2287 ecclesia
693 2250 829 2299 fugere
884 2252 1101 2299 applausus
1155 2252 1306 2299 populi,
1359 2252 1459 2288 sicut
1513 2260 1549 2288 et
1601 2251 1782 2287 Christus

474 2308 566 2344 fecit
609 2308 815 2353 (Johannis
854 2310 932 2355 VI).
993 2311 1072 2346 Nec
1123 2309 1207 2346 sine
1262 2310 1424 2347 racione
1469 2308 1630 2346 Christo
1689 2309 1782 2344 dor-

476 2365 623 2402 miente
667 2366 794 2403 factus
840 2376 899 2404 est
943 2376 1076 2403 motus
1125 2367 1247 2404 maris
1292 2367 1491 2413 insolitus,
1537 2368 1605 2403 sed
1652 2375 1781 2403 totum

476 2425 550 2460 hoc
584 2434 641 2461 est
672 2423 862 2461 divinitus
896 2425 1141 2470 ordinatum,
1176 2434 1219 2461 ut
1253 2425 1439 2473 discipuli
1473 2424 1782 2472 connavigantes

547 2531 567 2550 1.
589 2523 628 2550 B:
652 2524 805 2558 reputari:
834 2523 875 2551 C:
897 2532 1080 2563 preponere.
1190 2532 1215 2552 2.
1237 2526 1281 2551 A:
1303 2525 1434 2552 resistat.
1547 2523 1571 2551 5.
1594 2523 1614 2550 Β
1636 2524 1665 2551 in
1687 2530 1783 2557 marg.

475 2558 578 2591 (bIack
608 2558 688 2592 ink):
707 2557 788 2596 ‘Non
819 2564 973 2594 sequitur:
1007 2567 1077 2593 spes
1109 2559 1185 2587 Petri
1216 2565 1259 2586 est
1289 2559 1372 2595 quod
1392 2559 1569 2592 salvabitur,
1597 2567 1668 2591 ergo
1700 2558 1783 2585 fides.

477 2601 503 2627 7.
524 2592 593 2620 BC:
615 2597 776 2628 permixta.
933 2594 958 2621 8.
981 2595 1002 2622 Β
1023 2594 1053 2621 in
1075 2602 1192 2627 marga
1213 2593 1305 2622 Cave.
1464 2602 1491 2628 9.
1513 2595 1557 2622 A:
1579 2594 1668 2620 talem
1689 2594 1784 2620 deest.

479 2636 511 2654 ιι.
533 2628 578 2654 A:
600 2627 736 2660 Sperans
757 2632 813 2655 est.
886 2636 924 2655 12.
946 2630 992 2656 A:
1014 2636 1107 2664 quam
1128 2630 1229 2656 malis.
1298 2629 1335 2656 13.
1357 2627 1398 2656 C:
1420 2628 1531 2656 futuris
1552 2629 1605 2655 sic.
1679 2636 1718 2664 ¹7·
1741 2635 1784 2654 ra-

478 2663 600 2689 cionem
622 2666 677 2689 etc.
698 2662 728 2689 in
749 2663 840 2689 codd.
961 2671 1003 2690 22.
1024 2664 1068 2691 A:
1096 2671 1188 2699 quem
1210 2663 1329 2691 debeat.
1446 2661 1490 2690 23.
1512 2663 1532 2689 B
1553 2663 1583 2690 in
1605 2670 1720 2697 marga
1751 2662 1783 2688 ln

478 2697 653 2724 naviculam
676 2704 770 2732 quare
786 2696 929 2724 Christus
950 2698 1091 2725 ascendit
1111 2706 1204 2725 causa
1219 2698 1393 2733 multiplex.
1442 2706 1489 2731 24.
1510 2698 1554 2724 A:
1575 2698 1784 2732 assignantur.

477 2732 517 2759 ib.
540 2732 569 2759 A
589 2732 619 2758 in
640 2739 760 2765 marg:
783 2739 802 2758 1.
875 2731 916 2759 25.
939 2733 984 2760 A:
1007 2732 1199 2767 imponendi.
1275 2733 1321 2760 26.
1343 2734 1371 2760 A
1392 2732 1421 2759 in
1445 2740 1560 2767 marg:
1581 2739 1607 2759 2.
1673 2732 1714 2759 ib.
1736 2732 1781 2758 A:

478 2767 507 2793 in
535 2774 632 2801 marg.
662 2774 730 2801 sup.
760 2766 812 2793 fol.
843 2766 937 2794 150‘1:
969 2767 1156 2795 Ascendente
1182 2766 1254 2794 Jesu
1283 2767 1313 2794 in
1343 2767 1514 2794 naviculam
1542 2771 1569 2794 et
1601 2772 1655 2793 cet.
1683 2765 1784 2800 Tipus

479 2801 633 2828 dominice
654 2801 818 2835 passioniS,
840 2801 882 2828 ibi
902 2801 1040 2829 ascendit
1056 2801 1150 2836 Jesus,
1171 2802 1249 2830 ordo
1270 2801 1372 2829 debite
1394 2801 1615 2835 subieccionis‚
1635 2801 1676 2828 ibi
1689 2800 1786 2828 secuti

477 2839 549 2863 sunt
579 2843 656 2870 eum,
691 2843 770 2871 opus
809 2835 891 2862 utilis
928 2836 1167 2864 ministracioms
1206 2840 1410 2869 monstratur,
1447 2836 1489 2863 ibi
1527 2836 1672 2871 discipuli
1707 2835 1783 2863 eius.

477 2877 521 2904 27.
544 2869 610 2898 BC:
631 2875 658 2898 et
678 2871 732 2898 sic.
804 2870 851 2898 30.
873 2871 900 2898 A
921 2871 950 2898 in
972 2878 1084 2906 marg.:
1106 2869 1131 2898 3.
1203 2871 1246 2899 32.
1267 2872 1313 2899 A:
1332 2869 1433 2898 Nichil
1452 2871 1528 2898 sine.

555 2941 600 2974 ¹9-
630 2930 680 2963 Cf.
702 2931 869 2974 XVyclif's
898 2932 1064 2963 Sermons
1092 2931 1144 2963 ed.
1172 2931 1216 2974 by
1243 2930 1376 2963 Arnold
1403 2931 1426 2971 Ι,
1452 2941 1507 2974 92.
