2017 3353
242 248 377 278 samio
398 237 520 296 κως]
753 251 893 283 PRIMA
923 253 1048 284 PARS.

301 359 486 395 Secundo
520 359 651 395 notari
684 367 815 408 potest
853 371 974 407 quam
1011 360 1176 395 stultum
1218 360 1318 396 foret
1358 361 1561 398 hominem

242 416 472 466 symoniace
502 417 690 454 anhelare
719 426 762 453 ut
784 417 833 453 sit
856 417 1064 465 phariseus
1087 418 1147 454 vel
1170 418 1347 466 prelatus
1371 419 1563 458 cesarius:

243 476 282 512 in
323 484 494 523 utroque
534 474 639 512 enim
686 475 789 512 iacet
828 475 956 512 maius
1001 475 1239 524 periculum,
1280 476 1371 513 ideo
1409 476 1566 513 videtur

243 532 475 582 equivalens
507 534 567 570 vel
602 533 732 570 maior
764 533 940 570 stulticia
974 547 1094 583 quam
1137 533 1168 570 si
1207 535 1330 570 homo
1369 534 1565 583 obligaret

210 593 283 628 Sse
322 592 509 639 dyabolo.
556 592 671 628 Unde
711 591 878 628 Matthei
918 593 1061 629 ΧΧῘΙΙΙΟ
1102 591 1198 628 dicit
1237 591 1418 629 Christus
1458 594 1566 641 quod

242 650 398 699 expedit
426 649 497 685 tali
517 657 557 685 ut
578 650 837 699 suspendatur
859 650 960 686 mola
984 651 1155 687 asinaria
1179 651 1282 687 circa
1315 651 1455 687 collum
1489 651 1567 688 eius

241 715 276 744 et
324 708 579 757 demergatur
621 708 657 743 in
696 708 939 757 profundum
993 709 1134 753 maris;
1185 710 1293 757 quod
1345 710 1565 746 secundum

242 777 402 802 sensum
436 764 542 802 beati
565 765 747 814 Gregorii
779 765 835 802 sic
858 775 990 814 potest
1022 766 1209 815 intelligi:
1248 766 1379 804 Minus
1414 767 1564 804 malum

242 824 344 860 foret
376 822 490 860 factis
528 823 700 872 indignis
740 823 905 873 prelatis
944 825 1108 862 ecclesie
1147 826 1255 873 quod
1295 825 1567 874 astringantur

188 896 227 918 10
242 881 379 918 stricte
413 893 506 918 cure
547 882 678 918 servili
713 891 751 919 et
788 881 829 918 in
869 883 1001 920 medio
1042 884 1245 920 mundane
1283 883 1565 920 sollicitudinis

242 940 549 989 profundentur.
595 941 713 977 Tales
753 941 859 977 enim
903 941 962 989 (ut
1001 950 1111 990 patet
1150 941 1190 977 in
1229 951 1324 978 nota
1364 942 1562 991 proxima)

243 997 495 1035 confundunt
528 998 738 1036 ecclesiam
773 1008 809 1036 et
832 1011 872 1036 se
895 999 1003 1048 ipsos
1026 999 1203 1046 indubie,
1229 1012 1318 1036 cum
1344 1000 1421 1036 sint
1445 1001 1566 1037 duces

153 1084 212 1115 FO!
242 1068 429 1094 cecorum
483 1056 711 1105 capitaliter
761 1070 836 1106 pro
886 1058 967 1094 suis
1019 1067 1056 1094 et
1106 1057 1278 1095 aliorum
1330 1058 1565 1095 criminibus

148 1108 226 1173 1783
241 1114 447 1164 puniendi.
482 1116 575 1151 Ideo
608 1115 709 1152 sicut
741 1115 782 1152 in
814 1115 1003 1153 fratribus
1034 1116 1096 1153 vel
1119 1115 1259 1164 religio
1288 1113 1293 1169 Ι
1321 1116 1373 1152 sis
1405 1126 1566 1165 oportet

188 1176 225 1210 15
242 1172 427 1222 spiritum
451 1174 672 1220 consulere,
705 1174 761 1211 sic
785 1173 1008 1222 aspirantes
1041 1175 1092 1211 ad
1125 1174 1355 1211 huiusmodi
1379 1174 1565 1212 ecclesia-

241 1230 360 1268 sticas
384 1231 612 1280 dignitates.
646 1233 724 1269 Sed
748 1232 932 1269 dubitant
954 1232 1155 1270 scolastici
1189 1232 1220 1269 si
1252 1232 1380 1270 factus
1404 1233 1566 1281 indigne

242 1289 419 1338 prelatus
452 1289 684 1327 huiusmodi
717 1290 874 1327 noviter
896 1292 946 1328 ad
980 1303 1228 1340 consequens
1251 1291 1430 1328 officium
1465 1291 1565 1328 obli-

241 1356 376 1396 gatur3
411 1356 448 1384 et
479 1347 637 1385 videtur
670 1350 778 1397 quod
810 1362 904 1396 non,
939 1362 1029 1386 cum
1063 1351 1169 1386 Deus
1193 1357 1285 1386 ante
1310 1349 1563 1386 creacionem

241 1405 380 1442 mundi
412 1405 613 1443 ordinavit
645 1406 836 1456 quicquid
859 1407 1088 1457 quicunque
1120 1419 1255 1444 servus
1281 1408 1398 1444 debet
1420 1408 1563 1445 facere.

183 1476 225 1499 20
241 1466 330 1500 Non
364 1476 456 1512 ergo
496 1473 663 1513 propter
701 1465 802 1502 servi
845 1465 1064 1503 stulticiam
1105 1465 1269 1502 innovat
1314 1468 1420 1503 Deus
1458 1466 1565 1503 ordi-

239 1521 452 1559 nacionem
493 1531 530 1559 et
573 1532 701 1560 mutat
745 1523 974 1572 antiquam3
1019 1525 1087 1561 sed
1132 1525 1349 1561 tenendum
1393 1524 1562 1570 videtur,

238 1580 318 1617 sive
350 1580 452 1617 iuste
483 1580 564 1618 sive
596 1581 741 1618 iniuste
774 1582 861 1630 quis
894 1582 1043 1631 obliget
1075 1595 1115 1619 se
1148 1583 1198 1619 ad
1232 1582 1304 1619 Dei
1336 1582 1561 1625 servicium,

238 1641 343 1675 Deus
366 1638 517 1687 obligat
540 1651 630 1676 eum
655 1641 705 1676 ad
728 1640 995 1677 ministerium
1020 1641 1150 1689 ipsum
1175 1653 1436 1689 consequens,
1472 1653 1561 1678 cum

237 1696 352 1734 aliter
383 1696 528 1733 iniuste
561 1699 799 1746 dampnaret
832 1711 921 1735 eum
946 1712 1020 1747 pro
1044 1699 1200 1735 defectu
1223 1699 1313 1736 talis
1337 1698 1561 1736 ministerii.

181 1758 221 1791 25
236 1756 386 1792 Verum
419 1764 554 1792 tamen
587 1756 680 1792 licet
712 1756 802 1793 talis
840 1765 991 1793 temere
1030 1769 1074 1793 ex
1112 1766 1294 1805 ternpore
1333 1769 1374 1794 se
1412 1757 1563 1806 obliga-

237 1812 349 1859 verit,
384 1815 488 1849 Deus
521 1822 656 1850 tamen
689 1827 809 1851 omne
841 1815 1017 1863 positum
1053 1824 1089 1851 et
1122 1827 1266 1864 penam
1306 1815 1396 1852 talis
1440 1824 1563 1852 teme-

238 1871 334 1908 rarii
373 1871 605 1908 eternaliter
644 1872 857 1909 ordinavit.
901 1873 965 1910 Sic
1000 1873 1104 1909 enim
1138 1873 1275 1922 ignare
1308 1873 1490 1922 obligans
1523 1886 1563 1910 se

238 1931 289 1966 ad
322 1928 589 1966 ministerium
624 1930 787 1967 Domini
821 1931 1056 1979 temporalis
1088 1931 1238 1980 obligat
1271 1944 1311 1968 se
1344 1933 1394 1968 ad
1416 1945 1562 1981 penam

238 2001 312 2036 pro
345 1987 501 2025 defectu
533 1988 623 2025 talis
657 1988 868 2026 ministerii
891 1989 1165 2037 infligendam.
1199 1991 1314 2027 Unde
1337 1990 1452 2027 multi
1475 2003 1563 2039 pre-

181 2045 307 2084 3olati
340 2054 458 2095 atque
488 2046 747 2084 ecclesiastici
778 2060 821 2084 ex
851 2048 1006 2084 defectu
1030 2047 1192 2096 spiritus
1216 2048 1372 2085 consilii
1395 2057 1563 2097 peccant

238 2104 474 2150 mortaliter,
507 2106 678 2153 superbe
709 2106 771 2142 vel
803 2105 947 2153 cupide
978 2107 1056 2143 tale
1086 2106 1263 2143 officium
1293 2116 1561 2155 acceptantes.

238 2165 319 2200 Nec
353 2162 518 2199 dubium
553 2163 649 2212 quin
682 2165 901 2212 precedens
938 2173 1149 2212 peccatum
1187 2164 1330 2201 talium
1374 2165 1563 2214 ignoran-

239 2220 345 2258 cium
380 2220 558 2257 divinum
593 2221 805 2258 consilium
839 2222 889 2258 sit
927 2222 967 2258 in
1001 2235 1133 2260 causa.
1175 2224 1290 2260 Unde
1323 2222 1354 2259 si
1388 2236 1459 2272 per
1490 2223 1563 2260 im-

239 2278 428 2327 possibile
461 2279 592 2316 omnis
624 2279 754 2316 viator
787 2280 982 2328 obligaret
1020 2293 1061 2317 se
1105 2293 1287 2330 expresse
1326 2290 1369 2318 ut
1407 2282 1457 2319 sit
1502 2294 1562 2318 sa-

182 2342 222 2375 35
241 2338 382 2374 cerdos
414 2338 476 2374 vel
510 2337 759 2386 coniugatus,
794 2351 884 2375 cum
918 2347 1043 2375 status
1078 2339 1142 2376 ille
1175 2339 1224 2376 sit
1247 2341 1374 2376 bonus
1409 2349 1446 2377 et
1478 2340 1562 2389 ipse

240 2395 407 2444 ambigit
440 2395 472 2432 si
504 2395 545 2432 in
583 2396 761 2432 futurum
802 2397 975 2434 servabit
1014 2397 1219 2434 meritorie
1252 2397 1365 2434 illum
1399 2407 1560 2443 statum,

239 2462 397 2490 tenetur
441 2453 510 2490 illo
548 2462 655 2490 statu
692 2463 849 2492 servato
894 2455 1024 2492 facere
1068 2455 1184 2504 digne
1229 2455 1407 2493 officium
1453 2457 1560 2505 quod

239 2511 380 2548 attinet
412 2511 524 2548 illum
558 2520 719 2549 statum.
754 2514 810 2549 Ex
842 2513 925 2550 istis
958 2522 1067 2562 patet
1098 2514 1231 2562 primo
1265 2516 1373 2563 quod
1405 2514 1560 2562 pericu—

311 2620 330 2639 1.
352 2612 380 2639 A
400 2611 431 2638 in
452 2619 566 2647 marg:
588 2619 613 2638 2.
646 2610 761 2639 Contra
782 2612 965 2641 simoniam:
994 2613 1015 2641 Β
1043 2613 1072 2641 in
1100 2622 1215 2649 marg:
1244 2615 1346 2648 Quam
1369 2614 1495 2642 stultum
1515 2619 1561 2642 est

239 2647 381 2674 anhelare
402 2650 434 2673 ut
455 2646 493 2673 sit
514 2646 648 2681 prelatus
669 2647 815 2674 cesarius
869 2647 895 2676 3.
916 2648 982 2677 BC:
1005 2657 1065 2675 non
1087 2649 1217 2676 videtur.
1276 2648 1299 2676 5.
1321 2650 1365 2676 A:
1386 2648 1509 2676 XVIII.
1528 2670 1534 2676 .
1553 2672 1557 2676 .

241 2681 384 2708 Christus
414 2681 507 2708 deest.
598 2680 626 2708 6.
649 2680 715 2708 BC:
747 2682 798 2709 tali
829 2683 928 2718 quod:
959 2684 1000 2711 ib.
1022 2683 1044 2710 Β
1066 2684 1095 2710 in
1118 2692 1231 2719 marg:
1264 2683 1346 2718 Quid
1374 2688 1419 2710 est
1444 2684 1557 2711 molam

241 2716 405 2743 asinariam
428 2715 576 2750 suspendi
598 2716 627 2742 in
649 2716 739 2743 collo.
850 2726 890 2752 14-
914 2719 935 2745 l}
957 2719 986 2745 in
1010 2726 1124 2753 marg:
1147 2718 1287 2753 QuestiO.
1398 2718 1438 2745 16.
1462 2718 1500 2745 B:
1522 2719 1559 2746 131

240 2751 397 2785 dubitantg
425 2750 466 2777 ib.
488 2751 516 2778 A
536 2750 566 2777 in
588 2758 702 2785 marg:
724 2751 871 2779 Dubium.
951 2761 997 2780 20.
1021 2752 1060 2779 C:
1083 2758 1208 2787 propter
1228 2753 1285 2780 sui.
1359 2761 1398 2780 21.
1422 2752 1460 2780 C:
1483 2754 1559 2781 anti-

240 2794 315 2821 qua;
344 2785 384 2812 ib.
405 2785 433 2813 A
454 2785 483 2812 in
505 2793 620 2821 marg:
642 2785 825 2821 Responsio¹
905 2787 947 2815 23.
971 2787 1036 2815 BC:
1060 2787 1248 2815 ministrum.
1331 2795 1378 2822 24.
1401 2787 1468 2815 BC:
1489 2789 1558 2816 talis

239 2828 316 2847 cece.
413 2819 455 2847 25.
476 2820 521 2847 A:
543 2828 579 2847 ex
598 2824 737 2855 tempore
757 2820 857 2850 deest:
879 2822 919 2849 ib.
942 2822 1006 2849 BC:
1030 2831 1061 2849 se
1081 2822 1175 2849 deest.
1272 2822 1318 2849 26.
1341 2824 1385 2850 A:
1408 2822 1555 2857 positum.

237 2854 277 2882 31.
298 2856 340 2882 A:
363 2854 547 2882 affectantes.
633 2853 675 2883 33.
697 2854 762 2883 BC:
786 2862 855 2884 sunt
875 2857 916 2884 in.
1002 2856 1043 2884 35.
1067 2856 1132 2884 ssC:
1155 2861 1180 2883 et
1202 2857 1260 2883 illc.
1347 2856 1464 2892 37—38,
1487 2857 1553 2885 BC:

238 2894 356 2918 tenetur
375 2906 406 2909 —
426 2889 512 2918 illum
534 2893 646 2917 statum
667 2890 768 2925 deest;
795 2890 835 2919 ib.
857 2891 885 2919 Α
906 2892 935 2919 in
958 2900 1071 2927 marg:
1093 2890 1117 2919 3.

1775 251 1852 299 329

1650 375 1736 411 Folly
1758 376 1789 402 ot

1582 409 1714 444 wishing
1734 414 1764 437 to
1786 410 1821 437 bc
1840 419 1856 437 a

1583 444 1713 481 wcaltliy
1732 445 1856 480 prelato.

1619 1586 1718 1622 Every
1740 1587 1814 1625 such

1605 1622 1718 1657 prelato
1738 1622 1829 1650 blnds

1654 1656 1782 1697 himself

1593 1693 1836 1764 Gbopde'sslasleltilvige,

1625 1997 1684 2024 and
1705 2001 1735 2024 to
1756 1997 1806 2024 the

1643 2032 1790 2067 penalties

1606 2067 1765 2101 attending
1784 2067 1822 2094 its

1685 2110 1759 2129 non-

1606 2137 1826 2172 performance.
