2017 3353
250 280 386 309 semro
400 269 556 328 xxxvi]
762 283 903 314 PRIMA
929 283 1055 314 PARS.
1781 287 1854 322 241

251 389 426 438 quinque
458 389 664 437 quomodo
697 388 862 425 serviret
895 390 979 425 Deo
1012 402 1104 429 suo:
1144 397 1180 424 et
1213 389 1345 436 primo
1380 390 1566 426 affectum
1626 400 1698 426 Five
1719 400 1820 433 things

253 457 382 483 movet
420 448 469 483 ad
510 446 842 491 misericordiam,
877 459 923 483 eo
957 448 1065 495 quod
1099 448 1240 483 debeat
1281 447 1391 495 sequi
1430 449 1572 484 Deum.
1595 433 1798 496 ⁰‘’¹¹³(¹}¹1{¹‚¹.¹5}ff‡³
1825 434 1861 469 [W

253 506 396 549 Estote,
430 504 571 552 inquit,
617 505 888 541 misericordes
918 505 1014 540 sicut
1057 512 1091 540 et
1118 513 1235 554 pater
1268 513 1393 542 vester
1425 506 1573 541 miseri·
1649 512 1668 530 1-
1691 504 1804 540 Mcrcy.

251 576 339 599 cors
376 570 442 598 est.
489 564 594 598 Deus
640 562 745 598 enim
792 562 1022 599 eternaliter
1066 572 1123 598 est
1170 563 1397 599 misericors
1445 564 1569 611 (quod

219 622 366 657 :isonat
399 620 438 656 in
472 616 687 671 habitum),
735 622 802 656 sed
849 620 1127 668 temporaliter
1173 621 1404 662 miserator:
1446 630 1483 657 et
1517 630 1574 657 est

252 678 326 714 ista
359 677 490 726 prima
530 677 746 714 instruccio
785 678 946 715 volitive
985 678 1183 726 potencie,
1227 692 1317 715 cum
1358 691 1477 715 nemo
1513 691 1574 715 ex-

252 745 413 772 cusatur
447 735 543 784 quin
576 737 719 772 debeat
751 737 851 773 velle
890 745 1072 784 egentem
1113 750 1134 773 a
1175 749 1245 773 sua
1281 737 1443 774 miseria
1476 737 1574 773 rele-

250 793 353 838 vari3
387 802 477 842 post
516 793 621 830 diem
661 802 795 830 autern
837 794 974 830 iudicii
1009 795 1186 831 manebit
1220 795 1498 831 misericordia
1537 804 1573 831 et

252 851 323 888 Dei
347 851 572 897 miseracio,
607 864 698 888 cum
724 852 943 900 quemlibet
968 853 1232 900 dampnatum
1258 852 1573 889 misericorditer

200 922 238 945 10
253 909 390 958 puniet
423 910 491 946 sed
524 922 605 946 non
638 918 732 946 tunc
766 910 839 946 erit
874 910 1086 946 miseracio
1119 911 1333 948 viatorum.

311 969 495 1004 Secundo
529 967 766 1015 prohibetur
798 968 1057 1005 temerarium
1099 969 1291 1006 iudicium
1335 969 1573 1005 intellectus.
1643 984 1669 1015 2.-
1691 977 1768 1015 (jare
1789 977 1817 1003 in

253 1028 354 1062 Nam
388 1027 438 1062 ad
472 1025 778 1062 miseracionem
803 1026 1073 1063 necessarium
1108 1037 1165 1064 est
1198 1036 1350 1064 rectum
1382 1027 1573 1063 iudicium
1661 1012 1797 1047 uidgmg,

254 1083 479 1132 indigentiS,
497 1096 585 1120 cum
612 1084 726 1120 multi
749 1093 900 1121 temere
924 1084 1102 1121 iudicant
1125 1085 1328 1134 ypocritas
1351 1085 1575 1133 indigentes

254 1155 353 1191 quos
398 1142 565 1178 stultum
611 1151 667 1178 est
712 1142 752 1178 in
796 1143 1087 1191 temporalibus
1131 1145 1307 1181 relevare
1352 1153 1388 1180 et
1428 1144 1575 1179 multos

202 1200 432 1236 15iudicant
477 1201 671 1248 superbos
716 1201 936 1249 locupletes
990 1210 1026 1237 et
1079 1202 1194 1238 aliter
1243 1201 1423 1238 viciatos.
1469 1203 1573 1237 Dum

254 1267 389 1295 tamen
441 1257 491 1294 sit
542 1271 679 1294 verum
732 1259 979 1307 oppositum,
1034 1258 1124 1296 ideo
1187 1261 1236 1296 ad
1300 1260 1573 1296 miserandum

254 1316 524 1353 necessarium
559 1325 616 1352 est
648 1316 796 1353 iustum
831 1316 1039 1353 iudicium.

311 1374 455 1410 Tercio
488 1373 701 1422 specialius
730 1375 968 1423 prohibetur
1000 1375 1216 1412 temeraria
1256 1374 1576 1423 condempnacio
1653 1382 1678 1411 3.
1700 1383 1761 1411 Not
1782 1388 1813 1422 tq

255 1433 326 1468 sub
360 1433 526 1468 obtentu
558 1432 648 1480 fuge
681 1433 1064 1481 condempnacionis
1087 1446 1221 1470 severe
1245 1433 1391 1469 summi
1421 1433 1576 1469 iudicis.
1618 1419 1849 1488 Ῑὲᾞξῇξῇῐζῐῗὲξξῃ

197 1505 239 1526 20
314 1492 468 1536 Quarto
501 1490 713 1538 specialius
746 1491 982 1539 prohibetur
1006 1493 1153 1528 nedum
1188 1491 1332 1528 iniurie
1366 1491 1578 1528 confratris
1601 1499 1857 1539 4.F91j;3}veness

256 1548 401 1594 illacio,
435 1549 503 1584 sed
536 1548 680 1585 iniurie
707 1549 870 1597 proprie
893 1558 1106 1586 amonetur
1130 1550 1359 1586 misericors
1383 1549 1576 1595 dimissio,
1652 1538 1682 1562 ⁰¹
1703 1543 1814 1570 num-y,

256 1615 292 1642 et
325 1606 465 1655 quinto
505 1606 727 1655 precipitur
760 1607 853 1643 boni
889 1607 1025 1644 collati
1065 1620 1086 1644 a
1120 1609 1204 1644 Deo
1239 1607 1576 1644 communicacio.
1637 1615 1661 1643 5.
1683 1615 1825 1660 rosbare

255 1667 357 1700 Nam
403 1665 453 1700 ad
497 1664 610 1700 illum
657 1665 776 1701 finem
823 1666 994 1702 dabatur
1039 1674 1075 1701 et
1114 1668 1185 1702 sub
1226 1666 1294 1702 illa
1340 1666 1578 1702 condicione
1628 1650 1706 1712 gfff?
1723 1652 1837 1712 Ξῐῖιὲᾗξ

256 1722 365 1758 dabit
399 1724 503 1758 Deus
549 1722 750 1770 copiosius
788 1723 829 1759 in
862 1724 1060 1769 futurum;
1108 1733 1144 1761 et
1190 1724 1229 1760 in
1275 1724 1350 1760 hiis
1402 1724 1579 1772 quinque

200 1784 238 1816 25
256 1780 506 1816 instruuntur
550 1781 697 1816 terreni
743 1781 894 1818 iudices
940 1790 1021 1818 tam
1068 1782 1308 1819 intrinsecus
1353 1795 1475 1830 quam
1526 1782 1575 1818 ad

256 1847 364 1874 extra
397 1839 578 1885 exemplo
611 1838 732 1886 primi
764 1839 906 1876 iudicis
941 1848 977 1875 et
1011 1841 1083 1876 sub
1106 1852 1209 1888 pena
1241 1839 1417 1886 talionis,
1452 1848 1489 1876 et
1522 1839 1577 1875 sic

257 1896 480 1932 intellectus
520 1904 556 1932 et
594 1896 758 1933 affectus
797 1910 867 1946 per
898 1897 1072 1934 volubile
1112 1907 1149 1934 et
1181 1898 1358 1934 terribile
1397 1910 1576 1934 commo-

256 1963 410 1990 ventur.
450 1954 603 1990 Iudices
643 1955 749 1991 enim
797 1964 977 1992 terrenos
1016 1968 1176 1993 necesse
1221 1965 1277 1992 est
1323 1968 1406 1992 esse
1445 1955 1577 2004 primo

259 2012 549 2058 misericordes,
589 2025 679 2049 cum
713 2014 763 2049 ad
796 2013 1071 2050 austeritatem
1105 2014 1182 2050 sint
1222 2014 1348 2062 magis
1386 2013 1577 2050 flexibiles

200 2073 242 2105 30
258 2079 295 2106 et
339 2070 379 2106 in
422 2083 515 2107 vera
561 2070 839 2108 misericordia
882 2084 963 2108 non
1009 2074 1222 2118 excedunt3
1276 2072 1366 2108 ideo
1416 2081 1577 2120 oportet

258 2128 438 2164 habitum
479 2128 754 2166 misericordie
792 2130 962 2166 fundare
1002 2139 1135 2167 actum
1177 2130 1334 2175 iudicii;
1381 2129 1574 2166 iudicium

257 2196 389 2223 autem
424 2199 638 2223 commune
670 2188 720 2223 ad
755 2190 905 2224 bonum
930 2197 966 2224 et
991 2189 1140 2225 malum
1166 2197 1326 2236 oportet
1359 2190 1576 2236 condemp-

256 2245 467 2281 nacionem
502 2246 729 2293 precedere.
765 2247 842 2282 Sed
876 2246 969 2295 quia
1008 2247 1047 2283 in
1087 2246 1363 2283 misericordia
1396 2246 1577 2282 consistit

257 2303 611 2340 fundamentaliter
651 2303 867 2351 disposicio
906 2304 1177 2352 promerendi,
1217 2304 1307 2340 ideo
1341 2313 1576 2352 repetuntur

199 2362 240 2395 35
258 2362 337 2396 duo
372 2370 482 2397 actus
515 2361 700 2398 ordinate
738 2363 785 2398 de
818 2362 1095 2399 misericordia
1128 2364 1402 2411 procedentes,
1443 2363 1575 2410 primo

258 2420 364 2466 quod
411 2418 639 2456 misericors
686 2419 862 2457 dimittat
909 2420 1097 2457 iniuriam
1144 2434 1256 2458 suam
1311 2430 1347 2457 et
1398 2422 1574 2457 secundo

257 2478 364 2524 quod
398 2477 604 2524 frugaliter
638 2479 703 2514 det
737 2479 784 2514 de
817 2478 910 2515 suis.

314 2536 362 2570 Et
394 2544 502 2571 sexto
535 2537 585 2571 ad
619 2536 945 2573 exhortacionem
979 2536 1161 2573 omnium
1194 2536 1363 2573 istorum
1387 2545 1575 2573 narratur

256 2593 504 2640 quadruplex
543 2595 902 2641 superhabundans
936 2595 1153 2631 retribucio
1186 2595 1319 2631 taliter
1351 2594 1573 2642 operantis:

326 2712 345 2730 1.
366 2705 408 2730 A:
432 2703 549 2730 serviet.
659 2703 686 2730 6.
708 2705 736 2731 A
756 2704 784 2731 in
810 2713 922 2739 marg:
946 2714 970 2734 1:
1006 2706 1045 2732 ib.
1067 2706 1112 2732 A:
1136 2706 1277 2732 volum-e.
1383 2714 1408 2740 7.
1430 2707 1474 2732 A:
1497 2705 1571 2732 velle

257 2738 350 2765 deest.
412 2747 440 2774 9.
458 2738 523 2766 BC:
544 2738 840 2766 immisericorditer.
914 2749 947 2767 11.
969 2742 1013 2768 A:
1035 2741 1236 2769 temerarium:
1258 2741 1297 2767 ib.
1314 2741 1340 2767 A
1361 2740 1390 2767 in
1412 2748 1526 2775 marg:
1548 2747 1572 2766 2.

258 2781 298 2806 14.
320 2774 363 2800 A:
385 2774 466 2808 quod
489 2774 625 2800 stultum.
689 2774 730 2800 16.
753 2774 791 2800 B:
814 2774 851 2801 sit
873 2783 978 2802 unum.
1042 2776 1080 2801 18.
1102 2777 1129 2802 A
1151 2775 1179 2801 iu
1203 2783 1315 2809 marg:
1336 2774 1360 2802 3.
1426 2783 1471 2801 20.
1493 2776 1522 2801 A
1542 2774 1570 2801 in

257 2816 370 2843 marg:
391 2818 426 2841 4:
457 2808 496 2834 ib.
518 2809 562 2835 A:
594 2808 756 2843 specialius
778 2809 890 2836 nedum
912 2814 1088 2839 amovetur:
1119 2810 1158 2836 ib.
1182 2810 1219 2837 1³:
1252 2810 1432 2844 prohibetur
1459 2810 1570 2836 nedum

257 2847 426 2869 amovetur.
489 2851 527 2870 21.
550 2842 587 2869 B:
609 2847 812 2870 amoveretur.
876 2852 918 2871 22.
939 2845 967 2871 A
988 2845 1015 2871 iii
1042 2853 1106 2871 mar
1131 2855 1152 2871 .:
1176 2844 1199 2872 5.
1265 2852 1307 2882 27.
1334 2844 1370 2871 B:
1393 2852 1445 2878 per
1466 2844 1572 2870 volun-

256 2881 359 2913 tatem.
409 2885 456 2913 29.
478 2879 522 2905 A:
544 2877 580 2904 ad
602 2877 696 2904 deest.
747 2876 793 2907 30,
814 2877 852 2905 31.
875 2880 918 2905 A:
941 2888 999 2905 uon
1023 2888 1093 2906 exce
1121 2884 1173 2905 imt
1192 2895 1225 2898 —
1247 2878 1456 2905 misericordie
1477 2879 1570 2905 deest.

257 2910 303 2938 30.
326 2912 366 2939 C:
439 2918 466 2939 et
488 2913 581 2939 deest.
655 2910 700 2939 38.
722 2913 750 2939 A
770 2912 799 2939 in
822 2921 925 2949 marg:
948 2914 974 2940 (5.

1396 2961 1433 2993 16
