2017 3353
231 242 368 270 SERMO
397 232 467 289 ix]
737 241 878 273 PRIMA
905 241 1031 272 PARS.
1784 234 1829 269 61

229 350 444 399 probabilis
468 350 553 386 sine
576 349 653 384 hoc
668 348 777 396 quod
802 346 966 383 musitet
989 346 1036 382 de
1061 345 1268 393 opposit03
1295 354 1331 380 et
1347 344 1385 380 in
1406 344 1541 380 multis

227 407 498 456 proponendis
532 405 764 454 responderi
795 405 912 441 debet
945 403 1144 440 catholice
1176 415 1248 438 nec
1283 403 1542 439 concedendo

226 479 298 503 nec
332 467 515 514 negando
547 477 620 501 nec
643 463 866 500 dubitando
887 463 955 498 sed
979 460 1240 509 probabiliter
1262 461 1540 508 supponendo.

284 526 343 560 Ad
381 523 548 560 tercium
583 522 730 558 dicitur
762 521 943 568 negando
978 518 1333 567 consequenciam,
1358 517 1450 566 quia
1472 519 1544 554 hec

194 580 283 618 5vis
307 580 565 630 regenerandi
589 592 700 616 more
724 577 885 615 luminis
908 578 1105 625 dependet
1127 590 1149 613 a
1171 576 1383 612 volucione
1415 575 1546 612 divina

227 650 264 677 et
297 653 379 677 non
403 639 523 676 enitet
557 638 671 674 nobis
696 650 739 674 ex
762 637 838 673 fide
860 636 921 672 vel
945 635 1116 681 racione,
1140 636 1250 683 quod
1273 636 1380 670 Deus
1404 646 1545 682 perpe-

226 708 296 734 tuo
319 698 403 734 vult
426 710 573 746 aquam
606 696 728 733 talem
763 693 1059 743 quantumlibet
1093 692 1282 729 continue
1315 704 1400 728 esse
1432 704 1547 728 sanc-

227 766 323 794 tam.
358 758 439 792 Nec
473 764 532 792 est
563 753 832 791 sanctificacio
871 752 1145 799 cuiuscunque
1181 763 1283 799 aque
1315 763 1386 798 per
1417 750 1546 797 bapti-

226 814 431 851 zacionem
457 813 603 850 Christi
635 821 716 848 tam
742 810 880 847 efficax
911 810 1005 859 quin
1039 808 1304 857 probabiliter
1326 808 1411 844 sine
1435 821 1545 856 repe-

170 880 209 901 10
227 872 374 909 ticione
397 869 734 909 sanctificacionis
758 869 875 905 liceat
907 867 1064 905 noviter
1095 879 1214 914 super
1246 866 1363 903 aliam
1398 879 1544 914 aquam

226 930 351 967 immo
377 931 542 967 eandem
572 928 758 965 virtutem
784 925 1119 963 sanctificacionis
1143 924 1306 961 Domini
1338 925 1544 970 invocare3

223 1001 294 1036 per
326 989 400 1025 hoc
435 988 540 1024 enim
576 986 717 1023 melius
751 997 852 1033 aque
877 997 899 1021 a
921 983 1121 1032 probabili
1145 982 1261 1020 nobis
1295 982 1545 1030 contingeret

225 1055 263 1082 et
295 1059 375 1083 non
409 1045 596 1090 deterius,
631 1053 668 1081 et
701 1044 754 1080 sic
786 1043 936 1079 diceret
969 1041 1112 1090 aliquis
1146 1042 1256 1090 quod
1279 1053 1423 1088 panem
1450 1053 1544 1076 con-

224 1113 422 1141 secratum
445 1104 581 1140 liceret
604 1103 748 1139 iterum
766 1113 1002 1138 consecrare
1025 1100 1086 1137 vel
1103 1103 1160 1145 (ut
1182 1099 1311 1147 placet
1328 1098 1543 1147 aliquibus)

170 1159 206 1193 ¹5
222 1162 355 1210 posito
389 1162 549 1198 homine
583 1161 622 1197 in
656 1160 845 1207 ambiguo
881 1160 928 1194 de
961 1157 1269 1195 consecracione
1302 1156 1438 1204 priori,
1463 1169 1543 1193 non

223 1221 340 1257 debet
362 1221 506 1257 iterum
531 1219 606 1256 nisi
626 1217 960 1255 condicionaliter
984 1228 1233 1253 consecrare.
1258 1217 1308 1251 Et
1332 1215 1421 1251 talis
1446 1227 1543 1251 con-

222 1278 325 1315 dicio
359 1278 632 1326 cuiuscunque
665 1276 796 1324 operis
826 1274 952 1311 nostri
984 1275 1102 1310 debet
1133 1272 1298 1320 intelligi
1321 1274 1541 1309 secundum

222 1336 464 1373 sentenciam
499 1335 602 1372 beati
632 1334 784 1372 Jacobi.
818 1335 908 1370 Non
941 1333 1134 1369 debemus
1173 1330 1323 1380 aliquid
1364 1343 1542 1367 asserere

221 1407 294 1431 nos
328 1395 502 1431 facturos
548 1392 782 1441 simpliciter
824 1400 1182 1440 quantumcunque
1226 1389 1344 1425 fuerit
1388 1389 1425 1425 in
1471 1401 1542 1437 po-

163 1461 205 1482 20
222 1461 366 1490 testate
398 1462 536 1489 nostra
568 1451 647 1488 nisi
680 1449 1031 1497 subintelligendo,
1066 1449 1096 1485 si
1130 1448 1238 1484 Deus
1270 1447 1450 1484 voluerit.

280 1512 395 1547 Unde
428 1510 544 1547 multi
577 1509 729 1546 solicite
763 1508 958 1544 musitant
1003 1507 1108 1543 circa
1150 1506 1226 1542 ista
1272 1505 1539 1553 peripsemata
1556 1513 1719 1541 Excessive
1762 1522 1831 1541 care

222 1569 312 1605 fidei
347 1579 385 1607 et
417 1568 659 1617 permittunt
703 1579 744 1604 se
779 1575 817 1603 et
860 1565 961 1603 alios
1006 1565 1125 1601 fidem
1159 1563 1324 1601 ecclesie
1356 1576 1539 1600 necessa-
1556 1549 1828 1611 ,ᾒξξυζῃςῗᾟζ

222 1627 321 1664 riam
354 1628 549 1676 ignorare,
588 1636 632 1663 ut
672 1624 788 1661 multi
826 1633 865 1661 et
902 1622 1036 1672 magni
1075 1622 1282 1670 musitant,
1329 1632 1367 1659 et
1399 1621 1466 1658 alii
1497 1631 1540 1658 ut

221 1685 340 1730 fidem
374 1694 556 1722 asserunt
589 1685 636 1720 de
670 1695 914 1732 quocunque
948 1681 1015 1730 qui
1047 1693 1128 1717 non
1161 1680 1279 1717 fuerit
1312 1680 1538 1728 baptizatus

164 1742 202 1775 25
220 1743 386 1784 flumine
418 1744 639 1780 secundum
678 1742 851 1778 formam
891 1739 1068 1785 ecclesie,
1103 1752 1179 1787 que
1219 1740 1439 1775 secundum
1480 1738 1538 1774 di-

221 1801 451 1839 versitatem
486 1801 692 1849 regionum
727 1808 764 1835 et
796 1801 970 1835 humane
993 1796 1217 1833 volucionis
1241 1796 1538 1845 quantumlibet

220 1860 412 1907 variatur,
448 1860 557 1908 quod
582 1871 627 1895 eo
659 1858 746 1905 ipso
771 1858 1028 1905 dampnatur.
1069 1856 1171 1892 Cum
1196 1855 1300 1891 enim
1325 1854 1373 1891 sit
1398 1854 1538 1902 triplex

220 1918 443 1966 baptismus
477 1917 626 1954 scilicet
658 1915 847 1961 fluminis,
872 1913 1077 1962 sanguinis
1101 1923 1138 1950 et
1163 1912 1347 1959 flaminis,
1383 1912 1539 1948 videtur

221 1977 329 2024 quod
361 1984 440 2013 stat
462 1975 667 2012 hominem
691 1973 847 2019 salvari,
881 1973 971 2009 licet
997 1984 1079 2008 non
1101 1971 1218 2007 fuerit
1242 1970 1408 2007 flumine
1441 1972 1537 2018 bap-

162 2032 204 2064 30
220 2034 377 2071 tizatus.
437 2037 487 2071 Et
519 2033 671 2070 dictum
697 2031 844 2068 Christi
876 2032 966 2070 Joh.
1001 2031 1061 2076 ΙΙΙ,
1100 2030 1140 2065 3:
1167 2029 1255 2066 Nisi
1276 2029 1357 2078 quis
1380 2036 1536 2065 renatus

207 2093 337 2142 fuerit
374 2104 425 2129 ex
468 2104 566 2141 aqua
610 2099 645 2127 et
688 2091 824 2140 spiritu
857 2097 1002 2131 sancto,
1044 2101 1116 2124 non
1146 2095 1274 2136 potest
1306 2088 1469 2124 introire
1501 2088 1536 2122 in

219 2163 383 2202 regnum
415 2151 502 2197 Dei,
538 2149 777 2197 intelligitur
809 2149 857 2184 de
890 2147 1090 2195 baptismo
1125 2145 1297 2182 flaminis
1330 2146 1437 2181 facto
1460 2145 1536 2181 vir-

219 2218 304 2246 tute
336 2221 437 2257 aque
471 2221 547 2257 que
580 2207 730 2244 effluxit
762 2207 810 2242 de
842 2206 965 2242 latere
999 2204 1222 2241 salvatoris.
1257 2205 1334 2240 Sed
1368 2203 1461 2252 quia
1493 2203 1532 2239 in

218 2267 416 2314 ambiguis
448 2279 540 2314 pars
574 2265 755 2302 securior
787 2274 845 2301 est
884 2264 1068 2308 tenenda,
1116 2262 1275 2299 videtur
1313 2261 1437 2298 michi
1474 2274 1534 2298 se-

159 2322 199 2355 35
219 2324 353 2361 curius
386 2326 496 2374 quod
520 2324 687 2373 quilibet
720 2322 960 2359 christianus
993 2322 1142 2357 habens
1175 2319 1534 2368 opportunitatem,

218 2392 261 2420 ut
301 2396 323 2419 a
361 2395 434 2419 suo
479 2382 661 2431 proximo
706 2380 931 2428 baptizetur
963 2380 1080 2416 debet
1113 2378 1296 2415 celeriter
1327 2377 1534 2426 baptizari.

289 2480 309 2499 1.
331 2472 378 2499 A:
400 2471 441 2499 ita
460 2473 501 2499 in.
575 2470 599 2498 3.
622 2471 669 2498 A:
692 2469 870 2505 probaliter.
967 2477 997 2502 4.
1020 2469 1049 2495 A
1069 2467 1099 2494 in
1121 2474 1237 2501 marg.:
1263 2467 1292 2500 33
1321 2466 1343 2494 B
1364 2467 1394 2494 in
1415 2474 1532 2501 marg:

217 2507 266 2535 Ad
287 2506 312 2535 3.
361 2506 385 2534 5.
408 2507 450 2533 B:
471 2507 639 2533 voluntate.
733 2505 761 2532 6.
783 2505 830 2531 A:
851 2504 995 2531 emendet
1016 2501 1118 2530 nobis.
1160 2506 1162 2508 ’
1186 2509 1213 2537 7.
1229 2504 1274 2529 A:
1293 2509 1406 2536 aquam
1422 2509 1533 2536 quam-

216 2543 300 2570 libet.
375 2550 410 2569 12.
432 2544 475 2569 A:
497 2549 554 2576 pro
575 2541 647 2569 hoc.
707 2541 750 2567 A:
774 2548 791 2566 a
811 2541 907 2566 deest.
981 2546 1023 2571 ¹4·
1046 2540 1094 2565 A:
1117 2537 1187 2564 licet
1208 2543 1316 2565 toturn.
1408 2539 1456 2563 A:
1477 2537 1533 2563 ali-

218 2577 297 2612 quis.
363 2577 399 2604 15.
416 2575 460 2604 C:
482 2576 512 2603 in
534 2577 628 2603 deest.
703 2583 743 2608 17.
765 2573 834 2602 BC:
855 2573 959 2609 operis
980 2574 1084 2605 deest3
1105 2573 1149 2599 A:
1173 2572 1303 2610 intelligi
1326 2572 1405 2599 sicut
1424 2579 1533 2598 secun-

218 2617 301 2639 dam.
383 2620 426 2646 19·
448 2610 516 2638 BC:
540 2618 631 2637 nosse
651 2612 808 2642 factur0s;
834 2610 883 2637 A:
906 2608 1088 2642 simpliciter
1107 2622 1141 2626 -—
1167 2607 1224 2634 nisi
1247 2608 1343 2634 deest.
1424 2614 1469 2634 20.
1492 2606 1532 2633 C:

218 2646 354 2674 solliciti.
464 2653 510 2678 24·
534 2645 577 2674 C:
600 2649 807 2672 asseruerunt.
920 2643 966 2670 26.
988 2642 1057 2670 ssC:
1081 2642 1277 2675 religionum.
1386 2640 1432 2668 28.
1453 2642 1482 2668 A
1502 2642 1533 2668 in

216 2689 335 2715 marg:
357 2681 538 2717 Baptismus
558 2680 685 2715 triplex;
708 2679 729 2705 Β
751 2680 782 2706 in
804 2687 920 2713 marg.:
941 2677 1120 2713 Baptismus
1135 2677 1248 2711 triplex
1261 2675 1409 2709 fluminis,
1430 2674 1533 2703 flumi-

217 2718 264 2743 nis
285 2721 314 2743 et
334 2717 506 2749 sanguinis.
585 2715 628 2742 ib.
650 2714 716 2742 BC:
742 2718 770 2741 et
790 2714 922 2741 videtur.
990 2713 1037 2747 34,
1053 2711 1094 2740 35.
1114 2713 1158 2739 A:
1180 2712 1321 2739 securius
1342 2713 1443 2744 deest3
1464 2709 1532 2738 BC:

215 2751 301 2787 quod
323 2752 418 2779 deest.

285 2821 338 2844 20.
354 2812 416 2855 Ep.
430 2811 549 2844 Jacobi
563 2811 620 2849 IV,
641 2810 694 2844 15:
711 2814 747 2841 ut
761 2809 912 2842 dicatis.-
927 2809 968 2841 Si
981 2807 1158 2840 Dominus
1172 2807 1333 2840 voluerit.
1409 2816 1462 2849 29.
1481 2805 1533 2839 Cf.

215 2858 432 2901 Trialogum,
459 2868 536 2901 pag.
567 2855 640 2890 285.
