<?xml version="1.0" encoding="UTF-8"?>
<!DOCTYPE html PUBLIC "-//W3C//DTD XHTML 1.0 Transitional//EN"
    "http://www.w3.org/TR/xhtml1/DTD/xhtml1-transitional.dtd">
<html xmlns="http://www.w3.org/1999/xhtml" xml:lang="en" lang="en">
 <head>
  <title>
</title>
<meta http-equiv="Content-Type" content="text/html;charset=utf-8" />
  <meta name='ocr-system' content='tesseract 3.04.00' />
  <meta name='ocr-capabilities' content='ocr_page ocr_carea ocr_par ocr_line ocrx_word'/>
</head>
<body>
  <div class='ocr_page' id='page_1' title='image "./iohanniswyclifse0701wycl_0260.png"; bbox 0 0 2017 3353; ppageno 0'>
   <div class='ocr_carea' id='block_1_1' title="bbox 135 298 1736 361">
    <p class='ocr_par' dir='ltr' id='par_1_1' title="bbox 135 298 1736 361">
     <span class='ocr_line' id='line_1_1' title="bbox 135 298 1736 361; baseline 0.01 -28"><span class='ocrx_word' id='word_1_1' title='bbox 135 298 213 334; x_wconf 86' lang='lat'>208</span> <span class='ocrx_word' id='word_1_2' title='bbox 723 311 945 343; x_wconf 80' lang='lat' dir='ltr'><strong>JOHANNIS</strong></span> <span class='ocrx_word' id='word_1_3' title='bbox 963 312 1145 347; x_wconf 75' lang='lat' dir='ltr'>WYCLtF</span> <span class='ocrx_word' id='word_1_4' title='bbox 1167 315 1421 348; x_wconf 85' lang='lat' dir='ltr'><strong>SERMONUM</strong></span> <span class='ocrx_word' id='word_1_5' title='bbox 1461 303 1612 361; x_wconf 79' lang='lat' dir='ltr'>[SERMO</span> <span class='ocrx_word' id='word_1_6' title='bbox 1627 315 1736 344; x_wconf 63' lang='lat' dir='ltr'>xxxi</span> 
     </span>
    </p>
   </div>
   <div class='ocr_carea' id='block_1_2' title="bbox 139 408 1815 2551">
    <p class='ocr_par' dir='ltr' id='par_1_2' title="bbox 139 408 1815 2551">
     <span class='ocr_line' id='line_1_2' title="bbox 139 408 1736 470; baseline 0.008 -22"><span class='ocrx_word' id='word_1_7' title='bbox 139 408 299 469; x_wconf 42' lang='lat' dir='ltr'>2513]ssss</span> <span class='ocrx_word' id='word_1_8' title='bbox 318 409 396 470; x_wconf 49' lang='lat' dir='ltr'>fflffi</span> <span class='ocrx_word' id='word_1_9' title='bbox 420 427 460 451; x_wconf 90' lang='lat' dir='ltr'>se</span> <span class='ocrx_word' id='word_1_10' title='bbox 504 416 635 452; x_wconf 90' lang='lat' dir='ltr'>colere</span> <span class='ocrx_word' id='word_1_11' title='bbox 680 425 716 452; x_wconf 91' lang='lat' dir='ltr'>et</span> <span class='ocrx_word' id='word_1_12' title='bbox 761 416 924 465; x_wconf 77' lang='lat' dir='ltr'>diligere</span> <span class='ocrx_word' id='word_1_13' title='bbox 970 420 1065 455; x_wconf 89' lang='lat' dir='ltr'>deos</span> <span class='ocrx_word' id='word_1_14' title='bbox 1109 433 1214 467; x_wconf 82' lang='lat' dir='ltr'>suos,</span> <span class='ocrx_word' id='word_1_15' title='bbox 1261 431 1297 458; x_wconf 92' lang='lat' dir='ltr'>et</span> <span class='ocrx_word' id='word_1_16' title='bbox 1341 422 1431 459; x_wconf 90' lang='lat' dir='ltr'>ideo</span> <span class='ocrx_word' id='word_1_17' title='bbox 1474 436 1635 460; x_wconf 91' lang='lat' dir='ltr'>necesse</span> <span class='ocrx_word' id='word_1_18' title='bbox 1679 434 1736 461; x_wconf 89' lang='lat' dir='ltr'>est</span> 
     </span>
     <span class='ocr_line' id='line_1_3' title="bbox 184 474 1734 518; baseline 0.01 -15"><span class='ocrx_word' id='word_1_19' title='bbox 184 478 212 504; x_wconf 78' lang='lat' dir='ltr'>m</span> <span class='ocrx_word' id='word_1_20' title='bbox 235 477 348 504; x_wconf 67' lang='lat' dir='ltr'>Christ.</span> <span class='ocrx_word' id='word_1_21' title='bbox 419 485 579 509; x_wconf 88' lang='lat' dir='ltr'>ornnem</span> <span class='ocrx_word' id='word_1_22' title='bbox 614 474 817 510; x_wconf 88' lang='lat' dir='ltr'>hominem</span> <span class='ocrx_word' id='word_1_23' title='bbox 854 476 1000 512; x_wconf 86' lang='lat' dir='ltr'>habere</span> <span class='ocrx_word' id='word_1_24' title='bbox 1033 477 1151 514; x_wconf 88' lang='lat' dir='ltr'>fidem</span> <span class='ocrx_word' id='word_1_25' title='bbox 1179 480 1443 517; x_wconf 82' lang='lat' dir='ltr'>orthodoxam</span> <span class='ocrx_word' id='word_1_26' title='bbox 1470 481 1621 518; x_wconf 87' lang='lat' dir='ltr'>domini</span> <span class='ocrx_word' id='word_1_27' title='bbox 1644 484 1734 518; x_wconf 90' lang='lat' dir='ltr'>Jesu</span> 
     </span>
     <span class='ocr_line' id='line_1_4' title="bbox 419 530 1733 586; baseline 0.008 -20"><span class='ocrx_word' id='word_1_28' title='bbox 419 530 578 568; x_wconf 82' lang='lat' dir='ltr'>Christi.</span> <span class='ocrx_word' id='word_1_29' title='bbox 614 531 794 568; x_wconf 85' lang='lat' dir='ltr'>Christus</span> <span class='ocrx_word' id='word_1_30' title='bbox 828 545 920 581; x_wconf 80' lang='lat' dir='ltr'>ergo</span> <span class='ocrx_word' id='word_1_31' title='bbox 955 535 1056 571; x_wconf 87' lang='lat' dir='ltr'>hanc</span> <span class='ocrx_word' id='word_1_32' title='bbox 1090 536 1208 573; x_wconf 89' lang='lat' dir='ltr'>fidem</span> <span class='ocrx_word' id='word_1_33' title='bbox 1242 537 1477 586; x_wconf 89' lang='lat' dir='ltr'>imprimens</span> <span class='ocrx_word' id='word_1_34' title='bbox 1511 539 1606 576; x_wconf 86' lang='lat' dir='ltr'>dicit</span> <span class='ocrx_word' id='word_1_35' title='bbox 1635 540 1733 577; x_wconf 79' lang='lat' dir='ltr'>veri-</span> 
     </span>
     <span class='ocr_line' id='line_1_5' title="bbox 417 589 1734 647; baseline 0.008 -23"><span class='ocrx_word' id='word_1_36' title='bbox 417 597 539 625; x_wconf 82' lang='lat' dir='ltr'>tatem</span> <span class='ocrx_word' id='word_1_37' title='bbox 564 589 820 626; x_wconf 84' lang='lat' dir='ltr'>connexionis</span> <span class='ocrx_word' id='word_1_38' title='bbox 844 590 1128 640; x_wconf 83' lang='lat' dir='ltr'>infringibilem</span> <span class='ocrx_word' id='word_1_39' title='bbox 1152 597 1260 643; x_wconf 91' lang='lat' dir='ltr'>quod</span> <span class='ocrx_word' id='word_1_40' title='bbox 1288 597 1322 632; x_wconf 86' lang='lat' dir='ltr'>si</span> <span class='ocrx_word' id='word_1_41' title='bbox 1341 597 1423 645; x_wconf 81' lang='lat' dir='ltr'>quis</span> <span class='ocrx_word' id='word_1_42' title='bbox 1445 597 1567 646; x_wconf 81' lang='lat' dir='ltr'>ipsum</span> <span class='ocrx_word' id='word_1_43' title='bbox 1592 598 1734 647; x_wconf 76' lang='lat' dir='ltr'><em>diligit,</em></span> 
     </span>
     <span class='ocr_line' id='line_1_6' title="bbox 416 650 1788 693; baseline 0.008 -12"><span class='ocrx_word' id='word_1_44' title='bbox 416 659 630 683; x_wconf 77' lang='lat' dir='ltr'>sermonem</span> <span class='ocrx_word' id='word_1_45' title='bbox 663 661 772 683; x_wconf 83' lang='lat' dir='ltr'>sunm</span> <span class='ocrx_word' id='word_1_46' title='bbox 806 650 985 685; x_wconf 81' lang='lat' dir='ltr'><em>servabit.</em></span> <span class='ocrx_word' id='word_1_47' title='bbox 1021 653 1109 688; x_wconf 90' lang='lat' dir='ltr'>Non</span> <span class='ocrx_word' id='word_1_48' title='bbox 1142 652 1245 689; x_wconf 90' lang='lat' dir='ltr'>enim</span> <span class='ocrx_word' id='word_1_49' title='bbox 1279 654 1374 690; x_wconf 88' lang='lat' dir='ltr'>satis</span> <span class='ocrx_word' id='word_1_50' title='bbox 1399 663 1456 690; x_wconf 86' lang='lat' dir='ltr'>est</span> <span class='ocrx_word' id='word_1_51' title='bbox 1479 655 1617 691; x_wconf 86' lang='lat' dir='ltr'>audire</span> <span class='ocrx_word' id='word_1_52' title='bbox 1639 655 1732 691; x_wconf 89' lang='lat' dir='ltr'>sim-</span> <span class='ocrx_word' id='word_1_53' title='bbox 1773 661 1788 693; x_wconf 79' lang='lat'><strong>5</strong></span> 
     </span>
     <span class='ocr_line' id='line_1_7' title="bbox 416 704 1732 762; baseline 0.008 -22"><span class='ocrx_word' id='word_1_54' title='bbox 416 704 572 751; x_wconf 83' lang='lat' dir='ltr'>pliciter</span> <span class='ocrx_word' id='word_1_55' title='bbox 609 707 774 742; x_wconf 81' lang='lat' dir='ltr'>verbum</span> <span class='ocrx_word' id='word_1_56' title='bbox 814 706 975 755; x_wconf 84' lang='lat' dir='ltr'>Christi,</span> <span class='ocrx_word' id='word_1_57' title='bbox 1016 721 1105 745; x_wconf 88' lang='lat' dir='ltr'>cum</span> <span class='ocrx_word' id='word_1_58' title='bbox 1146 711 1221 747; x_wconf 91' lang='lat' dir='ltr'>hoc</span> <span class='ocrx_word' id='word_1_59' title='bbox 1259 711 1409 748; x_wconf 85' lang='lat' dir='ltr'>faciunt</span> <span class='ocrx_word' id='word_1_60' title='bbox 1449 713 1571 749; x_wconf 85' lang='lat' dir='ltr'>bestie</span> <span class='ocrx_word' id='word_1_61' title='bbox 1613 722 1732 762; x_wconf 89' lang='lat' dir='ltr'>atque</span> 
     </span>
     <span class='ocr_line' id='line_1_8' title="bbox 415 765 1732 819; baseline 0.008 -21"><span class='ocrx_word' id='word_1_62' title='bbox 415 775 518 808; x_wconf 79' lang='lat' dir='ltr'>aves,</span> <span class='ocrx_word' id='word_1_63' title='bbox 558 765 626 799; x_wconf 81' lang='lat' dir='ltr'>sed</span> <span class='ocrx_word' id='word_1_64' title='bbox 659 772 818 812; x_wconf 79' lang='lat' dir='ltr'>oportet</span> <span class='ocrx_word' id='word_1_65' title='bbox 858 765 987 813; x_wconf 87' lang='lat' dir='ltr'>ipsum</span> <span class='ocrx_word' id='word_1_66' title='bbox 1027 780 1184 805; x_wconf 82' lang='lat' dir='ltr'>servare</span> <span class='ocrx_word' id='word_1_67' title='bbox 1223 770 1456 806; x_wconf 82' lang='lat' dir='ltr'>memoriter</span> <span class='ocrx_word' id='word_1_68' title='bbox 1495 779 1531 807; x_wconf 89' lang='lat' dir='ltr'>et</span> <span class='ocrx_word' id='word_1_69' title='bbox 1565 771 1732 819; x_wconf 86' lang='lat' dir='ltr'>implere</span> 
     </span>
     <span class='ocr_line' id='line_1_9' title="bbox 414 821 790 869; baseline 0.008 -14"><span class='ocrx_word' id='word_1_70' title='bbox 414 832 534 868; x_wconf 88' lang='lat' dir='ltr'>opere</span> <span class='ocrx_word' id='word_1_71' title='bbox 568 821 790 869; x_wconf 79' lang='lat' dir='ltr'>diligenter.</span> 
     </span>
     <span class='ocr_line' id='line_1_10' title="bbox 186 880 1730 935; baseline 0.01 -26"><span class='ocrx_word' id='word_1_72' title='bbox 186 882 335 927; x_wconf 17' lang='lat' dir='ltr'>Captrious</span> <span class='ocrx_word' id='word_1_73' title='bbox 375 918 379 922; x_wconf 14' lang='lat' dir='ltr'><em>J</em></span> <span class='ocrx_word' id='word_1_74' title='bbox 472 881 552 914; x_wconf 89' lang='lat' dir='ltr'>Nec</span> <span class='ocrx_word' id='word_1_75' title='bbox 575 888 733 927; x_wconf 75' lang='lat' dir='ltr'>oportet</span> <span class='ocrx_word' id='word_1_76' title='bbox 756 880 897 917; x_wconf 89' lang='lat' dir='ltr'>timere</span> <span class='ocrx_word' id='word_1_77' title='bbox 921 881 1102 929; x_wconf 81' lang='lat' dir='ltr'>argucias</span> <span class='ocrx_word' id='word_1_78' title='bbox 1125 884 1394 932; x_wconf 80' lang='lat' dir='ltr'>sophistarum</span> <span class='ocrx_word' id='word_1_79' title='bbox 1413 886 1555 934; x_wconf 88' lang='lat' dir='ltr'>quibus</span> <span class='ocrx_word' id='word_1_80' title='bbox 1577 896 1730 935; x_wconf 87' lang='lat' dir='ltr'>ponunt</span> 
     </span>
     <span class='ocr_line' id='line_1_11' title="bbox 148 921 1788 988; baseline 0.008 -19"><span class='ocrx_word' id='word_1_81' title='bbox 148 921 375 988; x_wconf 55' lang='lat' dir='ltr'>{{,²‘{¹¹s¹2,}¹1¹]¹5{1?¹</span> <span class='ocrx_word' id='word_1_82' title='bbox 414 937 573 972; x_wconf 85' lang='lat' dir='ltr'>Petrum</span> <span class='ocrx_word' id='word_1_83' title='bbox 614 938 847 974; x_wconf 76' lang='lat' dir='ltr'>salvandum</span> <span class='ocrx_word' id='word_1_84' title='bbox 889 951 973 976; x_wconf 89' lang='lat' dir='ltr'>esse</span> <span class='ocrx_word' id='word_1_85' title='bbox 1010 939 1050 976; x_wconf 92' lang='lat' dir='ltr'>in</span> <span class='ocrx_word' id='word_1_86' title='bbox 1097 941 1239 978; x_wconf 88' lang='lat' dir='ltr'>ultimo</span> <span class='ocrx_word' id='word_1_87' title='bbox 1282 942 1445 980; x_wconf 86' lang='lat' dir='ltr'>instanti</span> <span class='ocrx_word' id='word_1_88' title='bbox 1488 945 1788 983; x_wconf 69' lang='lat' dir='ltr'>servacionisio</span> 
     </span>
     <span class='ocr_line' id='line_1_12' title="bbox 412 995 1726 1049; baseline 0.008 -20"><span class='ocrx_word' id='word_1_89' title='bbox 412 995 624 1030; x_wconf 78' lang='lat' dir='ltr'>verborum</span> <span class='ocrx_word' id='word_1_90' title='bbox 647 995 813 1038; x_wconf 80' lang='lat' dir='ltr'>Christi;</span> <span class='ocrx_word' id='word_1_91' title='bbox 847 1005 941 1034; x_wconf 90' lang='lat' dir='ltr'>tunc</span> <span class='ocrx_word' id='word_1_92' title='bbox 974 997 1188 1048; x_wconf 86' lang='lat' dir='ltr'>(inquiunt)</span> <span class='ocrx_word' id='word_1_93' title='bbox 1216 1002 1352 1037; x_wconf 84' lang='lat' dir='ltr'>Petrus</span> <span class='ocrx_word' id='word_1_94' title='bbox 1376 1001 1502 1049; x_wconf 74' lang='lat' dir='ltr'>diligit</span> <span class='ocrx_word' id='word_1_95' title='bbox 1525 1002 1726 1039; x_wconf 81' lang='lat' dir='ltr'>Christum</span> 
     </span>
     <span class='ocr_line' id='line_1_13' title="bbox 412 1053 1729 1106; baseline 0.008 -19"><span class='ocrx_word' id='word_1_96' title='bbox 412 1054 467 1095; x_wconf 89' lang='lat' dir='ltr'>(ut</span> <span class='ocrx_word' id='word_1_97' title='bbox 500 1053 678 1101; x_wconf 89' lang='lat' dir='ltr'>ponitur)</span> <span class='ocrx_word' id='word_1_98' title='bbox 715 1063 751 1089; x_wconf 88' lang='lat' dir='ltr'>et</span> <span class='ocrx_word' id='word_1_99' title='bbox 778 1063 913 1091; x_wconf 86' lang='lat' dir='ltr'>tamen</span> <span class='ocrx_word' id='word_1_100' title='bbox 934 1069 1155 1105; x_wconf 87' lang='lat' dir='ltr'>numquam</span> <span class='ocrx_word' id='word_1_101' title='bbox 1183 1059 1355 1095; x_wconf 86' lang='lat' dir='ltr'>servabit</span> <span class='ocrx_word' id='word_1_102' title='bbox 1378 1068 1465 1106; x_wconf 70' lang='lat' dir='ltr'>etc.‚</span> <span class='ocrx_word' id='word_1_103' title='bbox 1501 1073 1589 1096; x_wconf 89' lang='lat' dir='ltr'>cum</span> <span class='ocrx_word' id='word_1_104' title='bbox 1623 1074 1729 1097; x_wconf 88' lang='lat' dir='ltr'>nunc</span> 
     </span>
     <span class='ocr_line' id='line_1_14' title="bbox 411 1109 1729 1166; baseline 0.008 -22"><span class='ocrx_word' id='word_1_105' title='bbox 411 1109 459 1145; x_wconf 85' lang='lat' dir='ltr'>sit</span> <span class='ocrx_word' id='word_1_106' title='bbox 493 1110 677 1147; x_wconf 89' lang='lat' dir='ltr'>ultimum</span> <span class='ocrx_word' id='word_1_107' title='bbox 713 1111 863 1148; x_wconf 87' lang='lat' dir='ltr'>instans</span> <span class='ocrx_word' id='word_1_108' title='bbox 896 1113 936 1149; x_wconf 90' lang='lat' dir='ltr'>in</span> <span class='ocrx_word' id='word_1_109' title='bbox 969 1128 1048 1163; x_wconf 91' lang='lat' dir='ltr'>quo</span> <span class='ocrx_word' id='word_1_110' title='bbox 1081 1125 1221 1152; x_wconf 79' lang='lat' dir='ltr'>servat.</span> <span class='ocrx_word' id='word_1_111' title='bbox 1257 1119 1305 1152; x_wconf 88' lang='lat' dir='ltr'>Et</span> <span class='ocrx_word' id='word_1_112' title='bbox 1336 1120 1643 1166; x_wconf 88' lang='lat' dir='ltr'>supponendum</span> <span class='ocrx_word' id='word_1_113' title='bbox 1672 1128 1729 1155; x_wconf 90' lang='lat' dir='ltr'>est</span> 
     </span>
     <span class='ocr_line' id='line_1_15' title="bbox 411 1169 1728 1225; baseline 0.008 -23"><span class='ocrx_word' id='word_1_114' title='bbox 411 1169 518 1215; x_wconf 89' lang='lat' dir='ltr'>quod</span> <span class='ocrx_word' id='word_1_115' title='bbox 542 1169 719 1216; x_wconf 83' lang='lat' dir='ltr'>loquitur</span> <span class='ocrx_word' id='word_1_116' title='bbox 757 1170 1002 1218; x_wconf 78' lang='lat' dir='ltr'>pertinenter</span> <span class='ocrx_word' id='word_1_117' title='bbox 1040 1174 1087 1209; x_wconf 90' lang='lat' dir='ltr'>de</span> <span class='ocrx_word' id='word_1_118' title='bbox 1126 1174 1330 1211; x_wconf 84' lang='lat' dir='ltr'>servancia</span> <span class='ocrx_word' id='word_1_119' title='bbox 1362 1175 1580 1217; x_wconf 71' lang='lat' dir='ltr'>viatorum:</span> <span class='ocrx_word' id='word_1_120' title='bbox 1620 1178 1728 1225; x_wconf 87' lang='lat' dir='ltr'>quod</span> 
     </span>
     <span class='ocr_line' id='line_1_16' title="bbox 411 1226 1785 1280; baseline 0.008 -20"><span class='ocrx_word' id='word_1_121' title='bbox 411 1238 500 1261; x_wconf 87' lang='lat' dir='ltr'>cum</span> <span class='ocrx_word' id='word_1_122' title='bbox 537 1226 586 1262; x_wconf 90' lang='lat' dir='ltr'>sit</span> <span class='ocrx_word' id='word_1_123' title='bbox 619 1228 761 1263; x_wconf 89' lang='lat' dir='ltr'>falsum</span> <span class='ocrx_word' id='word_1_124' title='bbox 795 1242 868 1277; x_wconf 91' lang='lat' dir='ltr'>pro</span> <span class='ocrx_word' id='word_1_125' title='bbox 902 1229 984 1266; x_wconf 90' lang='lat' dir='ltr'>eius</span> <span class='ocrx_word' id='word_1_126' title='bbox 1018 1230 1094 1267; x_wconf 81' lang='lat' dir='ltr'>fine</span> <span class='ocrx_word' id='word_1_127' title='bbox 1133 1234 1239 1280; x_wconf 87' lang='lat' dir='ltr'>quod</span> <span class='ocrx_word' id='word_1_128' title='bbox 1274 1232 1356 1269; x_wconf 90' lang='lat' dir='ltr'>eius</span> <span class='ocrx_word' id='word_1_129' title='bbox 1388 1246 1612 1271; x_wconf 88' lang='lat' dir='ltr'>sermonem</span> <span class='ocrx_word' id='word_1_130' title='bbox 1649 1248 1727 1270; x_wconf 83' lang='lat' dir='ltr'>ser-</span> <span class='ocrx_word' id='word_1_131' title='bbox 1749 1240 1785 1272; x_wconf 86' lang='lat'>15</span> 
     </span>
     <span class='ocr_line' id='line_1_17' title="bbox 409 1283 1728 1339; baseline 0.008 -20"><span class='ocrx_word' id='word_1_132' title='bbox 409 1283 515 1319; x_wconf 69' lang='lat' dir='ltr'>vabit</span> <span class='ocrx_word' id='word_1_133' title='bbox 540 1284 577 1320; x_wconf 87' lang='lat' dir='ltr'>in</span> <span class='ocrx_word' id='word_1_134' title='bbox 604 1295 806 1332; x_wconf 83' lang='lat' dir='ltr'>posterum</span> <span class='ocrx_word' id='word_1_135' title='bbox 831 1287 890 1323; x_wconf 76' lang='lat' dir='ltr'>vel</span> <span class='ocrx_word' id='word_1_136' title='bbox 915 1289 1117 1333; x_wconf 75' lang='lat' dir='ltr'>mandata,</span> <span class='ocrx_word' id='word_1_137' title='bbox 1141 1289 1297 1326; x_wconf 74' lang='lat' dir='ltr'>videtur</span> <span class='ocrx_word' id='word_1_138' title='bbox 1315 1292 1422 1339; x_wconf 90' lang='lat' dir='ltr'>quod</span> <span class='ocrx_word' id='word_1_139' title='bbox 1439 1292 1728 1329; x_wconf 83' lang='lat' dir='ltr'>condicionalis</span> 
     </span>
     <span class='ocr_line' id='line_1_18' title="bbox 410 1342 1727 1397; baseline 0.007 -20"><span class='ocrx_word' id='word_1_140' title='bbox 410 1342 557 1378; x_wconf 87' lang='lat' dir='ltr'>Christi</span> <span class='ocrx_word' id='word_1_141' title='bbox 602 1343 650 1378; x_wconf 86' lang='lat' dir='ltr'>sit</span> <span class='ocrx_word' id='word_1_142' title='bbox 690 1343 948 1392; x_wconf 87' lang='lat' dir='ltr'>impossibilis</span> <span class='ocrx_word' id='word_1_143' title='bbox 987 1355 1023 1382; x_wconf 86' lang='lat' dir='ltr'>et</span> <span class='ocrx_word' id='word_1_144' title='bbox 1062 1360 1132 1395; x_wconf 89' lang='lat' dir='ltr'>per</span> <span class='ocrx_word' id='word_1_145' title='bbox 1171 1361 1418 1397; x_wconf 87' lang='lat' dir='ltr'>consequens</span> <span class='ocrx_word' id='word_1_146' title='bbox 1457 1358 1541 1386; x_wconf 86' lang='lat' dir='ltr'>tota</span> <span class='ocrx_word' id='word_1_147' title='bbox 1580 1350 1727 1386; x_wconf 85' lang='lat' dir='ltr'>Christi</span> 
     </span>
     <span class='ocr_line' id='line_1_19' title="bbox 409 1400 930 1450; baseline 0.01 -15"><span class='ocrx_word' id='word_1_148' title='bbox 409 1400 612 1437; x_wconf 84' lang='lat' dir='ltr'>sentencia</span> <span class='ocrx_word' id='word_1_149' title='bbox 645 1411 701 1437; x_wconf 85' lang='lat' dir='ltr'>est</span> <span class='ocrx_word' id='word_1_150' title='bbox 734 1412 930 1450; x_wconf 84' lang='lat' dir='ltr'>suspecta.</span> 
     </span>
     <span class='ocr_line' id='line_1_20' title="bbox 149 1451 1723 1513; baseline 0.007 -22"><span class='ocrx_word' id='word_1_151' title='bbox 149 1451 312 1513; x_wconf 50' lang='lat' dir='ltr'>³¹¹dtffifflss‘</span> <span class='ocrx_word' id='word_1_152' title='bbox 334 1457 364 1479; x_wconf 72' lang='lat'>¹0</span> <span class='ocrx_word' id='word_1_153' title='bbox 467 1460 544 1494; x_wconf 86' lang='lat' dir='ltr'>Sed</span> <span class='ocrx_word' id='word_1_154' title='bbox 577 1462 886 1507; x_wconf 88' lang='lat' dir='ltr'>supponendum</span> <span class='ocrx_word' id='word_1_155' title='bbox 920 1470 975 1497; x_wconf 88' lang='lat' dir='ltr'>est</span> <span class='ocrx_word' id='word_1_156' title='bbox 1008 1462 1185 1510; x_wconf 89' lang='lat' dir='ltr'>sophiste</span> <span class='ocrx_word' id='word_1_157' title='bbox 1217 1465 1377 1511; x_wconf 76' lang='lat' dir='ltr'>garrulo</span> <span class='ocrx_word' id='word_1_158' title='bbox 1410 1467 1518 1513; x_wconf 88' lang='lat' dir='ltr'>quod</span> <span class='ocrx_word' id='word_1_159' title='bbox 1552 1475 1723 1511; x_wconf 86' lang='lat' dir='ltr'>maneat,</span> 
     </span>
     <span class='ocr_line' id='line_1_21' title="bbox 409 1518 1783 1567; baseline 0.007 -16"><span class='ocrx_word' id='word_1_160' title='bbox 409 1525 764 1565; x_wconf 85' lang='lat' dir='ltr'>quantumcunque</span> <span class='ocrx_word' id='word_1_161' title='bbox 787 1518 994 1566; x_wconf 83' lang='lat' dir='ltr'>capciosus</span> <span class='ocrx_word' id='word_1_162' title='bbox 1015 1521 1198 1567; x_wconf 74' lang='lat' dir='ltr'>voluerit,</span> <span class='ocrx_word' id='word_1_163' title='bbox 1221 1530 1257 1557; x_wconf 87' lang='lat' dir='ltr'>et</span> <span class='ocrx_word' id='word_1_164' title='bbox 1273 1522 1562 1559; x_wconf 88' lang='lat' dir='ltr'>condicionalis</span> <span class='ocrx_word' id='word_1_165' title='bbox 1578 1524 1723 1559; x_wconf 83' lang='lat' dir='ltr'>Christi</span> <span class='ocrx_word' id='word_1_166' title='bbox 1742 1538 1783 1560; x_wconf 80' lang='lat'>20</span> 
     </span>
     <span class='ocr_line' id='line_1_22' title="bbox 409 1574 1724 1629; baseline 0.008 -21"><span class='ocrx_word' id='word_1_167' title='bbox 409 1574 585 1610; x_wconf 88' lang='lat' dir='ltr'>manebit</span> <span class='ocrx_word' id='word_1_168' title='bbox 620 1574 871 1623; x_wconf 76' lang='lat' dir='ltr'>infringibilis</span> <span class='ocrx_word' id='word_1_169' title='bbox 905 1579 952 1613; x_wconf 89' lang='lat' dir='ltr'>de</span> <span class='ocrx_word' id='word_1_170' title='bbox 981 1577 1125 1615; x_wconf 69' lang='lat' dir='ltr'>virtute</span> <span class='ocrx_word' id='word_1_171' title='bbox 1147 1579 1355 1616; x_wconf 89' lang='lat' dir='ltr'>sermonis.</span> <span class='ocrx_word' id='word_1_172' title='bbox 1391 1582 1468 1616; x_wconf 87' lang='lat' dir='ltr'>Pro</span> <span class='ocrx_word' id='word_1_173' title='bbox 1492 1594 1571 1629; x_wconf 86' lang='lat' dir='ltr'>quo</span> <span class='ocrx_word' id='word_1_174' title='bbox 1596 1583 1724 1618; x_wconf 85' lang='lat' dir='ltr'>decla—</span> 
     </span>
     <span class='ocr_line' id='line_1_23' title="bbox 408 1633 1724 1687; baseline 0.007 -21"><span class='ocrx_word' id='word_1_175' title='bbox 408 1633 534 1667; x_wconf 86' lang='lat' dir='ltr'>rando</span> <span class='ocrx_word' id='word_1_176' title='bbox 579 1646 762 1680; x_wconf 84' lang='lat' dir='ltr'>suppono</span> <span class='ocrx_word' id='word_1_177' title='bbox 807 1636 913 1682; x_wconf 85' lang='lat' dir='ltr'>quod</span> <span class='ocrx_word' id='word_1_178' title='bbox 958 1636 1137 1684; x_wconf 85' lang='lat' dir='ltr'>sophista</span> <span class='ocrx_word' id='word_1_179' title='bbox 1181 1637 1307 1673; x_wconf 87' lang='lat' dir='ltr'>nescit</span> <span class='ocrx_word' id='word_1_180' title='bbox 1350 1637 1564 1686; x_wconf 82' lang='lat' dir='ltr'>infringere</span> <span class='ocrx_word' id='word_1_181' title='bbox 1617 1641 1724 1687; x_wconf 86' lang='lat' dir='ltr'>quod</span> 
     </span>
     <span class='ocr_line' id='line_1_24' title="bbox 408 1691 1467 1743; baseline 0.008 -19"><span class='ocrx_word' id='word_1_182' title='bbox 408 1702 526 1726; x_wconf 89' lang='lat' dir='ltr'>omne</span> <span class='ocrx_word' id='word_1_183' title='bbox 560 1693 667 1738; x_wconf 87' lang='lat' dir='ltr'>quod</span> <span class='ocrx_word' id='word_1_184' title='bbox 702 1691 773 1727; x_wconf 90' lang='lat' dir='ltr'>fuit</span> <span class='ocrx_word' id='word_1_185' title='bbox 805 1693 865 1728; x_wconf 73' lang='lat' dir='ltr'>vel</span> <span class='ocrx_word' id='word_1_186' title='bbox 899 1693 972 1729; x_wconf 86' lang='lat' dir='ltr'>erit</span> <span class='ocrx_word' id='word_1_187' title='bbox 1006 1703 1062 1730; x_wconf 88' lang='lat' dir='ltr'>est</span> <span class='ocrx_word' id='word_1_188' title='bbox 1095 1694 1135 1730; x_wconf 92' lang='lat' dir='ltr'>in</span> <span class='ocrx_word' id='word_1_189' title='bbox 1167 1708 1238 1730; x_wconf 86' lang='lat' dir='ltr'>suo</span> <span class='ocrx_word' id='word_1_190' title='bbox 1272 1704 1467 1743; x_wconf 87' lang='lat' dir='ltr'>tempore.</span> 
     </span>
     <span class='ocr_line' id='line_1_25' title="bbox 464 1749 1723 1805; baseline 0.007 -23"><span class='ocrx_word' id='word_1_191' title='bbox 464 1749 519 1783; x_wconf 82' lang='lat' dir='ltr'>Ex</span> <span class='ocrx_word' id='word_1_192' title='bbox 557 1762 636 1796; x_wconf 85' lang='lat' dir='ltr'>quo</span> <span class='ocrx_word' id='word_1_193' title='bbox 675 1749 854 1798; x_wconf 88' lang='lat' dir='ltr'>sequitur</span> <span class='ocrx_word' id='word_1_194' title='bbox 887 1753 1007 1799; x_wconf 81' lang='lat' dir='ltr'>quod,</span> <span class='ocrx_word' id='word_1_195' title='bbox 1042 1753 1075 1788; x_wconf 81' lang='lat' dir='ltr'>si</span> <span class='ocrx_word' id='word_1_196' title='bbox 1106 1753 1189 1801; x_wconf 81' lang='lat' dir='ltr'>quis</span> <span class='ocrx_word' id='word_1_197' title='bbox 1225 1753 1422 1789; x_wconf 77' lang='lat' dir='ltr'>Christum</span> <span class='ocrx_word' id='word_1_198' title='bbox 1456 1755 1598 1805; x_wconf 73' lang='lat' dir='ltr'>diligit,</span> <span class='ocrx_word' id='word_1_199' title='bbox 1630 1764 1723 1791; x_wconf 88' lang='lat' dir='ltr'>tunc</span> 
     </span>
     <span class='ocr_line' id='line_1_26' title="bbox 407 1808 1779 1861; baseline 0.007 -21"><span class='ocrx_word' id='word_1_200' title='bbox 407 1814 463 1840; x_wconf 87' lang='lat' dir='ltr'>est</span> <span class='ocrx_word' id='word_1_201' title='bbox 496 1814 653 1854; x_wconf 89' lang='lat' dir='ltr'>tempus</span> <span class='ocrx_word' id='word_1_202' title='bbox 686 1808 921 1855; x_wconf 85' lang='lat' dir='ltr'>preteritum</span> <span class='ocrx_word' id='word_1_203' title='bbox 956 1812 1063 1857; x_wconf 84' lang='lat' dir='ltr'>quod</span> <span class='ocrx_word' id='word_1_204' title='bbox 1097 1810 1357 1847; x_wconf 84' lang='lat' dir='ltr'>dileccionem</span> <span class='ocrx_word' id='word_1_205' title='bbox 1392 1812 1500 1848; x_wconf 85' lang='lat' dir='ltr'>illam</span> <span class='ocrx_word' id='word_1_206' title='bbox 1532 1813 1721 1861; x_wconf 84' lang='lat' dir='ltr'>precedit,</span> <span class='ocrx_word' id='word_1_207' title='bbox 1741 1819 1779 1851; x_wconf 76' lang='lat'>25</span> 
     </span>
     <span class='ocr_line' id='line_1_27' title="bbox 406 1862 1721 1919; baseline 0.007 -21"><span class='ocrx_word' id='word_1_208' title='bbox 406 1862 443 1898; x_wconf 88' lang='lat' dir='ltr'>in</span> <span class='ocrx_word' id='word_1_209' title='bbox 479 1876 558 1911; x_wconf 90' lang='lat' dir='ltr'>quo</span> <span class='ocrx_word' id='word_1_210' title='bbox 597 1874 653 1901; x_wconf 88' lang='lat' dir='ltr'>est</span> <span class='ocrx_word' id='word_1_211' title='bbox 691 1878 827 1901; x_wconf 79' lang='lat' dir='ltr'>verum</span> <span class='ocrx_word' id='word_1_212' title='bbox 868 1869 974 1914; x_wconf 86' lang='lat' dir='ltr'>quod</span> <span class='ocrx_word' id='word_1_213' title='bbox 1014 1881 1228 1905; x_wconf 81' lang='lat' dir='ltr'>sermonem</span> <span class='ocrx_word' id='word_1_214' title='bbox 1267 1869 1415 1905; x_wconf 77' lang='lat' dir='ltr'>Christi</span> <span class='ocrx_word' id='word_1_215' title='bbox 1449 1872 1615 1907; x_wconf 75' lang='lat' dir='ltr'>servabit</span> <span class='ocrx_word' id='word_1_216' title='bbox 1650 1884 1721 1919; x_wconf 81' lang='lat' dir='ltr'>pro</span> 
     </span>
     <span class='ocr_line' id='line_1_28' title="bbox 406 1920 1721 1971; baseline 0.007 -15"><span class='ocrx_word' id='word_1_217' title='bbox 406 1920 538 1957; x_wconf 83' lang='lat' dir='ltr'>futuro</span> <span class='ocrx_word' id='word_1_218' title='bbox 583 1931 765 1971; x_wconf 88' lang='lat' dir='ltr'>tempore</span> <span class='ocrx_word' id='word_1_219' title='bbox 809 1926 1051 1962; x_wconf 87' lang='lat' dir='ltr'>succedenti.</span> <span class='ocrx_word' id='word_1_220' title='bbox 1105 1929 1185 1963; x_wconf 87' lang='lat' dir='ltr'>Nec</span> <span class='ocrx_word' id='word_1_221' title='bbox 1236 1935 1343 1963; x_wconf 84' lang='lat' dir='ltr'>caret</span> <span class='ocrx_word' id='word_1_222' title='bbox 1393 1927 1467 1964; x_wconf 86' lang='lat' dir='ltr'>ista</span> <span class='ocrx_word' id='word_1_223' title='bbox 1517 1929 1721 1965; x_wconf 81' lang='lat' dir='ltr'>servaneia</span> 
     </span>
     <span class='ocr_line' id='line_1_29' title="bbox 406 1978 1719 2033; baseline 0.008 -20"><span class='ocrx_word' id='word_1_224' title='bbox 406 1978 535 2015; x_wconf 83' lang='lat' dir='ltr'>fructu</span> <span class='ocrx_word' id='word_1_225' title='bbox 569 1980 773 2027; x_wconf 84' lang='lat' dir='ltr'>laudabili,</span> <span class='ocrx_word' id='word_1_226' title='bbox 809 1995 898 2018; x_wconf 86' lang='lat' dir='ltr'>cum</span> <span class='ocrx_word' id='word_1_227' title='bbox 933 1995 978 2019; x_wconf 89' lang='lat' dir='ltr'>eo</span> <span class='ocrx_word' id='word_1_228' title='bbox 1012 1984 1097 2032; x_wconf 87' lang='lat' dir='ltr'>ipso</span> <span class='ocrx_word' id='word_1_229' title='bbox 1132 1985 1238 2033; x_wconf 87' lang='lat' dir='ltr'>quod</span> <span class='ocrx_word' id='word_1_230' title='bbox 1262 1984 1317 2020; x_wconf 89' lang='lat' dir='ltr'>sic</span> <span class='ocrx_word' id='word_1_231' title='bbox 1340 1994 1469 2022; x_wconf 74' lang='lat' dir='ltr'>servat</span> <span class='ocrx_word' id='word_1_232' title='bbox 1492 1999 1719 2023; x_wconf 87' lang='lat' dir='ltr'>sermonem</span> 
     </span>
     <span class='ocr_line' id='line_1_30' title="bbox 406 2036 1719 2092; baseline 0.008 -21"><span class='ocrx_word' id='word_1_233' title='bbox 406 2036 566 2083; x_wconf 80' lang='lat' dir='ltr'>Christi,</span> <span class='ocrx_word' id='word_1_234' title='bbox 602 2041 706 2075; x_wconf 87' lang='lat' dir='ltr'>Deus</span> <span class='ocrx_word' id='word_1_235' title='bbox 733 2047 850 2088; x_wconf 74' lang='lat' dir='ltr'>pater</span> <span class='ocrx_word' id='word_1_236' title='bbox 881 2041 1003 2089; x_wconf 81' lang='lat' dir='ltr'>ipsum</span> <span class='ocrx_word' id='word_1_237' title='bbox 1040 2043 1185 2092; x_wconf 73' lang='lat' dir='ltr'>diliget.</span> <span class='ocrx_word' id='word_1_238' title='bbox 1232 2043 1280 2078; x_wconf 84' lang='lat' dir='ltr'>Et</span> <span class='ocrx_word' id='word_1_239' title='bbox 1313 2043 1459 2079; x_wconf 85' lang='lat' dir='ltr'>Christi</span> <span class='ocrx_word' id='word_1_240' title='bbox 1491 2044 1719 2081; x_wconf 87' lang='lat' dir='ltr'>humanitas</span> 
     </span>
     <span class='ocr_line' id='line_1_31' title="bbox 404 2093 1777 2151; baseline 0.008 -22"><span class='ocrx_word' id='word_1_241' title='bbox 404 2093 443 2130; x_wconf 93' lang='lat' dir='ltr'>in</span> <span class='ocrx_word' id='word_1_242' title='bbox 482 2095 590 2131; x_wconf 89' lang='lat' dir='ltr'>finali</span> <span class='ocrx_word' id='word_1_243' title='bbox 630 2096 777 2133; x_wconf 90' lang='lat' dir='ltr'>iudicio</span> <span class='ocrx_word' id='word_1_244' title='bbox 817 2099 934 2135; x_wconf 84' lang='lat' dir='ltr'>ducet</span> <span class='ocrx_word' id='word_1_245' title='bbox 972 2112 1061 2135; x_wconf 88' lang='lat' dir='ltr'>eum</span> <span class='ocrx_word' id='word_1_246' title='bbox 1101 2113 1233 2137; x_wconf 89' lang='lat' dir='ltr'>secum</span> <span class='ocrx_word' id='word_1_247' title='bbox 1273 2101 1323 2136; x_wconf 90' lang='lat' dir='ltr'>ad</span> <span class='ocrx_word' id='word_1_248' title='bbox 1362 2101 1534 2148; x_wconf 84' lang='lat' dir='ltr'>patriam</span> <span class='ocrx_word' id='word_1_249' title='bbox 1575 2112 1611 2139; x_wconf 85' lang='lat' dir='ltr'>et</span> <span class='ocrx_word' id='word_1_250' title='bbox 1650 2116 1719 2151; x_wconf 87' lang='lat' dir='ltr'>per</span> <span class='ocrx_word' id='word_1_251' title='bbox 1736 2109 1777 2141; x_wconf 83' lang='lat'>30</span> 
     </span>
     <span class='ocr_line' id='line_1_32' title="bbox 405 2154 1718 2208; baseline 0.007 -21"><span class='ocrx_word' id='word_1_252' title='bbox 405 2165 651 2201; x_wconf 87' lang='lat' dir='ltr'>consequens</span> <span class='ocrx_word' id='word_1_253' title='bbox 690 2154 746 2190; x_wconf 92' lang='lat' dir='ltr'>sic</span> <span class='ocrx_word' id='word_1_254' title='bbox 785 2157 833 2191; x_wconf 89' lang='lat' dir='ltr'>ad</span> <span class='ocrx_word' id='word_1_255' title='bbox 874 2166 1042 2203; x_wconf 85' lang='lat' dir='ltr'>patrem.</span> <span class='ocrx_word' id='word_1_256' title='bbox 1076 2160 1130 2193; x_wconf 82' lang='lat' dir='ltr'>Ex</span> <span class='ocrx_word' id='word_1_257' title='bbox 1163 2171 1242 2206; x_wconf 89' lang='lat' dir='ltr'>quo</span> <span class='ocrx_word' id='word_1_258' title='bbox 1274 2159 1379 2194; x_wconf 87' lang='lat' dir='ltr'>ultra</span> <span class='ocrx_word' id='word_1_259' title='bbox 1412 2158 1579 2196; x_wconf 90' lang='lat' dir='ltr'>infertur</span> <span class='ocrx_word' id='word_1_260' title='bbox 1611 2162 1718 2208; x_wconf 87' lang='lat' dir='ltr'>quod</span> 
     </span>
     <span class='ocr_line' id='line_1_33' title="bbox 404 2211 1718 2263; baseline 0.007 -18"><span class='ocrx_word' id='word_1_261' title='bbox 404 2211 605 2247; x_wconf 88' lang='lat' dir='ltr'>habebunt</span> <span class='ocrx_word' id='word_1_262' title='bbox 639 2214 744 2259; x_wconf 87' lang='lat' dir='ltr'>apud</span> <span class='ocrx_word' id='word_1_263' title='bbox 779 2222 932 2260; x_wconf 83' lang='lat' dir='ltr'>patrem</span> <span class='ocrx_word' id='word_1_264' title='bbox 967 2214 1022 2250; x_wconf 85' lang='lat' dir='ltr'>sie</span> <span class='ocrx_word' id='word_1_265' title='bbox 1055 2215 1221 2263; x_wconf 81' lang='lat' dir='ltr'>diligens</span> <span class='ocrx_word' id='word_1_266' title='bbox 1255 2224 1291 2251; x_wconf 94' lang='lat' dir='ltr'>et</span> <span class='ocrx_word' id='word_1_267' title='bbox 1320 2216 1465 2252; x_wconf 91' lang='lat' dir='ltr'>Christi</span> <span class='ocrx_word' id='word_1_268' title='bbox 1491 2218 1718 2255; x_wconf 85' lang='lat' dir='ltr'>humanitas</span> 
     </span>
     <span class='ocr_line' id='line_1_34' title="bbox 404 2268 1794 2336; baseline 0.006 -33"><span class='ocrx_word' id='word_1_269' title='bbox 404 2268 629 2305; x_wconf 85' lang='lat' dir='ltr'>beatificam</span> <span class='ocrx_word' id='word_1_270' title='bbox 669 2279 706 2306; x_wconf 87' lang='lat' dir='ltr'>et</span> <span class='ocrx_word' id='word_1_271' title='bbox 745 2281 979 2319; x_wconf 81' lang='lat' dir='ltr'>perpetuam</span> <span class='ocrx_word' id='word_1_272' title='bbox 1021 2273 1284 2310; x_wconf 90' lang='lat' dir='ltr'>mansionem.</span> <span class='ocrx_word' id='word_1_273' title='bbox 1331 2275 1377 2309; x_wconf 84' lang='lat' dir='ltr'>Et</span> <span class='ocrx_word' id='word_1_274' title='bbox 1417 2283 1524 2322; x_wconf 89' lang='lat' dir='ltr'>patet</span> <span class='ocrx_word' id='word_1_275' title='bbox 1564 2289 1606 2312; x_wconf 83' lang='lat' dir='ltr'>ex</span> <span class='ocrx_word' id='word_1_276' title='bbox 1642 2276 1718 2312; x_wconf 85' lang='lat' dir='ltr'>fide</span> <span class='ocrx_word' id='word_1_277' title='bbox 1734 2305 1794 2336; x_wconf 65' lang='lat'>[³01</span> 
     </span>
     <span class='ocr_line' id='line_1_35' title="bbox 403 2326 1815 2383; baseline 0.008 -23"><span class='ocrx_word' id='word_1_278' title='bbox 403 2327 510 2373; x_wconf 89' lang='lat' dir='ltr'>quod</span> <span class='ocrx_word' id='word_1_279' title='bbox 544 2327 633 2362; x_wconf 87' lang='lat' dir='ltr'>talis</span> <span class='ocrx_word' id='word_1_280' title='bbox 663 2326 666 2378; x_wconf 71' lang='lat'>1</span> <span class='ocrx_word' id='word_1_281' title='bbox 696 2328 863 2365; x_wconf 87' lang='lat' dir='ltr'>dileccio</span> <span class='ocrx_word' id='word_1_282' title='bbox 896 2343 976 2366; x_wconf 90' lang='lat' dir='ltr'>non</span> <span class='ocrx_word' id='word_1_283' title='bbox 1010 2339 1066 2367; x_wconf 91' lang='lat' dir='ltr'>est</span> <span class='ocrx_word' id='word_1_284' title='bbox 1099 2331 1256 2368; x_wconf 88' lang='lat' dir='ltr'>frustra.</span> <span class='ocrx_word' id='word_1_285' title='bbox 1740 2328 1815 2383; x_wconf 55' lang='lat'>1052</span> 
     </span>
     <span class='ocr_line' id='line_1_36' title="bbox 461 2385 1773 2429; baseline 0.007 -10"><span class='ocrx_word' id='word_1_286' title='bbox 461 2385 507 2419; x_wconf 83' lang='lat' dir='ltr'>Et</span> <span class='ocrx_word' id='word_1_287' title='bbox 522 2385 687 2421; x_wconf 87' lang='lat' dir='ltr'>ulterius</span> <span class='ocrx_word' id='word_1_288' title='bbox 703 2387 752 2421; x_wconf 87' lang='lat' dir='ltr'>ad</span> <span class='ocrx_word' id='word_1_289' title='bbox 768 2388 1039 2423; x_wconf 87' lang='lat' dir='ltr'>denotandum</span> <span class='ocrx_word' id='word_1_290' title='bbox 1057 2387 1430 2426; x_wconf 75' lang='lat' dir='ltr'>convertibilitatem</span> <span class='ocrx_word' id='word_1_291' title='bbox 1449 2400 1714 2427; x_wconf 81' lang='lat' dir='ltr'>extremorum</span> <span class='ocrx_word' id='word_1_292' title='bbox 1733 2396 1773 2429; x_wconf 83' lang='lat'>35</span> 
     </span>
     <span class='ocr_line' id='line_1_37' title="bbox 402 2442 1715 2497; baseline 0.007 -21"><span class='ocrx_word' id='word_1_293' title='bbox 402 2442 691 2490; x_wconf 85' lang='lat' dir='ltr'>consequencie</span> <span class='ocrx_word' id='word_1_294' title='bbox 715 2444 823 2491; x_wconf 88' lang='lat' dir='ltr'>prius</span> <span class='ocrx_word' id='word_1_295' title='bbox 847 2444 950 2481; x_wconf 84' lang='lat' dir='ltr'>dicte</span> <span class='ocrx_word' id='word_1_296' title='bbox 973 2445 1067 2482; x_wconf 88' lang='lat' dir='ltr'>dicit</span> <span class='ocrx_word' id='word_1_297' title='bbox 1092 2447 1339 2495; x_wconf 81' lang='lat' dir='ltr'>evangelium</span> <span class='ocrx_word' id='word_1_298' title='bbox 1362 2449 1585 2496; x_wconf 80' lang='lat' dir='ltr'>negativam</span> <span class='ocrx_word' id='word_1_299' title='bbox 1608 2451 1715 2497; x_wconf 90' lang='lat' dir='ltr'>quod</span> 
     </span>
     <span class='ocr_line' id='line_1_38' title="bbox 401 2499 1712 2551; baseline 0.008 -18"><span class='ocrx_word' id='word_1_300' title='bbox 401 2499 466 2547; x_wconf 83' lang='lat' dir='ltr'>qui</span> <span class='ocrx_word' id='word_1_301' title='bbox 495 2512 566 2535; x_wconf 83' lang='lat' dir='ltr'>non</span> <span class='ocrx_word' id='word_1_302' title='bbox 600 2501 727 2551; x_wconf 79' lang='lat' dir='ltr'>diligit</span> <span class='ocrx_word' id='word_1_303' title='bbox 756 2503 967 2549; x_wconf 78' lang='lat' dir='ltr'>Christum,</span> <span class='ocrx_word' id='word_1_304' title='bbox 1000 2516 1195 2541; x_wconf 78' lang='lat' dir='ltr'>sermones</span> <span class='ocrx_word' id='word_1_305' title='bbox 1222 2519 1311 2542; x_wconf 83' lang='lat' dir='ltr'>suos</span> <span class='ocrx_word' id='word_1_306' title='bbox 1342 2519 1414 2542; x_wconf 87' lang='lat' dir='ltr'>non</span> <span class='ocrx_word' id='word_1_307' title='bbox 1437 2515 1578 2543; x_wconf 69' lang='lat' dir='ltr'>servat.</span> <span class='ocrx_word' id='word_1_308' title='bbox 1613 2509 1712 2543; x_wconf 91' lang='lat' dir='ltr'>Cum</span> 
     </span>
    </p>
   </div>
   <div class='ocr_carea' id='block_1_3' title="bbox 400 2622 1712 2806">
    <p class='ocr_par' dir='ltr' id='par_1_3' title="bbox 400 2622 1712 2806">
     <span class='ocr_line' id='line_1_39' title="bbox 470 2622 1712 2664; baseline 0.007 -17"><span class='ocrx_word' id='word_1_309' title='bbox 470 2629 495 2648; x_wconf 86' lang='lat'>2.</span> <span class='ocrx_word' id='word_1_310' title='bbox 516 2622 560 2649; x_wconf 89' lang='lat' dir='ltr'><strong>A:</strong></span> <span class='ocrx_word' id='word_1_311' title='bbox 583 2622 699 2649; x_wconf 85' lang='lat' dir='ltr'>domini</span> <span class='ocrx_word' id='word_1_312' title='bbox 721 2623 814 2650; x_wconf 82' lang='lat' dir='ltr'>deest.</span> <span class='ocrx_word' id='word_1_313' title='bbox 871 2634 901 2659; x_wconf 72' lang='lat'>4,</span> <span class='ocrx_word' id='word_1_314' title='bbox 923 2624 948 2652; x_wconf 81' lang='lat'>5.</span> <span class='ocrx_word' id='word_1_315' title='bbox 968 2626 1013 2653; x_wconf 85' lang='lat' dir='ltr'><strong>A:</strong></span> <span class='ocrx_word' id='word_1_316' title='bbox 1035 2626 1133 2661; x_wconf 78' lang='lat' dir='ltr'>diligit</span> <span class='ocrx_word' id='word_1_317' title='bbox 1153 2643 1186 2646; x_wconf 69' lang='lat'>—</span> <span class='ocrx_word' id='word_1_318' title='bbox 1207 2628 1339 2655; x_wconf 74' lang='lat' dir='ltr'>servabit</span> <span class='ocrx_word' id='word_1_319' title='bbox 1358 2628 1451 2655; x_wconf 81' lang='lat' dir='ltr'>deest.</span> <span class='ocrx_word' id='word_1_320' title='bbox 1508 2637 1533 2664; x_wconf 81' lang='lat'>7.</span> <span class='ocrx_word' id='word_1_321' title='bbox 1555 2630 1596 2656; x_wconf 82' lang='lat' dir='ltr'>C:</span> <span class='ocrx_word' id='word_1_322' title='bbox 1617 2630 1712 2656; x_wconf 85' lang='lat' dir='ltr'>eciam</span> 
     </span>
     <span class='ocr_line' id='line_1_40' title="bbox 402 2656 1711 2702; baseline 0.008 -21"><span class='ocrx_word' id='word_1_323' title='bbox 402 2656 537 2691; x_wconf 76' lang='lat' dir='ltr'>implere.</span> <span class='ocrx_word' id='word_1_324' title='bbox 621 2665 660 2687; x_wconf 84' lang='lat'>10,</span> <span class='ocrx_word' id='word_1_325' title='bbox 684 2666 716 2684; x_wconf 90' lang='lat'>11.</span> <span class='ocrx_word' id='word_1_326' title='bbox 738 2659 781 2685; x_wconf 87' lang='lat' dir='ltr'><strong>A:</strong></span> <span class='ocrx_word' id='word_1_327' title='bbox 804 2660 990 2693; x_wconf 77' lang='lat' dir='ltr'>prolacionis</span> <span class='ocrx_word' id='word_1_328' title='bbox 1011 2661 1184 2689; x_wconf 73' lang='lat' dir='ltr'>verborum.</span> <span class='ocrx_word' id='word_1_329' title='bbox 1270 2671 1302 2689; x_wconf 91' lang='lat'>11.</span> <span class='ocrx_word' id='word_1_330' title='bbox 1323 2663 1352 2690; x_wconf 90' lang='lat' dir='ltr'><strong>A</strong></span> <span class='ocrx_word' id='word_1_331' title='bbox 1371 2663 1401 2690; x_wconf 88' lang='lat' dir='ltr'>in</span> <span class='ocrx_word' id='word_1_332' title='bbox 1422 2672 1535 2702; x_wconf 63' lang='lat' dir='ltr'>marg:</span> <span class='ocrx_word' id='word_1_333' title='bbox 1557 2664 1711 2691; x_wconf 83' lang='lat' dir='ltr'>Obieccio.</span> 
     </span>
     <span class='ocr_line' id='line_1_41' title="bbox 403 2691 1710 2729; baseline 0.007 -13"><span class='ocrx_word' id='word_1_334' title='bbox 403 2698 439 2716; x_wconf 79' lang='lat'>12.</span> <span class='ocrx_word' id='word_1_335' title='bbox 456 2691 499 2717; x_wconf 87' lang='lat' dir='ltr'><strong>A:</strong></span> <span class='ocrx_word' id='word_1_336' title='bbox 522 2695 553 2717; x_wconf 82' lang='lat' dir='ltr'>ut</span> <span class='ocrx_word' id='word_1_337' title='bbox 574 2691 698 2726; x_wconf 84' lang='lat' dir='ltr'>ponitur</span> <span class='ocrx_word' id='word_1_338' title='bbox 713 2692 812 2722; x_wconf 77' lang='lat' dir='ltr'>deest:</span> <span class='ocrx_word' id='word_1_339' title='bbox 834 2695 873 2720; x_wconf 85' lang='lat' dir='ltr'>ib.</span> <span class='ocrx_word' id='word_1_340' title='bbox 890 2694 955 2721; x_wconf 79' lang='lat' dir='ltr'>BC:</span> <span class='ocrx_word' id='word_1_341' title='bbox 978 2696 1111 2722; x_wconf 78' lang='lat' dir='ltr'>servabit</span> <span class='ocrx_word' id='word_1_342' title='bbox 1132 2705 1214 2723; x_wconf 82' lang='lat' dir='ltr'>suos.</span> <span class='ocrx_word' id='word_1_343' title='bbox 1272 2696 1308 2724; x_wconf 85' lang='lat'>13.</span> <span class='ocrx_word' id='word_1_344' title='bbox 1324 2698 1368 2725; x_wconf 86' lang='lat' dir='ltr'><strong>A:</strong></span> <span class='ocrx_word' id='word_1_345' title='bbox 1391 2697 1428 2724; x_wconf 85' lang='lat' dir='ltr'>sit</span> <span class='ocrx_word' id='word_1_346' title='bbox 1449 2699 1589 2725; x_wconf 79' lang='lat' dir='ltr'>ultimum</span> <span class='ocrx_word' id='word_1_347' title='bbox 1611 2699 1710 2729; x_wconf 80' lang='lat' dir='ltr'>deest:</span> 
     </span>
     <span class='ocr_line' id='line_1_42' title="bbox 401 2725 1711 2766; baseline 0.005 -15"><span class='ocrx_word' id='word_1_348' title='bbox 401 2725 440 2751; x_wconf 87' lang='lat' dir='ltr'>ib.</span> <span class='ocrx_word' id='word_1_349' title='bbox 457 2725 478 2751; x_wconf 84' lang='lat' dir='ltr'>B</span> <span class='ocrx_word' id='word_1_350' title='bbox 499 2726 528 2752; x_wconf 85' lang='lat' dir='ltr'>in</span> <span class='ocrx_word' id='word_1_351' title='bbox 551 2734 664 2766; x_wconf 64' lang='lat' dir='ltr'>marg:</span> <span class='ocrx_word' id='word_1_352' title='bbox 685 2727 838 2754; x_wconf 80' lang='lat' dir='ltr'>Instancia</span> <span class='ocrx_word' id='word_1_353' title='bbox 858 2729 1027 2756; x_wconf 76' lang='lat' dir='ltr'>fortissima</span> <span class='ocrx_word' id='word_1_354' title='bbox 1048 2735 1154 2757; x_wconf 78' lang='lat' dir='ltr'>contra</span> <span class='ocrx_word' id='word_1_355' title='bbox 1180 2732 1387 2766; x_wconf 64' lang='lat' dir='ltr'>evangelium:</span> <span class='ocrx_word' id='word_1_356' title='bbox 1414 2731 1591 2760; x_wconf 84' lang='lat' dir='ltr'>Sermonem</span> <span class='ocrx_word' id='word_1_357' title='bbox 1616 2741 1711 2760; x_wconf 83' lang='lat' dir='ltr'>meum</span> 
     </span>
     <span class='ocr_line' id='line_1_43' title="bbox 400 2760 1709 2806; baseline 0.007 -21"><span class='ocrx_word' id='word_1_358' title='bbox 400 2760 535 2787; x_wconf 74' lang='lat' dir='ltr'>servabit</span> <span class='ocrx_word' id='word_1_359' title='bbox 551 2761 676 2795; x_wconf 73' lang='lat' dir='ltr'>quilibet</span> <span class='ocrx_word' id='word_1_360' title='bbox 691 2761 855 2790; x_wconf 79' lang='lat' dir='ltr'>salvandus</span> <span class='ocrx_word' id='word_1_361' title='bbox 871 2771 932 2798; x_wconf 85' lang='lat' dir='ltr'>pro</span> <span class='ocrx_word' id='word_1_362' title='bbox 952 2765 1056 2791; x_wconf 77' lang='lat' dir='ltr'>ultimo</span> <span class='ocrx_word' id='word_1_363' title='bbox 1076 2765 1214 2793; x_wconf 78' lang='lat' dir='ltr'>instanti.</span> <span class='ocrx_word' id='word_1_364' title='bbox 1275 2766 1311 2793; x_wconf 83' lang='lat'>15.</span> <span class='ocrx_word' id='word_1_365' title='bbox 1334 2767 1372 2793; x_wconf 69' lang='lat'>15:</span> <span class='ocrx_word' id='word_1_366' title='bbox 1395 2775 1562 2793; x_wconf 78' lang='lat' dir='ltr'>sermones.</span> <span class='ocrx_word' id='word_1_367' title='bbox 1604 2775 1649 2806; x_wconf 38' lang='lat'>&#39;17.</span> <span class='ocrx_word' id='word_1_368' title='bbox 1666 2768 1709 2794; x_wconf 90' lang='lat' dir='ltr'>A:</span> 
     </span>
    </p>
   </div>
   <div class='ocr_carea' id='block_1_4' title="bbox 400 2794 1708 2904">
    <p class='ocr_par' dir='ltr' id='par_1_4' title="bbox 400 2794 1708 2904">
     <span class='ocr_line' id='line_1_44' title="bbox 401 2794 1708 2836; baseline 0.008 -17"><span class='ocrx_word' id='word_1_369' title='bbox 401 2794 516 2820; x_wconf 75' lang='lat' dir='ltr'>Christi</span> <span class='ocrx_word' id='word_1_370' title='bbox 539 2795 632 2822; x_wconf 74' lang='lat' dir='ltr'>deest.</span> <span class='ocrx_word' id='word_1_371' title='bbox 706 2804 747 2831; x_wconf 82' lang='lat'>19.</span> <span class='ocrx_word' id='word_1_372' title='bbox 769 2797 812 2824; x_wconf 84' lang='lat' dir='ltr'><strong>A:</strong></span> <span class='ocrx_word' id='word_1_373' title='bbox 834 2802 861 2824; x_wconf 82' lang='lat' dir='ltr'>et</span> <span class='ocrx_word' id='word_1_374' title='bbox 882 2799 1138 2833; x_wconf 74' lang='lat' dir='ltr'>supponendum3</span> <span class='ocrx_word' id='word_1_375' title='bbox 1166 2800 1205 2827; x_wconf 88' lang='lat' dir='ltr'>ib.</span> <span class='ocrx_word' id='word_1_376' title='bbox 1227 2801 1255 2827; x_wconf 87' lang='lat' dir='ltr'><strong>A</strong></span> <span class='ocrx_word' id='word_1_377' title='bbox 1276 2801 1305 2827; x_wconf 82' lang='lat' dir='ltr'>iu</span> <span class='ocrx_word' id='word_1_378' title='bbox 1327 2809 1438 2836; x_wconf 60' lang='lat' dir='ltr'>marg:</span> <span class='ocrx_word' id='word_1_379' title='bbox 1460 2801 1647 2836; x_wconf 81' lang='lat' dir='ltr'>Responsio;</span> <span class='ocrx_word' id='word_1_380' title='bbox 1669 2802 1708 2828; x_wconf 79' lang='lat' dir='ltr'>ib.</span> 
     </span>
     <span class='ocr_line' id='line_1_45' title="bbox 400 2829 1708 2871; baseline 0.007 -17"><span class='ocrx_word' id='word_1_381' title='bbox 400 2829 443 2855; x_wconf 81' lang='lat' dir='ltr'>A:</span> <span class='ocrx_word' id='word_1_382' title='bbox 466 2833 509 2855; x_wconf 78' lang='lat' dir='ltr'>est</span> <span class='ocrx_word' id='word_1_383' title='bbox 529 2830 629 2864; x_wconf 80' lang='lat' dir='ltr'>qu0d;</span> <span class='ocrx_word' id='word_1_384' title='bbox 656 2829 695 2856; x_wconf 90' lang='lat' dir='ltr'>ib.</span> <span class='ocrx_word' id='word_1_385' title='bbox 717 2832 840 2865; x_wconf 84' lang='lat' dir='ltr'>garrulo</span> <span class='ocrx_word' id='word_1_386' title='bbox 861 2832 955 2859; x_wconf 82' lang='lat' dir='ltr'>deest.</span> <span class='ocrx_word' id='word_1_387' title='bbox 1011 2841 1056 2859; x_wconf 82' lang='lat'>20.</span> <span class='ocrx_word' id='word_1_388' title='bbox 1079 2834 1119 2861; x_wconf 89' lang='lat' dir='ltr'>C:</span> <span class='ocrx_word' id='word_1_389' title='bbox 1141 2839 1169 2861; x_wconf 82' lang='lat' dir='ltr'>et</span> <span class='ocrx_word' id='word_1_390' title='bbox 1188 2835 1281 2861; x_wconf 84' lang='lat' dir='ltr'>deest.</span> <span class='ocrx_word' id='word_1_391' title='bbox 1337 2843 1383 2870; x_wconf 81' lang='lat'>24.</span> <span class='ocrx_word' id='word_1_392' title='bbox 1406 2837 1433 2862; x_wconf 83' lang='lat' dir='ltr'><strong>A</strong></span> <span class='ocrx_word' id='word_1_393' title='bbox 1453 2836 1483 2862; x_wconf 86' lang='lat' dir='ltr'>in</span> <span class='ocrx_word' id='word_1_394' title='bbox 1505 2844 1616 2871; x_wconf 61' lang='lat' dir='ltr'>marg:</span> <span class='ocrx_word' id='word_1_395' title='bbox 1638 2836 1708 2863; x_wconf 60' lang='lat' dir='ltr'>infit</span> 
     </span>
     <span class='ocr_line' id='line_1_46' title="bbox 401 2863 1708 2904; baseline 0.006 -15"><span class='ocrx_word' id='word_1_396' title='bbox 401 2863 501 2889; x_wconf 59' lang='lat' dir='ltr'>Omne¹</span> <span class='ocrx_word' id='word_1_397' title='bbox 531 2864 611 2898; x_wconf 84' lang='lat' dir='ltr'>quod</span> <span class='ocrx_word' id='word_1_398' title='bbox 643 2864 699 2891; x_wconf 85' lang='lat' dir='ltr'>fuit</span> <span class='ocrx_word' id='word_1_399' title='bbox 727 2867 771 2892; x_wconf 67' lang='lat' dir='ltr'>vel</span> <span class='ocrx_word' id='word_1_400' title='bbox 804 2867 859 2893; x_wconf 84' lang='lat' dir='ltr'>erit</span> <span class='ocrx_word' id='word_1_401' title='bbox 888 2872 931 2893; x_wconf 75' lang='lat' dir='ltr'>est</span> <span class='ocrx_word' id='word_1_402' title='bbox 958 2867 986 2894; x_wconf 80' lang='lat' dir='ltr'>iii</span> <span class='ocrx_word' id='word_1_403' title='bbox 1015 2876 1070 2894; x_wconf 80' lang='lat' dir='ltr'>suo</span> <span class='ocrx_word' id='word_1_404' title='bbox 1091 2873 1239 2904; x_wconf 82' lang='lat' dir='ltr'>tempore.</span> <span class='ocrx_word' id='word_1_405' title='bbox 1349 2870 1394 2896; x_wconf 77' lang='lat'>26.</span> <span class='ocrx_word' id='word_1_406' title='bbox 1418 2870 1457 2897; x_wconf 87' lang='lat' dir='ltr'>C:</span> <span class='ocrx_word' id='word_1_407' title='bbox 1480 2869 1593 2897; x_wconf 88' lang='lat' dir='ltr'>Christi</span> <span class='ocrx_word' id='word_1_408' title='bbox 1616 2871 1708 2897; x_wconf 82' lang='lat' dir='ltr'>deest.</span> 
     </span>
    </p>
   </div>
   <div class='ocr_carea' id='block_1_5' title="bbox 399 2896 1709 2972">
    <p class='ocr_par' dir='ltr' id='par_1_5' title="bbox 399 2896 1709 2972">
     <span class='ocr_line' id='line_1_47' title="bbox 399 2896 1709 2938; baseline 0.007 -15"><span class='ocrx_word' id='word_1_409' title='bbox 399 2896 442 2924; x_wconf 83' lang='lat'>32.</span> <span class='ocrx_word' id='word_1_410' title='bbox 464 2898 529 2925; x_wconf 85' lang='lat' dir='ltr'>BC:</span> <span class='ocrx_word' id='word_1_411' title='bbox 552 2899 595 2925; x_wconf 80' lang='lat' dir='ltr'>sic</span> <span class='ocrx_word' id='word_1_412' title='bbox 615 2899 746 2934; x_wconf 83' lang='lat' dir='ltr'>diligens</span> <span class='ocrx_word' id='word_1_413' title='bbox 766 2905 794 2927; x_wconf 79' lang='lat' dir='ltr'>et</span> <span class='ocrx_word' id='word_1_414' title='bbox 815 2901 930 2928; x_wconf 85' lang='lat' dir='ltr'>Christi</span> <span class='ocrx_word' id='word_1_415' title='bbox 951 2902 1128 2930; x_wconf 80' lang='lat' dir='ltr'>humanitus</span> <span class='ocrx_word' id='word_1_416' title='bbox 1149 2904 1230 2938; x_wconf 80' lang='lat' dir='ltr'>quod</span> <span class='ocrx_word' id='word_1_417' title='bbox 1253 2905 1416 2931; x_wconf 83' lang='lat' dir='ltr'>habebunt.</span> <span class='ocrx_word' id='word_1_418' title='bbox 1472 2904 1514 2931; x_wconf 84' lang='lat'>33.</span> <span class='ocrx_word' id='word_1_419' title='bbox 1536 2905 1575 2932; x_wconf 85' lang='lat' dir='ltr'>C:</span> <span class='ocrx_word' id='word_1_420' title='bbox 1597 2913 1632 2931; x_wconf 81' lang='lat' dir='ltr'>ex</span> <span class='ocrx_word' id='word_1_421' title='bbox 1653 2905 1709 2932; x_wconf 80' lang='lat' dir='ltr'>tide</span> 
     </span>
     <span class='ocr_line' id='line_1_48' title="bbox 400 2932 1707 2972; baseline 0.006 -14"><span class='ocrx_word' id='word_1_422' title='bbox 400 2932 499 2967; x_wconf 80' lang='lat' dir='ltr'>deest3</span> <span class='ocrx_word' id='word_1_423' title='bbox 523 2933 559 2960; x_wconf 86' lang='lat' dir='ltr'>B:</span> <span class='ocrx_word' id='word_1_424' title='bbox 581 2934 647 2960; x_wconf 74' lang='lat' dir='ltr'>tine.</span> <span class='ocrx_word' id='word_1_425' title='bbox 720 2934 766 2961; x_wconf 78' lang='lat'>36.</span> <span class='ocrx_word' id='word_1_426' title='bbox 787 2936 830 2962; x_wconf 89' lang='lat' dir='ltr'>A:</span> <span class='ocrx_word' id='word_1_427' title='bbox 852 2944 942 2970; x_wconf 82' lang='lat' dir='ltr'>quem</span> <span class='ocrx_word' id='word_1_428' title='bbox 965 2937 1059 2971; x_wconf 80' lang='lat' dir='ltr'>prius.</span> <span class='ocrx_word' id='word_1_429' title='bbox 1134 2936 1176 2972; x_wconf 79' lang='lat'>37.</span> <span class='ocrx_word' id='word_1_430' title='bbox 1198 2939 1242 2965; x_wconf 88' lang='lat' dir='ltr'><strong>A:</strong></span> <span class='ocrx_word' id='word_1_431' title='bbox 1264 2939 1422 2966; x_wconf 86' lang='lat' dir='ltr'>Christum</span> <span class='ocrx_word' id='word_1_432' title='bbox 1442 2955 1475 2958; x_wconf 70' lang='lat'><em>—</em></span> <span class='ocrx_word' id='word_1_433' title='bbox 1496 2944 1593 2966; x_wconf 76' lang='lat' dir='ltr'>servat</span> <span class='ocrx_word' id='word_1_434' title='bbox 1615 2939 1707 2966; x_wconf 76' lang='lat' dir='ltr'>deest.</span> 
     </span>
    </p>
   </div>
   <div class='ocr_carea' id='block_1_6' title="bbox 1997 3178 2017 3353">
    <p class='ocr_par' dir='ltr' id='par_1_6' title="bbox 1997 3178 2017 3353">
     <span class='ocr_line' id='line_1_49' title="bbox 1997 3178 2017 3353; textangle 90"><span class='ocrx_word' id='word_1_435' title='bbox 1997 3216 2017 3353; x_wconf 44' lang='lat' dir='ltr'>*QVA</span> <span class='ocrx_word' id='word_1_436' title='bbox 2000 3178 2009 3182; x_wconf 92' lang='lat'>&#39;</span> 
     </span>
    </p>
   </div>
  </div>
 </body>
</html>
