2017 3353
289 599 307 617 1.
330 591 481 619 Cesarean

316 628 455 661 prelates.

247 1002 272 1022 2.
288 995 519 1026 Archdeacons.

241 1631 265 1660 3.
283 1633 513 1663 Prehendaries.

267 2104 295 2126 4.
318 2094 474 2122 Endowed

307 2131 428 2157 monks.

843 304 1066 337 JOHANNIS
1084 303 1268 337 WYCLIF'
1287 305 1543 338 SERMONUM
1618 293 1769 351 [SERMO
1790 304 1852 333 LX-

1746 354 1760 370 *x

543 421 579 448 et
613 412 828 448 voluntatis
858 412 927 448 Uei
958 411 1132 459 practice
1156 412 1345 448 executivi
1375 414 1424 448 ad
1448 414 1851 461 correspondenciarn

541 482 656 506 sacro
690 469 855 506 flamini.
892 469 1094 506 Novitates
1127 478 1259 506 autem
1295 469 1370 505 alie
1400 469 1626 507 introducte
1658 484 1851 508 venenum

541 527 701 576 sapiunt
734 540 756 564 a
790 527 896 563 fideli
930 527 1152 563 ministerio
1186 526 1350 564 ecclesie
1384 529 1644 565 retardantes.

598 585 755 621 Primus
799 594 932 621 autem
974 584 1141 621 istorum
1180 597 1245 621 sex
1290 586 1486 633 graduum
1533 588 1649 622 debet
1691 600 1734 623 ex
1778 588 1853 624 hoc

541 643 689 679 destrui
724 644 831 691 quod
864 652 971 678 totus
1005 643 1132 678 clerus
1166 643 1313 679 Christi
1348 643 1414 692 qui
1439 645 1555 680 debet
1578 646 1684 681 nude
1708 646 1884 682 habere5

540 700 743 737 Christum
790 700 1053 737 hereditatem
1099 713 1226 740 suam,
1271 714 1352 737 non
1397 703 1513 737 debet
1553 715 1574 738 a
1606 702 1853 739 secularibus

540 758 713 795 dominis
768 766 1003 806 perpetuam
1056 758 1347 805 possessionem
1399 758 1582 807 accipere
1644 764 1700 805 (ut
1743 770 1853 808 patet

539 816 680 852 diffuse
720 815 844 863 alibi).
884 817 990 863 Ergo
1028 828 1108 851 non
1154 817 1298 852 debent
1343 829 1425 853 esse
1469 817 1509 853 in
1554 818 1660 854 clero
1709 819 1851 866 prelati

537 873 696 914 cesarii:
730 873 807 910 sint
840 886 933 921 ergo
966 886 1068 921 pape
1101 882 1137 909 et
1161 874 1338 921 episcopi
1367 874 1492 911 instar
1515 875 1662 911 Christi
1691 885 1852 923 aposto-

536 933 667 968 lorum
702 940 902 968 servantes
935 943 975 967 se
1009 944 1030 967 a
1054 931 1304 979 possessione
1327 932 1611 980 temporalium
1637 933 1738 969 sicut
1761 933 1849 982 ipsi.
1870 945 1908 966 10

595 992 636 1026 In
670 991 847 1026 secundo
880 990 1007 1037 gradu
1040 988 1258 1025 introducti
1292 999 1382 1025 sunt
1416 990 1689 1027 archidiaconi
1724 992 1850 1039 magis

536 1056 718 1095 patenter
756 1046 961 1095 superflui,
1007 1059 1098 1083 cum
1131 1046 1163 1082 si
1195 1048 1326 1083 valent
1359 1049 1407 1083 ad
1443 1047 1594 1095 aliquid
1630 1050 1761 1085 valent
1801 1051 1849 1086 ad

536 1105 655 1142 istum
679 1105 869 1142 infamem
895 1104 1093 1141 binarium
1119 1106 1168 1141 ad
1192 1107 1456 1144 onerandum,
1482 1107 1531 1141 ad
1548 1107 1848 1153 depredandum

535 1176 730 1212 pauperes
763 1162 962 1199 subiectas
1007 1162 1194 1199 ecclesias
1234 1172 1271 1199 et
1316 1164 1365 1199 ad
1405 1166 1675 1199 accusandum
1716 1164 1848 1200 ocium

533 1221 751 1270 superioris
785 1220 975 1269 episcopi.
1870 1223 1906 1255 15

591 1282 710 1316 Notet
743 1291 836 1326 ergo
871 1278 997 1314 fidelis
1031 1291 1169 1314 eorum
1205 1278 1468 1314 ministerium
1504 1287 1540 1314 et
1564 1288 1691 1315 totum
1718 1280 1846 1328 ipsum

533 1337 709 1385 suppleri
744 1345 877 1385 posset
910 1338 1127 1384 prudenter
1161 1348 1230 1383 per
1255 1337 1425 1383 laycum.
1461 1345 1495 1372 et
1521 1336 1710 1385 episcopo
1734 1339 1849 1385 plene

532 1407 578 1431 ac
612 1395 744 1432 debite
777 1394 944 1431 faciente
977 1407 1092 1429 suum
1133 1393 1311 1430 officium
1346 1395 1446 1430 foret
1488 1394 1694 1443 utriusque
1735 1395 1848 1432 mini-

531 1452 694 1489 sterium
729 1452 948 1501 perfeccius
982 1461 1202 1488 executum.
1228 1454 1316 1487 Non
1340 1452 1443 1488 enim
1478 1452 1686 1499 predicant
1718 1453 1847 1490 archi-

532 1511 691 1547 diaconi
741 1510 867 1547 nostri
919 1509 1020 1545 sicut
1072 1510 1311 1557 Stephanus,
1362 1522 1433 1545 nec
1483 1509 1656 1546 viventes
1707 1523 1844 1559 expro-
1862 1523 1904 1544 20

532 1568 722 1616 prietarie
756 1568 856 1604 sicut
890 1567 1062 1615 apostoli
1098 1566 1325 1603 ministrant
1359 1567 1615 1615 pauperibus.

588 1627 666 1663 Sed
698 1626 811 1662 tercii
850 1634 893 1661 ut
932 1625 1186 1673 prebendarii
1221 1624 1495 1672 multipliciter
1535 1634 1625 1661 sunt
1663 1625 1843 1671 infames,

530 1697 620 1720 cum
655 1684 788 1720 deficit
821 1683 897 1719 illis
931 1682 1118 1719 fundacio
1152 1682 1253 1718 sicut
1293 1683 1458 1719 ecclesie
1497 1695 1565 1719 sue
1605 1684 1845 1720 cathedralis

529 1741 690 1788 ditacio‚
725 1754 861 1789 ymmo
894 1741 933 1776 in
967 1753 1007 1777 re
1040 1740 1145 1777 idem
1187 1749 1256 1783 est,
1297 1753 1342 1776 ac
1381 1740 1411 1776 si
1444 1740 1712 1777 Antichristus
1752 1754 1845 1778 con-

528 1799 738 1848 spiraverit
771 1808 911 1835 contra
944 1798 1146 1834 Christum
1182 1799 1288 1846 quod
1323 1799 1438 1834 debet
1472 1800 1618 1835 habere
1651 1800 1699 1835 de
1722 1799 1844 1847 parti-
1862 1802 1900 1835 25

529 1857 730 1894 cularibus
764 1856 940 1893 ecclesiis
972 1857 1122 1892 fructus
1156 1857 1398 1903 temporales
1432 1856 1498 1904 qui
1532 1858 1720 1893 deberent
1750 1857 1844 1893 resi—

529 1915 712 1952 dentibus
747 1927 830 1951 esse
864 1915 1130 1950 instrumenta
1164 1923 1201 1950 et
1235 1913 1517 1961 depauperatis
1551 1913 1628 1950 illis
1667 1915 1843 1951 ecclesiis

527 1982 608 2010 tarn
643 1986 665 2010 a
697 1972 962 2009 residentibus
1004 1985 1124 2020 quam
1165 1972 1312 2008 curatis
1350 1971 1641 2008 necessitantur
1680 1972 1718 2008 in
1762 1973 1842 2009 lata

525 2031 588 2067 via
621 2030 771 2067 diaboli
805 2029 975 2078 evagari.

585 2090 790 2134 Quantum
845 2089 894 2124 ad
951 2096 1136 2136 quartum
1189 2089 1354 2135 gradum
1407 2087 1557 2123 scilicet
1607 2087 1842 2136 regulariter
1859 2093 1901 2125 30

526 2146 931 2194 possessionatorum⁷
983 2154 1092 2193 patet
1143 2147 1250 2194 quod
1301 2145 1514 2193 spoliando
1566 2146 1842 2193 depauperant

526 2217 645 2252 regna
678 2213 714 2240 et
749 2204 944 2240 deludunt
976 2204 1170 2251 populum
1204 2215 1274 2251 per
1306 2202 1429 2239 vitam
1463 2211 1500 2238 et
1523 2203 1628 2239 facta
1652 2215 1723 2239 sua
1744 2216 1840 2251 ypo-

526 2261 677 2298 critica.
723 2264 824 2298 Nam
858 2270 1065 2309 tamquam
1111 2261 1304 2308 speciales
1350 2259 1520 2296 ministri
1560 2260 1710 2297 diaboli
1749 2269 1840 2297 sunt

524 2319 562 2354 in
601 2319 848 2367 professione
890 2328 925 2354 et
971 2318 1280 2354 conversacione
1319 2317 1392 2353 sibi
1437 2317 1531 2365 ipsis
1572 2318 1763 2355 contrarii
1803 2327 1840 2354 et

523 2376 578 2412 ita
601 2385 691 2412 sunt
723 2376 979 2424 specialiores
1004 2375 1187 2424 discipuli
1215 2375 1339 2423 patris
1355 2375 1574 2421 mendacii3
1600 2376 1840 2423 profitentur
1858 2380 1896 2412 ‘32'

525 2433 629 2470 enim
675 2443 883 2482 tamquam
935 2433 1206 2469 substanciam
1242 2432 1301 2469 sui
1347 2433 1498 2468 ordinis
1543 2442 1836 2481 paupertatem.

523 2491 747 2528 castitatem
782 2500 818 2528 et
862 2491 1021 2527 Christo
1060 2490 1351 2526 obedienciam.
1398 2492 1473 2526 Sed
1508 2490 1595 2538 quis
1628 2491 1667 2527 in
1701 2491 1839 2527 mundi

523 2549 688 2595 diviciis,
724 2549 763 2585 in
796 2548 1022 2596 duplicibus
1057 2548 1342 2595 castrimargiis
1387 2548 1538 2584 scilicet
1571 2548 1768 2596 spirituali
1802 2558 1838 2584 et

522 2607 722 2655 corporali
762 2616 799 2642 et
832 2606 871 2642 in
903 2605 1151 2653 regularibus
1185 2605 1429 2642 obedienciis
1463 2615 1519 2642 est
1553 2605 1711 2642 Christo
1746 2619 1839 2642 con-

519 2664 752 2701 tradictorie
784 2665 872 2712 plus
905 2663 1084 2699 rebellis?

589 2772 613 2790 2.
636 2764 678 2790 A:
712 2768 915 2790 sacramento.
1024 2772 1051 2796 4.
1074 2762 1127 2789 Ali
1155 2763 1182 2789 in
1213 2771 1324 2797 marga
1349 2771 1374 2796 1;
1405 2762 1428 2789 E
1458 2762 1487 2789 in
1515 2770 1628 2797 marg:
1658 2762 1836 2789 Destruccio

519 2805 712 2825 cesareornm
736 2799 933 2833 prelatorum.
1009 2805 1041 2824 11.
1058 2797 1112 2823 ΑΕ
1134 2797 1162 2824 in
1185 2805 1297 2824 marm:
1320 2805 1344 2824 2.
1420 2796 1457 2824 13.
1474 2797 1516 2824 D:
1538 2796 1679 2830 infamie3
1700 2797 1739 2823 ib.
1764 2797 1785 2823 Ε
1806 2797 1835 2832 in

521 2841 633 2870 marg:
655 2833 745 2859 Nota.
881 2841 920 2866 ¹4·
955 2832 1173 2867 accusandum.
1196 2818 1312 2859 codd*
1334 2832 1605 2858 occasionandnm.
1715 2839 1751 2865 17-
1769 2831 1833 2857 Bc:

521 2875 618 2905 magns
640 2867 814 2901 prudenter.
871 2874 916 2893 ρο.
939 2866 1008 2893 AC:
1034 2871 1062 2892 ut
1084 2866 1267 2900 Stephanus.
1325 2874 1367 2893 22.
1390 2866 1443 2892 ΑΕ
1463 2866 1491 2892 in
1514 2873 1629 2900 marg:
1651 2864 1675 2892 3.
1732 2864 1774 2892 23.
1791 2866 1831 2891 A:

520 2901 614 2928 detuit
636 2902 704 2928 illis.
756 2909 802 2929 21.
824 2902 867 2928 A:
890 2901 1034 2928 deberent
1055 2901 1151 2927 immo
1173 2901 1263 2927 idem.
1314 2908 1358 2934 27.
1376 2902 1419 2927 28.
1438 2901 1480 2927 A:
1503 2908 1569 2926 esse
1584 2916 1616 2918 —
1632 2908 1654 2927 rt
1666 2900 1835 2926 sidentibus

520 2936 613 2962 deest.
689 2934 733 2962 ⁴30.
757 2935 809 2962 ΑΕ
831 2936 859 2962 in
883 2942 998 2968 marg:
1022 2945 1048 2967 4.
1123 2934 1164 2962 33.
1188 2936 1230 2961 A:
1255 2935 1437 2969 spirituales.
