2017 3353
245 263 382 291 SERMO
409 253 490 310 xir]
753 263 890 295 PRIMA
924 262 1048 294 PARS.

247 372 394 408 Christi
439 368 728 420 calumpniam7
778 365 926 403 infirmi
974 377 1016 403 ut
1062 375 1265 413 curentur,
1307 376 1344 403 et
1391 367 1554 414 quidam

247 429 375 476 plebei
398 440 441 466 ut
464 426 730 475 corporaliter
753 434 972 472 pascantur
994 437 1065 472 per
1079 424 1284 461 Christum
1303 425 1556 471 supplentem

246 499 357 523 suam
392 486 617 535 penuriam.
652 482 844 530 Exempla
877 492 1012 519 autem
1038 483 1221 519 omnium
1247 482 1420 519 istorum
1441 482 1557 530 quin-

246 545 385 593 quein
409 556 599 593 processu
633 540 826 588 evangelii
860 540 959 576 satis
992 550 1144 588 patent.
1178 541 1230 576 Et
1262 552 1349 578 ecce
1385 540 1560 589 leprosus

212 602 450 640 5confessus
494 612 551 639 est
603 598 812 636 humiliter
855 598 1005 635 Christi
1062 598 1293 646 potenciam
1343 597 1557 635 infinitam.

245 660 321 697 Sed
355 661 403 697 de
436 673 507 697 sua
530 658 728 707 dignitate
755 656 944 693 dubitans
978 666 1014 693 et
1044 657 1175 694 sciens
1196 656 1400 692 Christum
1425 655 1556 692 solum

246 717 304 754 illi
351 731 470 767 quem
516 716 723 765 dignificat
769 714 988 752 carismata
1032 727 1104 751 sua
1150 715 1344 751 tribuere:
1380 714 1558 759 Domine,

246 776 393 824 inquit,
426 777 458 813 si
489 777 557 819 vis,
584 782 695 823 potes
728 786 786 810 me
818 775 1023 810 mundare.
1058 775 1108 810 Et
1141 773 1343 810 confessio
1376 772 1468 809 talis
1502 781 1559 808 est

246 834 468 882 disposicio
501 833 727 870 necessaria
761 831 799 868 in
834 831 1019 878 superbis
1053 831 1121 879 qui
1146 830 1429 879 intelliguntur
1452 842 1560 866 corn-

192 907 231 929 10
248 893 426 929 muniter
458 892 498 928 in
531 890 715 939 leprosis.
777 890 831 927 Et
862 891 1073 926 extendens
1103 890 1215 926 ,Iesus
1246 902 1401 926 manum
1434 889 1560 939 tetigit

246 964 343 997 eum,
378 951 505 987 dicens
548 950 657 997 quod
703 946 894 997 potestati
939 960 1009 984 sue
1054 947 1209 984 infinite
1241 960 1321 983 non
1354 955 1488 994 potest
1521 946 1560 982 in

246 1009 461 1057 capacibus
495 1009 632 1044 deesse
665 1006 841 1044 volucio.
898 1006 971 1051 Sis,
1018 1005 1165 1054 inquit,
1214 1006 1440 1043 mundatus.-
1492 1005 1561 1040 ubi

246 1077 441 1104 notantur
472 1066 549 1103 tria
582 1065 767 1102 eccles-ie:
818 1063 949 1112 primo
996 1063 1226 1100 misericors
1259 1062 1560 1100 omnivolencia

1793 268 1846 306 79

1592 721 1728 749 Lessons
1749 722 1828 749 from

1584 756 1716 784 Christ's
1736 762 1828 784 treat-

1610 797 1693 819 ment
1713 792 1747 819 of
1765 792 1814 819 the

1669 828 1760 862 leper.

246 1124 489 1162 Salvatoris:
533 1124 635 1169 Volo,
660 1123 805 1172 inquit,
829 1130 868 1159 ut
891 1123 1195 1159 misericorditer
1228 1121 1477 1172 expurget-is,
1511 1123 1559 1156 Et
1576 1127 1630 1156 His
1645 1128 1704 1156 will
1722 1134 1751 1155 to
1767 1137 1849 1156 save.

192 1187 229 1220 15
247 1183 382 1220 efficax
405 1182 590 1219 execucio
614 1194 684 1218 sue
707 1180 893 1229 potencie
916 1180 1096 1227 volitive,
1131 1181 1294 1228 quando
1319 1178 1559 1227 imperando

246 1242 406 1289 leproso
439 1240 639 1289 loquitur:
674 1240 735 1276 Sis
766 1240 984 1276 mundatus.

303 1301 385 1335 Nec
418 1309 476 1336 est
503 1299 729 1347 putandum
753 1299 865 1347 quod
890 1297 1139 1333 extendendo
1163 1308 1328 1332 manum
1352 1295 1558 1343 leprosum

248 1357 381 1405 tetigit
414 1356 500 1393 sine
533 1369 667 1394 causa.
731 1358 833 1392 Nam
883 1365 1014 1392 tactus
1058 1367 1203 1391 manus
1237 1353 1386 1390 Christi
1427 1352 1559 1400 signat

247 1417 358 1465 quod
407 1415 492 1452 eius
530 1414 764 1451 humanitas
809 1414 883 1450 fuit
927 1426 1123 1462 organum
1158 1425 1228 1448 sue
1261 1411 1486 1448 divinitatis
1520 1410 1559 1445 in
1576 1419 1849 1455 Whyhetouched

191 1488 232 1511 20
249 1473 439 1511 faciendis
463 1472 684 1520 miraculis,
710 1481 748 1509 et
770 1485 851 1509 non
875 1471 1098 1520 principale
1121 1483 1256 1519 agens,
1289 1472 1415 1506 Notat
1432 1468 1559 1505 eciam

249 1532 315 1569 hic
348 1541 479 1568 tactus
514 1531 665 1568 Christi
711 1532 819 1579 quod
865 1543 945 1567 non
994 1538 1051 1566 est
1095 1541 1139 1565 ex
1178 1529 1262 1577 lege
1308 1527 1559 1576 prohibitum

248 1600 411 1639 tangere
444 1591 647 1638 leprosum
683 1589 741 1625 illi
774 1589 843 1638 qui
878 1601 921 1625 ex
945 1596 1054 1625 tactu
1078 1600 1158 1624 non
1184 1587 1405 1623 incurreret
1440 1585 1561 1621 infec—

247 1649 420 1695 cionem,
454 1649 523 1684 sed
557 1648 753 1685 tribueret
787 1647 845 1683 illi
880 1647 949 1695 qui
984 1645 1165 1694 tangitur
1202 1644 1431 1682 sanitatem.
1496 1643 1561 1679 Sic

248 1706 355 1743 enim
389 1706 527 1742 Helias
560 1716 597 1743 et
621 1706 777 1742 Eliseus
801 1713 971 1753 tangunt
990 1713 1197 1740 mortuum
1222 1715 1342 1752 quem
1365 1701 1560 1741 suscitant

192 1765 317 1801 251110
351 1766 444 1812 Reg.
477 1765 580 1800 XVII
620 1772 657 1800 et
695 1765 765 1799 IV0
800 1765 892 1812 Reg.
927 1764 1009 1799 IV0.
1055 1765 1103 1799 Et
1137 1762 1194 1798 sic
1233 1773 1376 1798 manus
1410 1759 1558 1796 Christi

248 1822 427 1859 extencio
462 1830 520 1858 est
553 1822 601 1858 ab
636 1831 773 1858 eterna
806 1834 879 1858 sua
910 1821 1121 1857 voluntate
1154 1829 1345 1867 prompta
1378 1828 1414 1855 et
1440 1817 1559 1854 mise-

249 1881 374 1918 ricors
410 1880 448 1916 in
484 1880 589 1916 facto
615 1879 854 1929 complecio‚
892 1880 967 1915 hoc
991 1887 1061 1925 est,
1092 1877 1269 1926 precepit
1294 1877 1420 1914 latum
1448 1888 1560 1912 man—

250 1940 388 1976 datum
407 1938 493 1990 Dei5
511 1947 548 1974 et
570 1938 627 1974 sic
652 1939 870 1975 edocemur
893 1950 964 1985 per
987 1949 1129 1973 manus
1153 1935 1426 1973 extencionem
1446 1933 1559 1981 prius

249 1997 286 2033 in
315 1996 432 2033 nobis
455 1996 584 2033 facere
601 1997 823 2033 secundum
850 1996 977 2032 latum
1004 1995 1239 2031 mandatum
1269 1994 1355 2039 Dei,
1383 1993 1559 2029 secundo

191 2059 232 2091 30
249 2055 288 2091 in
312 2055 425 2092 factis
455 2054 625 2102 singulis
650 2064 755 2091 recte
777 2054 891 2100 velle,
926 2064 963 2090 et
996 2052 1121 2091 tercio
1145 2052 1391 2088 excludendo
1424 2050 1558 2087 ocium

248 2112 470 2150 voluntatis
503 2113 607 2150 facto
632 2112 801 2160 implere
825 2112 1012 2149 volitum.
1047 2110 1232 2147 Christus
1257 2109 1363 2146 enirn
1389 2108 1559 2156 precipit

249 2173 443 2208 mundato
477 2171 573 2207 nulli
604 2172 751 2211 dicere,·
802 2171 911 2219 quod
957 2178 1091 2218 potest
1138 2167 1422 2215 multipliciter
1465 2178 1560 2203 sane

249 2229 436 2277 intelligi:
472 2229 604 2277 primo
637 2229 746 2277 quod
779 2228 932 2265 nemini
967 2228 1074 2264 dicat
1112 2236 1204 2264 ante
1237 2224 1559 2273 complecionem

250 2288 347 2336 legis
381 2287 505 2324 Levit.
539 2288 642 2333 XIV3
691 2288 869 2323 secundo
915 2296 959 2323 ut
992 2285 1135 2334 prelati
1170 2294 1207 2322 et
1240 2284 1430 2320 facientes
1463 2295 1560 2331 que-

191 2350 230 2382 35
248 2358 406 2394 cunque
440 2347 546 2382 bona
565 2346 787 2382 doceantur
819 2345 953 2393 fugere
978 2344 1137 2380 inanem
1162 2342 1333 2391 gloriam
1359 2351 1396 2378 et
1420 2341 1560 2378 adula-

248 2403 377 2440 cionis
411 2403 545 2440 oleum
580 2404 628 2440 de
661 2403 736 2440 hiis
769 2403 916 2452 quibus
949 2401 1216 2440 benefaciunt.
1249 2399 1392 2437 Tereia
1424 2409 1559 2436 autem

247 2462 310 2498 via
343 2461 442 2498 dicit
476 2463 587 2510 quod
632 2461 846 2509 precepcio
891 2460 1078 2509 negativa
1111 2458 1301 2507 intelligit
1334 2459 1444 2506 quod
1478 2469 1559 2493 non

317 2615 338 2639 i,
361 2615 385 2635 2.
407 2608 456 2635 A:
478 2607 603 2643 quidem
626 2607 724 2643 plebei
745 2608 960 2643 corporaliter.
1031 2606 1056 2635 3.
1078 2607 1123 2634 A:
1145 2605 1231 2633 omni
1253 2605 1397 2633 istorum.
1472 2602 1495 2630 5.
1518 2602 1558 2631 C:

247 2643 427 2681 professus;
466 2643 505 2669 ib.
528 2644 571 2670 A:
594 2651 705 2678 penam
726 2642 890 2670 infinitam.
983 2640 1011 2669 8.
1032 2642 1081 2669 A:
1103 2641 1285 2669 communio
1306 2641 1386 2668 talis.
1462 2647 1495 2666 11.
1517 2638 1558 2665 C:

247 2683 388 2713 potencie
409 2685 472 2705 sue.
559 2685 595 2704 12.
617 2677 655 2704 B:
680 2678 802 2705 volicio.
878 2677 915 2704 15.
936 2678 982 2704 A:
1004 2676 1150 2704 volutive.
1224 2684 1265 2710 ¹9·
1286 2676 1334 2702 A:
1358 2674 1559 2705 humanitus;

247 2713 287 2739 ib.
311 2711 377 2740 BC:
399 2721 453 2739 sue
469 2713 571 2743 deest;
592 2711 659 2740 BC:
684 2712 819 2745 deitatis;
843 2711 883 2739 ib.
906 2713 927 2738 Β
949 2711 979 2739 in
1001 2719 1116 2745 marg:
1137 2710 1253 2738 Tactus
1275 2717 1423 2737 manuum
1445 2708 1560 2736 Christi

246 2747 318 2809 guid
341 2749 451 2781 signat.
499 2755 538 2774 21.
555 2746 798 2779 BC2intac1us;
820 2746 918 2774 ib.A:
939 2746 997 2781 legi
1019 2746 1222 2781 prohibitum.
1270 2752 1312 2772 22.
1329 2744 1388 2771 BC.
1406 2744 1559 2776 incurret;

307 2783 494 2815 incurrerem
522 2783 671 2810 correxit:
694 2781 838 2809 incurret.
996 2789 1040 2816 27.
1063 2780 1130 2808 ssC:
1153 2782 1210 2807 hoc
1237 2780 1319 2807 enim
1350 2780 1445 2806 latum
1477 2786 1559 2805 man-

247 2817 352 2844 datum
377 2817 441 2849 Dei,
463 2819 643 2844 edocemur.
757 2817 796 2844 31.
818 2815 883 2844 BC:
906 2815 1052 2844 Christus
1081 2819 1196 2843 autem.
1287 2813 1327 2842 35.
1351 2814 1371 2840 B
1393 2814 1423 2840 in
1444 2820 1559 2847 marg:

247 2852 316 2879 Non
351 2853 486 2879 revelare
508 2851 653 2879 beneficia
686 2851 801 2879 Christi
831 2851 989 2887 quomodo
1010 2851 1198 2884 intelligitur.
1285 2849 1330 2882 ¹34.
1353 2850 1396 2875 A:
1421 2849 1558 2875 secundo

248 2893 278 2913 ut
297 2886 378 2913 dicit.

1628 1458 1678 1482 the
1700 1455 1795 1489 leper.
