2017 3353
187 1384 290 1412 Christ
312 1383 378 1410 tells
399 1391 435 1410 us

175 1421 257 1447 tolet
272 1419 345 1446 both
363 1426 448 1452 grow

201 1461 230 1481 to
253 1454 360 1487 gether
380 1453 424 1480 tiII

208 1490 257 1516 the
283 1490 414 1516 harvest.

750 278 975 311 JOI-IANNIS
995 276 1177 309 WYCLIF
1204 275 1460 308 SERMONUM
1505 262 1663 317 [SERMO
1682 270 1763 298 XIV-

453 386 607 423 veniale
640 384 814 421 hominis
848 392 885 420 et
918 382 1104 428 mortale,
1136 394 1273 430 ymmo
1309 383 1446 418 bonum
1471 382 1599 417 dicunt
1621 380 1765 416 malum

455 456 491 482 et
524 453 702 489 econtra,
735 443 838 479 sicut
870 441 986 478 Ysaie
1018 442 1071 477 V0
1105 440 1281 488 capitulo
1314 440 1591 488 prophetatur.
1624 441 1673 475 Et
1710 437 1766 474 sic

455 503 684 551 frequenter
734 513 804 548 per
854 501 976 536 verba
1027 498 1249 546 sophistica
1291 497 1416 545 patris
1468 498 1530 534 sui
1578 496 1764 544 fingendo

455 560 639 597 zizannia
681 559 888 595 eradicant
921 566 959 594 et
991 556 1185 596 triticum,
1230 558 1279 592 Et
1317 556 1372 592 sic
1410 554 1476 592 ubi
1519 553 1766 602 evangelium

456 618 607 655 Christi
623 616 789 654 Matthei
804 617 889 652 XIII
905 624 943 652 et
956 616 1078 652 XVIII
1101 613 1275 662 precipit
1297 613 1338 649 in
1360 613 1602 650 medicinam
1626 611 1767 648 talium

455 676 754 726 quantumlibet
807 686 1089 722 perversorum
1142 673 1250 720 quod
1304 672 1378 708 sint
1420 672 1515 708 sicut
1554 670 1694 707 ethnici
1737 674 1771 705 et

452 735 650 785 publicani
682 743 719 770 et
742 745 822 768 non
845 741 888 768 ut
912 730 1178 779 corporaliter
1207 729 1456 776 occidantur,
1483 729 1593 766 scola
1621 726 1770 764 diaboli

458 793 688 830 introducta
733 789 829 827 dicit
871 790 925 826 ita
964 788 1169 837 evangelio
1210 787 1359 824 Christi
1399 787 1618 832 contrarie,·
1660 785 1769 834 quod

458 850 623 887 indubie
657 858 715 886 est
748 848 857 885 scola
892 847 994 896 regis
1027 846 1226 895 superbie.

515 911 605 945 Non
638 907 744 944 enim
778 906 1019 954 permittunt
1051 905 1162 953 quod
1184 904 1245 942 lex
1268 902 1415 940 Christi
1439 903 1590 940 iudicet
1614 910 1770 938 senten-

459 967 562 1004 ciam
597 965 628 1003 si
661 965 712 1002 sit
744 957 849 1011 vera,
889 964 959 1001 sed
998 963 1163 1011 ipsimet
1203 973 1408 1010 tamquam
1443 961 1670 998 sacerdotes
1704 958 1771 1007 qui

460 1024 664 1061 Christum
691 1022 923 1060 occiderant
953 1021 1134 1058 iudicant
1156 1020 1342 1057 falsitatis
1367 1018 1599 1056 testimonio
1615 1026 1771 1066 partem

459 1096 573 1119 suam
609 1091 645 1118 et
679 1081 734 1118 sic
768 1093 839 1128 per
870 1080 976 1128 leges
1010 1079 1167 1127 iniquas
1192 1078 1373 1114 iudicant
1405 1077 1540 1114 fideles
1573 1074 1773 1124 plurimos

463 1153 532 1177 sue
564 1139 751 1188 superbie
785 1138 844 1175 vel
868 1137 1041 1175 avaricie
1071 1137 1318 1183 resistentes;
1351 1144 1656 1184 verumptamen
1680 1145 1774 1169 eon-

463 1199 598 1235 silium
639 1200 754 1234 beate
794 1195 959 1244 virginis
1000 1204 1037 1231 et
1075 1207 1145 1242 per
1190 1206 1442 1242 consequens
1487 1193 1617 1230 tocius
1667 1190 1775 1227 curie

462 1256 618 1293 celestis
652 1265 712 1292 est
744 1255 865 1301 istud,
908 1255 1155 1303 quodcunque
1189 1253 1332 1289 dixerit
1366 1253 1471 1289 vobis
1504 1252 1614 1287 Jesus
1635 1250 1775 1300 facite.

462 1316 549 1362 Ipse
583 1323 717 1350 autem
752 1312 849 1349 dicit
882 1313 990 1359 quod
1024 1324 1104 1347 non
1136 1311 1219 1347 vult
1251 1320 1292 1347 ut
1319 1310 1417 1346 tales
1448 1309 1645 1346 hereticos
1669 1306 1776 1343 occi-

467 1373 578 1409 sione
618 1371 799 1420 corporis
838 1370 1055 1416 eradicent,
1096 1382 1144 1405 ne
1183 1369 1284 1405 forte
1329 1381 1372 1405 ex
1411 1367 1579 1404 cecitate
1625 1364 1777 1402 diaboli

465 1431 669 1467 eradicent
706 1437 740 1465 et
777 1429 959 1473 triticum,
998 1427 1102 1464 sicut
1141 1440 1308 1475 granum
1344 1425 1533 1462 frumenti
1565 1438 1587 1461 a
1620 1423 1778 1471 sapien-

465 1489 640 1525 cioribus
674 1487 950 1524 sacerdotibus
983 1496 1041 1522 est
1074 1485 1266 1521 occisum.
1314 1486 1391 1521 Sed
1420 1485 1541 1530 sinite,
1576 1483 1630 1519 ait
1651 1484 1777 1527 JesuS,

466 1555 627 1596 utraque
664 1558 838 1584 crescere
876 1538 991 1593 usqu'e
1023 1545 1074 1579 ad
1106 1556 1279 1587 messem,
1313 1551 1347 1578 et
1379 1544 1414 1578 in
1446 1550 1619 1591 tempore
1639 1540 1778 1590 finalis

468 1605 598 1641 iudicii
650 1603 831 1640 Christus
896 1603 1012 1638 iudex
1063 1601 1323 1649 inpeccabilis
1377 1601 1481 1637 dicet
1534 1598 1685 1647 angelis
1738 1606 1781 1632 ut

467 1662 650 1699 zizannia
683 1661 872 1709 colligant
905 1660 945 1696 in
978 1658 1205 1705 fasciculos,
1251 1671 1340 1695 cum
1382 1656 1629 1709 dampnandi
1670 1655 1783 1706 ligati

467 1721 640 1757 manibus
678 1727 712 1755 et
746 1720 909 1769 pedibus
950 1720 1008 1765 (ut
1049 1726 1158 1765 patet
1194 1717 1362 1753 Matthei
1395 1717 1510 1761 XXII,
1551 1716 1612 1760 13)
1645 1715 1680 1749 in
1713 1725 1780 1749 ex-

465 1780 628 1815 teriores
666 1778 840 1814 tenebras
877 1777 950 1813 sint
984 1776 1160 1825 proiecti.
1200 1775 1383 1811 Triticum
1417 1783 1549 1811 autern
1589 1771 1783 1819 predesti-

467 1846 656 1873 natorum
690 1844 782 1871 sunt
821 1836 856 1871 in
896 1835 1079 1871 horreum
1112 1832 1371 1869 beatitudinis
1411 1830 1680 1883 congregandi
1724 1830 1783 1877 (ut

469 1903 578 1942 patet
608 1893 777 1930 Matthei
812 1894 897 1939 1110,
928 1896 1010 1941 12);
1043 1891 1147 1928 sicut
1171 1891 1276 1928 enim
1302 1890 1483 1927 zizannia
1508 1902 1578 1937 per
1599 1887 1783 1925 accidens

471 1954 636 2000 prodest
669 1951 818 1997 tritico,
854 1964 944 1987 cum
979 1960 1114 1998 partes
1149 1949 1232 1985 eius
1266 1948 1430 1997 colligat
1454 1956 1491 1984 et
1515 1946 1611 1984 facit
1644 1954 1784 1982 contra

470 2019 729 2059 tempestates
777 2008 1033 2045 constancius
1082 2007 1202 2044 simul
1249 2017 1354 2044 stare
1399 2018 1444 2043 ac
1490 2005 1529 2041 in
1583 2003 1783 2052 principio

469 2069 692 2105 zizanniam
740 2061 836 2103 sibi'
868 2066 1065 2103 assimilat
1110 2075 1147 2102 et
1205 2064 1428 2102 eradicacio
1484 2063 1574 2111 plus
1621 2067 1815 2098 noceret?

471 2127 604 2163 tritico
650 2125 888 2162 conculcato
929 2124 1013 2161 eius
1054 2124 1209 2160 radices
1254 2132 1292 2160 et
1336 2122 1493 2159 culmos
1537 2120 1670 2168 sepius
1717 2120 1784 2155 de-

471 2185 683 2221 struendo:
718 2183 774 2219 sic
807 2183 919 2230 pravi
944 2192 1126 2219 rarenter
1149 2181 1334 2218 seminati
1358 2180 1462 2217 inter
1483 2181 1611 2215 bonos
1634 2177 1785 2214 faciunt

472 2255 542 2290 per
575 2242 762 2278 accidens
796 2242 845 2277 ad
878 2240 939 2277 sui
974 2240 1165 2276 meritum
1201 2249 1238 2276 et
1271 2240 1320 2276 ad
1354 2237 1570 2274 forciorem
1605 2234 1784 2273 caritatis

473 2299 755 2348 colliganciam
789 2311 834 2335 ac
869 2298 1107 2335 exercicium
1143 2298 1180 2334 in
1208 2298 1354 2334 virtute
1379 2306 1415 2332 et
1440 2308 1510 2343 per
1533 2305 1783 2342 consequens

473 2370 614 2395 eorum
649 2356 843 2394 extinccio
878 2366 1103 2393 contereret
1136 2365 1247 2393 actus
1279 2354 1452 2400 virtutis,
1487 2353 1556 2401 qui
1581 2365 1624 2389 ex
1657 2351 1785 2388 tribu-

474 2416 631 2453 lacione
666 2424 945 2452 concrescunt.

542 2548 571 2573 4.
593 2540 637 2567 A:
659 2538 704 2566 sic
725 2539 816 2566 deest.
866 2538 894 2565 5.
915 2538 955 2566 C:
978 2537 1104 2565 Mattliei
1125 2537 1195 2565 XIII
1216 2542 1243 2564 et
1266 2535 1362 2564 XVIII
1385 2536 1483 2566 deest;
1505 2535 1550 2562 A:
1572 2532 1651 2561 XIX.
1699 2531 1727 2559 6.
1749 2531 1788 2558 B:

475 2580 556 2602 sum.
630 2582 656 2600 ”.
679 2574 717 2600 B:
739 2579 770 2600 ut
791 2575 885 2600 deest.
959 2581 1000 2600 ιο.
1022 2574 1065 2599 A:
1087 2572 1269 2608 permittunt
1290 2576 1332 2598 ut.
1390 2578 1423 2597 ιι.
1445 2571 1488 2597 A:
1510 2569 1667 2597 sacerdos.
1714 2566 1736 2593 B
1757 2567 1787 2593 In

475 2617 591 2643 marg.:
614 2589 702 2636 biota.
808 2608 843 2636 13.
866 2607 906 2635 C:
928 2608 1134 2643 philosophos
1157 2614 1221 2634 sue.
1318 2614 1356 2640 17.
1378 2605 1400 2631 B
1421 2605 1451 2632 in
1473 2612 1590 2638 marga
1611 2602 1691 2630 Nota
1711 2609 1786 2628 con-

475 2645 578 2672 silium
600 2644 753 2679 optixnum
775 2643 816 2677 (in
839 2643 927 2669 bIack
941 2643 1017 2675 ink).
1074 2649 1115 2675 ις).
1136 2642 1180 2669 A:
1203 2641 1380 2669 eraidicent.
1441 2647 1487 2666 20.
1509 2640 1557 2666 A:
1576 2637 1790 2665 sacerdotibus

475 2680 570 2706 deest.
687 2685 728 2705 22.
751 2678 796 2704 A:
818 2677 904 2704 indii.
1017 2677 1060 2704 23.
1082 2678 1120 2703 Bt
1141 2676 1324 2703 zizanniam.
1448 2681 1493 2707 24.
1518 2674 1556 2701 C:
1580 2673 1687 2700 Matth.
1708 2670 1789 2697 VIII.

476 2714 518 2742 25.
539 2713 691 2741 TritIcum
713 2717 830 2745 autem3
846 2712 894 2739 hic
913 2712 1040 2739 verbum
1057 2712 1207 2739 excidisse
1222 2711 1358 2738 videtur:
1375 2710 1476 2736 anime
1498 2707 1789 2743 predestinatorum.

477 2756 520 2783 27.
543 2749 641 2776 Codd.
664 2749 768 2775 Matth.
790 2748 831 2774 25.
905 2746 950 2773 28.
971 2747 1014 2774 A:
1038 2747 1179 2781 prodere.
1254 2752 1300 2780 29.
1324 2746 1344 2770 Β
1373 2744 1402 2771 in
1424 2751 1539 2777 marg.:
1562 2742 1633 2769 Mali
1654 2740 1789 2768 occasio-

475 2783 584 2811 naliter
600 2787 731 2818 prosunt
752 2781 841 2809 bonis
856 2786 883 2808 et
897 2781 1071 2816 quomodo.
1119 2780 1159 2809 31.
1175 2779 1215 2807 C:
1237 2780 1389 2807 cumulos.
1429 2777 1471 2806 33.
1487 2780 1530 2804 A:
1552 2775 1789 2805 iormacionem.

476 2817 518 2846 35.
538 2819 582 2845 A:
603 2817 786 2845 continccio.
877 2816 917 2842 ib.
939 2818 980 2843 A:
1002 2823 1037 2842 ex
1057 2816 1152 2843 deest.

549 2911 579 2933 2.
607 2902 646 2933 Is.
675 2902 715 2941 V,
743 2911 784 2932 20

1791 918 1830 940 10

1797 1197 1833 1229 15

1795 1497 1836 1518 20

1799 1775 1838 1808 25

1803 2354 1841 2387 35
