2017 3353
262 273 397 301 senno
419 260 497 318 xp]
770 274 911 306 PRIMA
939 274 1064 305 PARS.

263 381 451 418 berrime:
476 380 669 416 Attendite
691 380 848 429 asalsis
866 380 1080 429 prophetis.
1108 381 1262 416 Debent
1286 389 1419 416 autem
1446 380 1580 416 fideles

263 449 377 476 caute
410 450 548 475 cavere
579 439 627 474 de
656 437 745 479 illis,
777 450 964 474 censuras
994 437 1233 486 sophisticas
1258 439 1581 486 contempnendo

263 496 503 545 temporalia
536 508 675 532 eorum
710 508 800 532 cum
830 495 1050 543 prudencia
1079 496 1366 537 subtrahendo,
1401 504 1438 532 et
1468 496 1581 544 quid-

263 554 358 603 quid
391 563 524 602 preter
558 553 807 602 evangelium
833 553 1001 589 dixerint
1037 553 1322 599 discredendo:
1354 553 1582 602 quicunque

228 612 368 650 §enim
403 612 457 649 eis
491 611 737 648 consenserit
770 611 939 648 favendo
974 620 1031 647 est
1065 611 1249 659 proditor
1277 611 1348 648 Dei
1382 611 1455 656 sui,
1489 611 1582 660 quia

262 684 341 707 non
375 670 540 706 dubium
574 678 665 706 sunt
697 669 785 706 falsi
819 670 1035 717 prophete:
1071 669 1207 706 dicunt
1252 669 1356 706 enim
1402 682 1583 717 expresse

263 738 299 766 et
333 727 588 765 contenciose
624 729 731 776 quod
756 727 830 776 ipsi
854 727 1111 775 singulariter
1129 737 1220 764 sunt
1244 728 1411 764 ecclesia
1435 727 1581 764 Christi

263 796 300 824 et
334 800 404 835 per
437 798 686 834 consequens
719 785 827 822 iuxta
850 798 1075 822 sermonem
1108 786 1335 834 proximum
1361 787 1468 834 quod
1493 794 1583 822 sunt

263 845 443 882 Christus
476 844 544 893 qui
567 844 607 880 in
629 843 726 892 ipsis
749 842 939 892 loquitur.
974 845 1022 879 Et
1046 843 1100 880 ita
1126 844 1263 881 dicunt
1294 853 1584 892 consequenter

209 919 248 940 10
264 904 371 952 quod
405 902 586 940 Christus
619 902 660 938 in
691 901 772 938 suis
806 901 996 938 membris
1029 902 1225 950 loquitur:
1261 903 1368 950 quod
1403 910 1460 938 est
1491 915 1584 938 vera

263 960 495 1010 prophecia,
549 960 640 997 licet
699 959 774 1008 ipsi
834 961 1113 997 descendendo
1158 960 1276 997 nimis
1329 959 1585 1008 singulariter

265 1020 441 1057 habeant
473 1026 630 1067 partem
663 1018 819 1055 falsam.

320 1077 569 1114 Vestimenta
621 1084 754 1113 autem
801 1075 1003 1112 interioris
1055 1075 1227 1113 hominis
1280 1085 1322 1113 ut
1361 1076 1584 1125 baptismus

265 1144 302 1172 et
336 1144 468 1172 cetera
500 1134 809 1171 sacramentalia
842 1143 1009 1182 possunt
1043 1134 1120 1171 dici
1165 1134 1402 1171 vestimenta
1434 1135 1582 1176 ovium,

212 1198 249 1231 15
266 1207 356 1231 cum
381 1194 569 1230 iustorum
590 1200 678 1229 sunt
703 1193 829 1228 omnia
851 1194 1070 1229 secundum
1081 1193 1334 1241 Apostolum,
1351 1194 1411 1229 vel
1427 1192 1586 1241 planius

265 1260 397 1300 potest
431 1251 509 1288 dici
543 1252 651 1300 quod
683 1250 922 1287 vestimenta
954 1263 1025 1287 sua
1058 1250 1287 1299 corporalia
1332 1260 1423 1287 sunt
1469 1251 1585 1287 vesti-

267 1318 401 1346 menta
434 1309 567 1346 ovium
601 1308 837 1357 pretensive.
872 1308 937 1345 Sic
967 1308 1071 1345 enim
1107 1308 1258 1345 dictum
1299 1318 1356 1345 est
1401 1321 1585 1346 sermone

266 1367 450 1417 proximo
485 1368 691 1416 quomodo
731 1367 925 1415 dyabolus
971 1366 1078 1415 capit
1122 1366 1392 1415 nuncupative
1436 1380 1584 1404 nomen

267 1425 421 1463 domini
466 1434 503 1462 et
546 1424 740 1474 principis
785 1424 901 1461 huius
947 1425 1098 1461 mundi.
1155 1425 1273 1461 Tales
1319 1434 1451 1462 autern
1498 1425 1584 1462 falsi

209 1500 250 1522 20
266 1485 463 1533 prophete
496 1483 536 1520 in
570 1495 826 1532 quocumque
860 1483 1012 1529 habitu,
1038 1482 1258 1531 episcopali
1282 1484 1342 1519 vel
1366 1484 1583 1525 fraternali,

264 1542 457 1588 venerint,
475 1541 635 1578 realiter
648 1541 811 1578 veniunt
832 1541 871 1577 in
886 1541 1133 1578 vestimentis
1160 1542 1362 1590 luporum,
1384 1541 1475 1578 licet
1499 1541 1585 1589 ipsa

267 1599 434 1637 dixerint
457 1612 540 1636 esse
555 1599 793 1637 vestimenta
810 1599 1142 1645 christianorum3
1168 1601 1275 1648 quod
1293 1608 1433 1636 notato
1454 1600 1584 1636 fructu

266 1657 490 1707 apostolico
524 1670 568 1694 ex
598 1657 793 1694 fructibus
827 1671 991 1694 suorum
1025 1670 1193 1706 operum
1228 1666 1359 1706 potest
1384 1657 1583 1705 cognosci.

267 1718 367 1753 Sunt
401 1715 506 1753 enim
540 1715 653 1764 spine
701 1728 777 1764 que
819 1716 931 1752 lanas
977 1715 1114 1752 ovinas
1159 1715 1320 1764 rapiunt
1367 1725 1403 1752 et
1448 1715 1583 1752 tribuli

210 1783 248 1815 25
267 1774 334 1823 qui
367 1775 513 1823 pellem
547 1773 775 1811 Salomonis
808 1774 1006 1819 lacerant3
1040 1773 1131 1810 ideo
1165 1773 1413 1822 impossibile
1446 1782 1503 1810 est
1537 1775 1584 1810 de

162 1866 185 1897 F
217 1866 224 1897 l
266 1832 362 1881 ipsis
394 1845 489 1869 uvas
520 1831 601 1869 vini
634 1831 861 1868 letificantis
900 1831 1055 1868 animas
1100 1832 1352 1868 subditorum
1399 1831 1585 1879 colligere

168 1877 246 1955 1791}
265 1892 327 1928 vel
360 1890 458 1928 ficus
491 1889 737 1927 stabilientes
772 1899 808 1926 et
841 1889 1138 1938 impinguantes
1173 1890 1321 1936 fideles,
1357 1902 1447 1926 cum
1484 1886 1583 1946 sint!

267 1958 409 1986 nature
442 1948 656 1985 contrarie.
690 1950 791 1984 Nam
826 1948 1060 1997 impossihile
1091 1956 1146 1984 est
1178 1949 1280 1997 quod
1322 1948 1444 1984 arbor
1487 1949 1583 1984 bona

267 2006 615 2055 predestinacione
636 2006 767 2056 saciat
788 2007 951 2055 fructus
974 2007 1097 2042 malos
1120 2005 1356 2054 simpliciter
1384 2007 1444 2042 vel
1465 2007 1586 2042 arbor

209 2077 250 2110 30
268 2066 369 2101 mala
404 2066 622 2101 secundum
658 2063 1036 2112 preordinacionem
1071 2066 1120 2100 ad
1161 2077 1305 2112 penam
1345 2073 1582 2112 perpetuam

255 2124 387 2173 faciat
407 2124 571 2172 fructus
609 2123 727 2159 bonos
758 2121 1007 2170 simpliciter.
1042 2124 1157 2159 Unde
1196 2123 1319 2158 omnis
1362 2122 1450 2158 talis
1482 2123 1584 2158 mala

265 2182 386 2217 arbor
410 2182 457 2217 de
482 2180 649 2217 eeclesia
681 2181 902 2217 abscidetur
933 2188 968 2216 et
999 2181 1034 2216 in
1058 2181 1185 2231 ignem
1210 2188 1381 2217 eternum
1413 2180 1586 2216 mittetur

266 2243 323 2283 (ut
355 2248 465 2287 patet
497 2238 664 2276 Matthei
695 2239 854 2287 XXV0).
902 2238 1093 2284 Quamvis
1138 2238 1243 2275 enim
1289 2251 1369 2274 non
1413 2238 1491 2274 sint
1536 2240 1585 2275 de

264 2309 357 2334 vera
390 2296 537 2334 Christi
571 2297 739 2334 ecclesia
777 2296 1048 2345 nuncupative
1081 2296 1187 2333 dicta
1232 2305 1269 2333 et
1314 2298 1361 2333 de
1407 2297 1584 2333 humano

209 2367 407 2403 35genere
448 2367 493 2392 ac
537 2364 642 2391 terre
693 2354 893 2392 viancium
949 2356 996 2391 de
1050 2368 1127 2403 qua
1179 2364 1221 2390 ut
1266 2356 1386 2391 arbor
1433 2354 1584 2391 inutilis

267 2412 510 2457 abscidetur,
565 2425 658 2461 ergo
704 2425 747 2449 ex
792 2412 987 2449 fructibus
1033 2425 1170 2449 eorum
1216 2421 1311 2449 tunc
1355 2414 1470 2461 plene
1514 2425 1583 2449 no-

265 2480 439 2517 scentur,
485 2472 647 2519 quando
691 2471 844 2519 patebit
889 2472 1096 2519 quomodo
1143 2480 1234 2507 sunt
1278 2470 1453 2519 presciti.
1504 2473 1583 2507 Nec

266 2537 397 2565 movet
431 2530 538 2577 quod
572 2529 670 2565 tales
704 2529 777 2565 rite
811 2528 946 2565 dicant
980 2528 1120 2566 missas
1144 2538 1263 2577 atque
1293 2529 1469 2565 divinum
1504 2541 1583 2565 ser-

263 2586 424 2632 vicium,
470 2586 564 2635 quia
596 2599 669 2623 non
714 2587 836 2623 omnis
880 2587 944 2636 qui
986 2587 1077 2623 dicit
1123 2587 1249 2624 eciam
1295 2586 1335 2623 in
1380 2588 1501 2623 corde
1546 2594 1583 2623 et

335 2752 353 2770 i.
376 2744 419 2770 A:
442 2744 600 2778 prophetis
621 2748 676 2770 etc.
750 2743 773 2771 5.
797 2745 842 2771 A:
865 2744 944 2771 enim
968 2744 1060 2771 deest.
1131 2753 1158 2775 o.
1182 2745 1224 2771 A:
1247 2744 1298 2779 qui
1320 2743 1348 2770 in
1372 2752 1412 2770 se.
1482 2752 1515 2770 ιι.
1537 2744 1580 2770 Α.-

265 2778 330 2805 licet
353 2778 422 2813 ipsi.
497 2786 534 2805 12.
556 2779 599 2805 A:
623 2783 739 2813 partem
761 2779 885 2805 famam.
955 2779 990 2806 15.
1014 2779 1051 2806 H:
1075 2784 1105 2806 nt
1127 2777 1258 2815 planius.
1329 2786 1369 2813 ¹9-
1393 2778 1458 2805 BC:
1481 2783 1580 2805 antem

264 2813 357 2840 deest.
440 2812 482 2839 23.
504 2814 547 2840 A:
571 2813 666 2840 nosci.
749 2821 795 2847 24.
818 2814 861 2840 A:
884 2813 987 2841 tribuli
1033 2823 1076 2841 ne.
1160 2814 1205 2841 26.
1228 2815 1272 2840 A:
1295 2812 1399 2839 animi.
1473 2812 1518 2840 30.
1542 2813 1580 2840 B:

265 2848 356 2882 primi
378 2847 621 2874 ordinacionem.
707 2846 823 2875 30—32.
845 2849 889 2875 A:
912 2856 1003 2875 secun
1033 2857 1082 2875 nm
1103 2865 1137 2867 —
1157 2849 1249 2875 arbor
1269 2848 1362 2875 deest.
1448 2846 1489 2874 1³3.
1513 2848 1579 2874 BC:

264 2890 324 2908 non
346 2882 418 2913 fuit:
454 2883 499 2909 A:
522 2882 577 2910 sit:
618 2882 657 2909 ib.
679 2883 707 2910 A
728 2882 756 2909 in
781 2891 896 2916 marg:
926 2882 1061 2910 Ecclesia
1083 2883 1204 2918 duplex.
1339 2881 1386 2909 36.
1408 2882 1452 2909 A:
1475 2882 1578 2917 igitur.

262 2915 309 2952 36,
330 2915 374 2952 37.
395 2918 438 2944 A:
461 2921 695 2952 cognoscentur.
768 2916 813 2945 38.
834 2918 878 2945 A:
901 2917 1014 2945 dicunt.
1088 2917 1135 2954 39.
1156 2919 1185 2945 A
1204 2917 1234 2945 in
1256 2925 1370 2951 marg:
1391 2916 1483 2946 Nota.

1789 267 1868 313 267

1626 388 1693 415 Thc
1715 388 1833 415 faithful

1610 423 1720 450 should
1744 428 1796 449 not
1818 423 1852 449 bc

1599 457 1706 484 niislcd
1727 458 1764 493 by
1782 458 1870 492 papa}

1655 500 1810 520 censuros.

1675 1082 1803 1116 Shceps'

1665 1116 1810 1151 clothing.

1616 2475 1732 2511 Saying
1752 2475 1854 2503 divine

1599 2510 1714 2537 service
1734 2510 1795 2537 will
1820 2515 1871 2537 nol

1627 2545 1697 2580 gain
1719 2545 1844 2572 heaven.
