<?xml version="1.0" encoding="UTF-8"?>
<!DOCTYPE html PUBLIC "-//W3C//DTD XHTML 1.0 Transitional//EN"
    "http://www.w3.org/TR/xhtml1/DTD/xhtml1-transitional.dtd">
<html xmlns="http://www.w3.org/1999/xhtml" xml:lang="en" lang="en">
 <head>
  <title>
</title>
<meta http-equiv="Content-Type" content="text/html;charset=utf-8" />
  <meta name='ocr-system' content='tesseract 3.04.00' />
  <meta name='ocr-capabilities' content='ocr_page ocr_carea ocr_par ocr_line ocrx_word'/>
</head>
<body>
  <div class='ocr_page' id='page_1' title='image "./iohanniswyclifse0701wycl_0029.png"; bbox 0 0 2057 3353; ppageno 0'>
   <div class='ocr_carea' id='block_1_1' title="bbox 65 201 1800 1142">
    <p class='ocr_par' dir='ltr' id='par_1_1' title="bbox 734 201 1792 233">
     <span class='ocr_line' id='line_1_1' title="bbox 734 201 1792 233; baseline -0.003 0"><span class='ocrx_word' id='word_1_1' title='bbox 734 201 1124 233; x_wconf 61' lang='lat' dir='ltr'>IN&#39;rRODUC&#39;slsffi.</span> <span class='ocrx_word' id='word_1_2' title='bbox 1664 201 1792 230; x_wconf 67' lang='lat' dir='ltr'>XXIII</span> 
     </span>
    </p>

    <p class='ocr_par' dir='ltr' id='par_1_2' title="bbox 65 314 1794 513">
     <span class='ocr_line' id='line_1_2' title="bbox 182 314 1794 374; baseline -0.007 -11"><span class='ocrx_word' id='word_1_3' title='bbox 182 329 239 363; x_wconf 89' lang='lat' dir='ltr'>As</span> <span class='ocrx_word' id='word_1_4' title='bbox 255 324 269 362; x_wconf 96' lang='grc' dir='ltr'><strong>Ι</strong></span> <span class='ocrx_word' id='word_1_5' title='bbox 285 323 389 361; x_wconf 81' lang='lat' dir='ltr'>have</span> <span class='ocrx_word' id='word_1_6' title='bbox 405 320 581 374; x_wconf 86' lang='lat' dir='ltr'>pointed</span> <span class='ocrx_word' id='word_1_7' title='bbox 596 328 671 358; x_wconf 90' lang='lat' dir='ltr'>out</span> <span class='ocrx_word' id='word_1_8' title='bbox 687 318 726 357; x_wconf 88' lang='lat' dir='ltr'>in</span> <span class='ocrx_word' id='word_1_9' title='bbox 745 331 812 371; x_wconf 85' lang='lat' dir='ltr'>my</span> <span class='ocrx_word' id='word_1_10' title='bbox 831 318 944 356; x_wconf 90' lang='lat' dir='ltr'>book</span> <span class='ocrx_word' id='word_1_11' title='bbox 967 315 1143 355; x_wconf 82' lang='lat' dir='ltr'>“Wiclif</span> <span class='ocrx_word' id='word_1_12' title='bbox 1161 317 1243 355; x_wconf 82' lang='lat' dir='ltr'>aud</span> <span class='ocrx_word' id='word_1_13' title='bbox 1261 317 1374 354; x_wconf 84' lang='lat' dir='ltr'>Hus&#39;’</span> <span class='ocrx_word' id='word_1_14' title='bbox 1398 314 1522 369; x_wconf 81' lang='lat' dir='ltr'>(page</span> <span class='ocrx_word' id='word_1_15' title='bbox 1549 316 1794 369; x_wconf 69' lang='lat'>274—279)</span> 
     </span>
     <span class='ocr_line' id='line_1_3' title="bbox 65 385 1794 442; baseline -0.006 -8"><span class='ocrx_word' id='word_1_16' title='bbox 65 395 135 434; x_wconf 88' lang='lat' dir='ltr'>the</span> <span class='ocrx_word' id='word_1_17' title='bbox 160 403 245 433; x_wconf 88' lang='lat' dir='ltr'>two</span> <span class='ocrx_word' id='word_1_18' title='bbox 268 404 457 430; x_wconf 85' lang='lat' dir='ltr'>sermons</span> <span class='ocrx_word' id='word_1_19' title='bbox 481 389 549 429; x_wconf 84' lang='lat' dir='ltr'>De</span> <span class='ocrx_word' id='word_1_20' title='bbox 565 401 686 442; x_wconf 80' lang='lat' dir='ltr'>pace,</span> <span class='ocrx_word' id='word_1_21' title='bbox 720 389 801 427; x_wconf 89' lang='lat' dir='ltr'>and</span> <span class='ocrx_word' id='word_1_22' title='bbox 827 387 893 426; x_wconf 85' lang='lat' dir='ltr'>De</span> <span class='ocrx_word' id='word_1_23' title='bbox 911 385 1021 439; x_wconf 78' lang='lat' dir='ltr'>fidei</span> <span class='ocrx_word' id='word_1_24' title='bbox 1051 398 1127 425; x_wconf 79' lang='lat' dir='ltr'>Sue</span> <span class='ocrx_word' id='word_1_25' title='bbox 1158 385 1460 432; x_wconf 78' lang='lat' dir='ltr'>elucidacione,</span> <span class='ocrx_word' id='word_1_26' title='bbox 1495 386 1532 423; x_wconf 83' lang='lat' dir='ltr'>in</span> <span class='ocrx_word' id='word_1_27' title='bbox 1559 386 1794 437; x_wconf 81' lang='lat' dir='ltr'>particular,</span> 
     </span>
     <span class='ocr_line' id='line_1_4' title="bbox 66 453 1790 513; baseline -0.005 -10"><span class='ocrx_word' id='word_1_28' title='bbox 66 477 133 503; x_wconf 88' lang='lat' dir='ltr'>are</span> <span class='ocrx_word' id='word_1_29' title='bbox 156 464 279 503; x_wconf 87' lang='lat' dir='ltr'>taken</span> <span class='ocrx_word' id='word_1_30' title='bbox 312 462 452 513; x_wconf 71' lang='lat' dir='ltr'>nearly</span> <span class='ocrx_word' id='word_1_31' title='bbox 486 460 601 498; x_wconf 84' lang='lat' dir='ltr'>word</span> <span class='ocrx_word' id='word_1_32' title='bbox 635 457 700 496; x_wconf 87' lang='lat' dir='ltr'>for</span> <span class='ocrx_word' id='word_1_33' title='bbox 733 457 849 495; x_wconf 85' lang='lat' dir='ltr'>word</span> <span class='ocrx_word' id='word_1_34' title='bbox 882 455 990 494; x_wconf 88' lang='lat' dir='ltr'>from</span> <span class='ocrx_word' id='word_1_35' title='bbox 1015 453 1207 508; x_wconf 82' lang='lat' dir='ltr'>Wyclif&#39;s</span> <span class='ocrx_word' id='word_1_36' title='bbox 1241 454 1466 493; x_wconf 76' lang='lat' dir='ltr'><em>Sermones</em></span> <span class='ocrx_word' id='word_1_37' title='bbox 1500 454 1790 495; x_wconf 79' lang='lat' dir='ltr'><em>dominicales.</em></span> 
     </span>
    </p>

    <p class='ocr_par' dir='ltr' id='par_1_3' title="bbox 65 523 1800 999">
     <span class='ocr_line' id='line_1_5' title="bbox 182 523 1794 582; baseline -0.006 -11"><span class='ocrx_word' id='word_1_38' title='bbox 182 531 302 572; x_wconf 86' lang='lat' dir='ltr'>Since</span> <span class='ocrx_word' id='word_1_39' title='bbox 341 530 411 569; x_wconf 90' lang='lat' dir='ltr'>the</span> <span class='ocrx_word' id='word_1_40' title='bbox 456 527 715 582; x_wconf 81' lang='lat' dir='ltr'>publication</span> <span class='ocrx_word' id='word_1_41' title='bbox 760 526 808 565; x_wconf 92' lang='lat' dir='ltr'>of</span> <span class='ocrx_word' id='word_1_42' title='bbox 846 525 927 565; x_wconf 89' lang='lat' dir='ltr'>this</span> <span class='ocrx_word' id='word_1_43' title='bbox 972 524 1098 572; x_wconf 86' lang='lat' dir='ltr'>book,</span> <span class='ocrx_word' id='word_1_44' title='bbox 1145 537 1216 577; x_wconf 70' lang='lat' dir='ltr'>my</span> <span class='ocrx_word' id='word_1_45' title='bbox 1262 523 1419 563; x_wconf 85' lang='lat' dir='ltr'>further</span> <span class='ocrx_word' id='word_1_46' title='bbox 1452 524 1608 563; x_wconf 86' lang='lat' dir='ltr'>studies</span> <span class='ocrx_word' id='word_1_47' title='bbox 1640 524 1681 562; x_wconf 88' lang='lat' dir='ltr'>in</span> <span class='ocrx_word' id='word_1_48' title='bbox 1714 524 1794 563; x_wconf 87' lang='lat' dir='ltr'>this</span> 
     </span>
     <span class='ocr_line' id='line_1_6' title="bbox 65 593 1795 648; baseline -0.006 -7"><span class='ocrx_word' id='word_1_49' title='bbox 65 600 265 641; x_wconf 87' lang='lat' dir='ltr'>direction</span> <span class='ocrx_word' id='word_1_50' title='bbox 310 601 414 639; x_wconf 90' lang='lat' dir='ltr'>have</span> <span class='ocrx_word' id='word_1_51' title='bbox 457 598 525 637; x_wconf 90' lang='lat' dir='ltr'>led</span> <span class='ocrx_word' id='word_1_52' title='bbox 565 608 608 636; x_wconf 84' lang='lat' dir='ltr'>to</span> <span class='ocrx_word' id='word_1_53' title='bbox 642 596 712 636; x_wconf 89' lang='lat' dir='ltr'>the</span> <span class='ocrx_word' id='word_1_54' title='bbox 746 596 965 648; x_wconf 81' lang='lat' dir='ltr'>discovery</span> <span class='ocrx_word' id='word_1_55' title='bbox 998 594 1093 633; x_wconf 63' lang='lat' dir='ltr'>that&gt;</span> <span class='ocrx_word' id='word_1_56' title='bbox 1118 607 1245 647; x_wconf 82' lang='lat' dir='ltr'>many</span> <span class='ocrx_word' id='word_1_57' title='bbox 1278 607 1395 632; x_wconf 89' lang='lat' dir='ltr'>more</span> <span class='ocrx_word' id='word_1_58' title='bbox 1429 593 1476 631; x_wconf 87' lang='lat' dir='ltr'>of</span> <span class='ocrx_word' id='word_1_59' title='bbox 1504 593 1574 632; x_wconf 90' lang='lat' dir='ltr'>the</span> <span class='ocrx_word' id='word_1_60' title='bbox 1606 606 1795 632; x_wconf 87' lang='lat' dir='ltr'>sermons</span> 
     </span>
     <span class='ocr_line' id='line_1_7' title="bbox 66 661 1794 718; baseline -0.007 -6"><span class='ocrx_word' id='word_1_61' title='bbox 66 671 113 712; x_wconf 88' lang='lat' dir='ltr'>of</span> <span class='ocrx_word' id='word_1_62' title='bbox 148 672 237 710; x_wconf 88' lang='lat' dir='ltr'>Hus</span> <span class='ocrx_word' id='word_1_63' title='bbox 276 683 344 708; x_wconf 87' lang='lat' dir='ltr'>are</span> <span class='ocrx_word' id='word_1_64' title='bbox 389 667 600 708; x_wconf 82' lang='lat' dir='ltr'>saturated</span> <span class='ocrx_word' id='word_1_65' title='bbox 642 665 744 705; x_wconf 88' lang='lat' dir='ltr'>with</span> <span class='ocrx_word' id='word_1_66' title='bbox 779 663 1004 718; x_wconf 84' lang='lat' dir='ltr'>Wyclifian</span> <span class='ocrx_word' id='word_1_67' title='bbox 1052 663 1190 704; x_wconf 85' lang='lat' dir='ltr'>views.</span> <span class='ocrx_word' id='word_1_68' title='bbox 1239 662 1344 702; x_wconf 86' lang='lat' dir='ltr'>This</span> <span class='ocrx_word' id='word_1_69' title='bbox 1389 661 1421 701; x_wconf 89' lang='lat' dir='ltr'>is</span> <span class='ocrx_word' id='word_1_70' title='bbox 1467 662 1687 716; x_wconf 77' lang='lat' dir='ltr'>especially</span> <span class='ocrx_word' id='word_1_71' title='bbox 1725 663 1794 701; x_wconf 89' lang='lat' dir='ltr'>the</span> 
     </span>
     <span class='ocr_line' id='line_1_8' title="bbox 66 732 1794 781; baseline -0.006 0"><span class='ocrx_word' id='word_1_72' title='bbox 66 755 156 781; x_wconf 87' lang='lat' dir='ltr'>case</span> <span class='ocrx_word' id='word_1_73' title='bbox 187 741 228 779; x_wconf 87' lang='lat' dir='ltr'>in</span> <span class='ocrx_word' id='word_1_74' title='bbox 263 739 332 780; x_wconf 88' lang='lat' dir='ltr'>the</span> <span class='ocrx_word' id='word_1_75' title='bbox 360 738 559 778; x_wconf 84' lang='lat' dir='ltr'>Sermons</span> <span class='ocrx_word' id='word_1_76' title='bbox 591 737 711 775; x_wconf 85' lang='lat' dir='ltr'><em>Dixit</em></span> <span class='ocrx_word' id='word_1_77' title='bbox 738 735 913 774; x_wconf 79' lang='lat' dir='ltr'>Martha</span> <span class='ocrx_word' id='word_1_78' title='bbox 943 733 999 773; x_wconf 80' lang='lat' dir='ltr'>ad</span> <span class='ocrx_word' id='word_1_79' title='bbox 1025 733 1172 773; x_wconf 73' lang='lat' dir='ltr'>,Iesum</span> <span class='ocrx_word' id='word_1_80' title='bbox 1205 733 1286 772; x_wconf 86' lang='lat' dir='ltr'>and</span> <span class='ocrx_word' id='word_1_81' title='bbox 1323 732 1400 772; x_wconf 78' lang='lat' dir='ltr'>Vos</span> <span class='ocrx_word' id='word_1_82' title='bbox 1438 734 1538 772; x_wconf 80' lang='lat' dir='ltr'>estis</span> <span class='ocrx_word' id='word_1_83' title='bbox 1570 733 1638 771; x_wconf 81' lang='lat' dir='ltr'>sal</span> <span class='ocrx_word' id='word_1_84' title='bbox 1669 739 1794 780; x_wconf 79' lang='lat' dir='ltr'>terre,</span> 
     </span>
     <span class='ocr_line' id='line_1_9' title="bbox 74 801 1794 858; baseline -0.006 -7"><span class='ocrx_word' id='word_1_85' title='bbox 74 810 152 851; x_wconf 84' lang='lat' dir='ltr'>Vos</span> <span class='ocrx_word' id='word_1_86' title='bbox 184 810 282 850; x_wconf 81' lang='lat' dir='ltr'>estis</span> <span class='ocrx_word' id='word_1_87' title='bbox 315 809 392 848; x_wconf 77' lang='lat' dir='ltr'>lux</span> <span class='ocrx_word' id='word_1_88' title='bbox 424 806 583 846; x_wconf 85' lang='lat' dir='ltr'>mundi.</span> <span class='ocrx_word' id='word_1_89' title='bbox 618 804 732 858; x_wconf 87' lang='lat' dir='ltr'>Only</span> <span class='ocrx_word' id='word_1_90' title='bbox 764 804 854 844; x_wconf 90' lang='lat' dir='ltr'>that</span> <span class='ocrx_word' id='word_1_91' title='bbox 885 805 975 842; x_wconf 83' lang='lat' dir='ltr'>Hus</span> <span class='ocrx_word' id='word_1_92' title='bbox 1009 803 1248 842; x_wconf 85' lang='lat' dir='ltr'>condensed</span> <span class='ocrx_word' id='word_1_93' title='bbox 1280 802 1351 842; x_wconf 89' lang='lat' dir='ltr'>the</span> <span class='ocrx_word' id='word_1_94' title='bbox 1383 811 1468 842; x_wconf 74' lang='lat' dir='ltr'>two</span> <span class='ocrx_word' id='word_1_95' title='bbox 1501 801 1681 853; x_wconf 82' lang='lat' dir='ltr'>subjects</span> <span class='ocrx_word' id='word_1_96' title='bbox 1714 802 1794 841; x_wconf 79' lang='lat' dir='ltr'>Vos</span> 
     </span>
     <span class='ocr_line' id='line_1_10' title="bbox 65 871 1800 926; baseline -0.006 -6"><span class='ocrx_word' id='word_1_97' title='bbox 65 881 162 920; x_wconf 78' lang='lat' dir='ltr'>estis</span> <span class='ocrx_word' id='word_1_98' title='bbox 200 880 267 919; x_wconf 80' lang='lat' dir='ltr'>sal</span> <span class='ocrx_word' id='word_1_99' title='bbox 304 885 430 926; x_wconf 78' lang='lat' dir='ltr'>terre,</span> <span class='ocrx_word' id='word_1_100' title='bbox 479 875 555 916; x_wconf 74' lang='lat' dir='ltr'>Vos</span> <span class='ocrx_word' id='word_1_101' title='bbox 587 876 686 915; x_wconf 78' lang='lat' dir='ltr'>estis</span> <span class='ocrx_word' id='word_1_102' title='bbox 728 875 805 914; x_wconf 76' lang='lat' dir='ltr'>lux</span> <span class='ocrx_word' id='word_1_103' title='bbox 837 873 984 913; x_wconf 82' lang='lat' dir='ltr'>mundi</span> <span class='ocrx_word' id='word_1_104' title='bbox 1021 872 1110 912; x_wconf 88' lang='lat' dir='ltr'>into</span> <span class='ocrx_word' id='word_1_105' title='bbox 1151 885 1231 911; x_wconf 89' lang='lat' dir='ltr'>one</span> <span class='ocrx_word' id='word_1_106' title='bbox 1265 885 1432 912; x_wconf 86' lang='lat' dir='ltr'>sermon</span> <span class='ocrx_word' id='word_1_107' title='bbox 1466 871 1606 910; x_wconf 88' lang='lat' dir='ltr'>whilst</span> <span class='ocrx_word' id='word_1_108' title='bbox 1638 871 1800 925; x_wconf 71' lang='lat' dir='ltr'>Wyclif</span> 
     </span>
     <span class='ocr_line' id='line_1_11' title="bbox 67 944 946 999; baseline -0.009 -9"><span class='ocrx_word' id='word_1_109' title='bbox 67 949 221 990; x_wconf 84' lang='lat' dir='ltr'>treated</span> <span class='ocrx_word' id='word_1_110' title='bbox 253 948 369 987; x_wconf 91' lang='lat' dir='ltr'>them</span> <span class='ocrx_word' id='word_1_111' title='bbox 402 947 440 986; x_wconf 85' lang='lat' dir='ltr'>in</span> <span class='ocrx_word' id='word_1_112' title='bbox 476 956 664 999; x_wconf 87' lang='lat' dir='ltr'>separate</span> <span class='ocrx_word' id='word_1_113' title='bbox 697 944 946 984; x_wconf 80' lang='lat' dir='ltr'>discourses.</span> 
     </span>
    </p>

    <p class='ocr_par' dir='ltr' id='par_1_4' title="bbox 67 1010 1794 1142">
     <span class='ocr_line' id='line_1_12' title="bbox 179 1010 1794 1064; baseline -0.006 -6"><span class='ocrx_word' id='word_1_114' title='bbox 179 1022 237 1058; x_wconf 87' lang='lat' dir='ltr'>As</span> <span class='ocrx_word' id='word_1_115' title='bbox 269 1017 339 1057; x_wconf 89' lang='lat' dir='ltr'>the</span> <span class='ocrx_word' id='word_1_116' title='bbox 370 1016 520 1056; x_wconf 88' lang='lat' dir='ltr'>results</span> <span class='ocrx_word' id='word_1_117' title='bbox 555 1015 602 1054; x_wconf 85' lang='lat' dir='ltr'>of</span> <span class='ocrx_word' id='word_1_118' title='bbox 636 1015 750 1054; x_wconf 88' lang='lat' dir='ltr'>these</span> <span class='ocrx_word' id='word_1_119' title='bbox 790 1010 977 1052; x_wconf 86' lang='lat' dir='ltr'>studies¹</span> <span class='ocrx_word' id='word_1_120' title='bbox 1023 1012 1071 1051; x_wconf 84' lang='lat' dir='ltr'>of</span> <span class='ocrx_word' id='word_1_121' title='bbox 1114 1011 1227 1051; x_wconf 88' lang='lat' dir='ltr'>mine</span> <span class='ocrx_word' id='word_1_122' title='bbox 1271 1025 1340 1050; x_wconf 89' lang='lat' dir='ltr'>are</span> <span class='ocrx_word' id='word_1_123' title='bbox 1383 1011 1529 1064; x_wconf 70' lang='lat' dir='ltr'>hardly</span> <span class='ocrx_word' id='word_1_124' title='bbox 1563 1011 1719 1050; x_wconf 85' lang='lat' dir='ltr'>known</span> <span class='ocrx_word' id='word_1_125' title='bbox 1753 1010 1794 1048; x_wconf 91' lang='lat' dir='ltr'>in</span> 
     </span>
     <span class='ocr_line' id='line_1_13' title="bbox 67 1079 1794 1142; baseline -0.006 -14"><span class='ocrx_word' id='word_1_126' title='bbox 67 1089 271 1142; x_wconf 82' lang='lat' dir='ltr'>England,</span> <span class='ocrx_word' id='word_1_127' title='bbox 304 1101 327 1126; x_wconf 89' lang='lat' dir='ltr'>a</span> <span class='ocrx_word' id='word_1_128' title='bbox 359 1085 629 1139; x_wconf 88' lang='lat' dir='ltr'>comparison</span> <span class='ocrx_word' id='word_1_129' title='bbox 662 1083 710 1123; x_wconf 92' lang='lat' dir='ltr'>of</span> <span class='ocrx_word' id='word_1_130' title='bbox 739 1084 807 1123; x_wconf 88' lang='lat' dir='ltr'>the</span> <span class='ocrx_word' id='word_1_131' title='bbox 839 1092 925 1123; x_wconf 78' lang='lat' dir='ltr'>two</span> <span class='ocrx_word' id='word_1_132' title='bbox 960 1091 1064 1122; x_wconf 82' lang='lat' dir='ltr'>texts</span> <span class='ocrx_word' id='word_1_133' title='bbox 1097 1095 1195 1135; x_wconf 85' lang='lat' dir='ltr'>may</span> <span class='ocrx_word' id='word_1_134' title='bbox 1228 1081 1405 1134; x_wconf 86' lang='lat' dir='ltr'>perhaps</span> <span class='ocrx_word' id='word_1_135' title='bbox 1439 1081 1487 1119; x_wconf 88' lang='lat' dir='ltr'>be</span> <span class='ocrx_word' id='word_1_136' title='bbox 1521 1081 1722 1119; x_wconf 70' lang='lat' dir='ltr'>xvelcome</span> <span class='ocrx_word' id='word_1_137' title='bbox 1754 1079 1794 1118; x_wconf 91' lang='lat' dir='ltr'>in</span> 
     </span>
    </p>
   </div>
   <div class='ocr_carea' id='block_1_2' title="bbox 65 1157 574 1211">
    <p class='ocr_par' dir='ltr' id='par_1_5' title="bbox 65 1157 574 1211">
     <span class='ocr_line' id='line_1_14' title="bbox 65 1157 574 1211; baseline -0.006 -14"><span class='ocrx_word' id='word_1_138' title='bbox 65 1158 144 1198; x_wconf 86' lang='lat' dir='ltr'>this</span> <span class='ocrx_word' id='word_1_139' title='bbox 176 1158 304 1211; x_wconf 86' lang='lat' dir='ltr'>place.</span> <span class='ocrx_word' id='word_1_140' title='bbox 341 1157 574 1208; x_wconf 82' lang='lat' dir='ltr'>Compare:</span> 
     </span>
    </p>
   </div>
   <div class='ocr_carea' id='block_1_3' title="bbox 158 1283 673 1399">
    <p class='ocr_par' dir='ltr' id='par_1_6' title="bbox 158 1283 673 1399">
     <span class='ocr_line' id='line_1_15' title="bbox 282 1283 673 1337; baseline -0.008 -12"><span class='ocrx_word' id='word_1_141' title='bbox 282 1284 482 1325; x_wconf 84' lang='lat' dir='ltr'>Johannis</span> <span class='ocrx_word' id='word_1_142' title='bbox 509 1283 673 1337; x_wconf 71' lang='lat' dir='ltr'>Wyclif</span> 
     </span>
     <span class='ocr_line' id='line_1_16' title="bbox 158 1370 278 1399; baseline 0 0"><span class='ocrx_word' id='word_1_143' title='bbox 158 1370 278 1399; x_wconf 81' lang='lat' dir='ltr'>Sermo</span> 
     </span>
    </p>
   </div>
   <div class='ocr_carea' id='block_1_4' title="bbox 70 1434 891 1573">
    <p class='ocr_par' dir='ltr' id='par_1_7' title="bbox 70 1434 891 1573">
     <span class='ocr_line' id='line_1_17' title="bbox 70 1434 891 1478; baseline -0.005 0"><span class='ocrx_word' id='word_1_144' title='bbox 70 1440 191 1478; x_wconf 77' lang='lat' dir='ltr'>Dixit</span> <span class='ocrx_word' id='word_1_145' title='bbox 224 1438 396 1477; x_wconf 79' lang='lat' dir='ltr'>Martha</span> <span class='ocrx_word' id='word_1_146' title='bbox 430 1437 485 1476; x_wconf 75' lang='lat' dir='ltr'>ad</span> <span class='ocrx_word' id='word_1_147' title='bbox 515 1436 673 1476; x_wconf 78' lang='lat' dir='ltr'>Jeszcnz.</span> <span class='ocrx_word' id='word_1_148' title='bbox 708 1434 797 1475; x_wconf 86' lang='lat' dir='ltr'>Joh.</span> <span class='ocrx_word' id='word_1_149' title='bbox 823 1434 891 1474; x_wconf 79' lang='lat' dir='ltr'>XI.</span> 
     </span>
     <span class='ocr_line' id='line_1_18' title="bbox 125 1528 840 1573; baseline -0.007 -10"><span class='ocrx_word' id='word_1_150' title='bbox 125 1532 210 1563; x_wconf 86' lang='lat' dir='ltr'>Cod.</span> <span class='ocrx_word' id='word_1_151' title='bbox 237 1531 305 1573; x_wconf 79' lang='lat' dir='ltr'>pal.</span> <span class='ocrx_word' id='word_1_152' title='bbox 322 1530 528 1562; x_wconf 82' lang='lat' dir='ltr'>Vindobon.</span> <span class='ocrx_word' id='word_1_153' title='bbox 557 1529 656 1570; x_wconf 78' lang='lat'>3928,</span> <span class='ocrx_word' id='word_1_154' title='bbox 683 1528 743 1560; x_wconf 80' lang='lat' dir='ltr'>fol.</span> <span class='ocrx_word' id='word_1_155' title='bbox 767 1535 840 1568; x_wconf 77' lang='lat'>123.</span> 
     </span>
    </p>
   </div>
   <div class='ocr_carea' id='block_1_5' title="bbox 65 1774 895 2156">
    <p class='ocr_par' dir='ltr' id='par_1_8' title="bbox 65 1774 895 2156">
     <span class='ocr_line' id='line_1_19' title="bbox 158 1774 893 1814; baseline -0.005 -7"><span class='ocrx_word' id='word_1_156' title='bbox 158 1801 165 1807; x_wconf 96' lang='lat'>.</span> <span class='ocrx_word' id='word_1_157' title='bbox 185 1800 191 1807; x_wconf 93' lang='lat'>.</span> <span class='ocrx_word' id='word_1_158' title='bbox 211 1800 219 1807; x_wconf 83' lang='lat'><strong>.</strong></span> <span class='ocrx_word' id='word_1_159' title='bbox 238 1800 246 1807; x_wconf 86' lang='lat'><strong>.</strong></span> <span class='ocrx_word' id='word_1_160' title='bbox 263 1775 401 1806; x_wconf 79' lang='lat' dir='ltr'>Martha</span> <span class='ocrx_word' id='word_1_161' title='bbox 428 1778 541 1805; x_wconf 79' lang='lat' dir='ltr'>autem</span> <span class='ocrx_word' id='word_1_162' title='bbox 561 1785 659 1806; x_wconf 82' lang='lat' dir='ltr'>soror</span> <span class='ocrx_word' id='word_1_163' title='bbox 677 1774 807 1811; x_wconf 82' lang='lat' dir='ltr'>Lazari,</span> <span class='ocrx_word' id='word_1_164' title='bbox 835 1774 893 1814; x_wconf 85' lang='lat' dir='ltr'>qui</span> 
     </span>
     <span class='ocr_line' id='line_1_20' title="bbox 67 1832 893 1869; baseline -0.004 -4"><span class='ocrx_word' id='word_1_165' title='bbox 67 1835 127 1865; x_wconf 78' lang='lat' dir='ltr'>fuit</span> <span class='ocrx_word' id='word_1_166' title='bbox 155 1834 336 1865; x_wconf 69' lang='lat' dir='ltr'>suscitatus</span> <span class='ocrx_word' id='word_1_167' title='bbox 362 1833 501 1863; x_wconf 75' lang='lat' dir='ltr'>ultimus</span> <span class='ocrx_word' id='word_1_168' title='bbox 531 1833 653 1864; x_wconf 88' lang='lat' dir='ltr'>horum</span> <span class='ocrx_word' id='word_1_169' title='bbox 686 1832 797 1869; x_wconf 83' lang='lat' dir='ltr'>trium,</span> <span class='ocrx_word' id='word_1_170' title='bbox 831 1832 893 1862; x_wconf 82' lang='lat' dir='ltr'>fuit</span> 
     </span>
     <span class='ocr_line' id='line_1_21' title="bbox 67 1889 893 1923; baseline -0.004 0"><span class='ocrx_word' id='word_1_171' title='bbox 67 1892 239 1923; x_wconf 83' lang='lat' dir='ltr'>familiaris</span> <span class='ocrx_word' id='word_1_172' title='bbox 258 1892 394 1923; x_wconf 84' lang='lat' dir='ltr'>Christo</span> <span class='ocrx_word' id='word_1_173' title='bbox 421 1901 461 1922; x_wconf 85' lang='lat' dir='ltr'>ex</span> <span class='ocrx_word' id='word_1_174' title='bbox 488 1891 739 1922; x_wconf 80' lang='lat' dir='ltr'>domesticitate</span> <span class='ocrx_word' id='word_1_175' title='bbox 765 1891 800 1921; x_wconf 88' lang='lat' dir='ltr'>in</span> <span class='ocrx_word' id='word_1_176' title='bbox 826 1889 893 1920; x_wconf 81' lang='lat' dir='ltr'>fide</span> 
     </span>
     <span class='ocr_line' id='line_1_22' title="bbox 65 1948 895 1992; baseline -0.004 -11"><span class='ocrx_word' id='word_1_177' title='bbox 65 1951 100 1981; x_wconf 92' lang='lat' dir='ltr'>in</span> <span class='ocrx_word' id='word_1_178' title='bbox 134 1950 291 1992; x_wconf 82' lang='lat' dir='ltr'>hospicio</span> <span class='ocrx_word' id='word_1_179' title='bbox 328 1954 360 1980; x_wconf 86' lang='lat' dir='ltr'>et</span> <span class='ocrx_word' id='word_1_180' title='bbox 397 1951 432 1980; x_wconf 87' lang='lat' dir='ltr'>in</span> <span class='ocrx_word' id='word_1_181' title='bbox 463 1949 567 1980; x_wconf 79' lang='lat' dir='ltr'>victu.</span> <span class='ocrx_word' id='word_1_182' title='bbox 609 1948 748 1979; x_wconf 80' lang='lat' dir='ltr'>Martha</span> <span class='ocrx_word' id='word_1_183' title='bbox 781 1952 895 1979; x_wconf 82' lang='lat' dir='ltr'>autem</span> 
     </span>
     <span class='ocr_line' id='line_1_23' title="bbox 66 2006 894 2051; baseline -0.005 -12"><span class='ocrx_word' id='word_1_184' title='bbox 66 2009 160 2051; x_wconf 85' lang='lat' dir='ltr'>prius</span> <span class='ocrx_word' id='word_1_185' title='bbox 198 2009 350 2040; x_wconf 80' lang='lat' dir='ltr'>obviavit</span> <span class='ocrx_word' id='word_1_186' title='bbox 387 2009 471 2049; x_wconf 79' lang='lat' dir='ltr'>Jesu</span> <span class='ocrx_word' id='word_1_187' title='bbox 515 2012 548 2038; x_wconf 90' lang='lat' dir='ltr'>et</span> <span class='ocrx_word' id='word_1_188' title='bbox 586 2007 811 2047; x_wconf 86' lang='lat' dir='ltr'>conqueritur</span> <span class='ocrx_word' id='word_1_189' title='bbox 852 2006 894 2036; x_wconf 84' lang='lat' dir='ltr'>de</span> 
     </span>
     <span class='ocr_line' id='line_1_24' title="bbox 66 2064 894 2099; baseline -0.006 0"><span class='ocrx_word' id='word_1_190' title='bbox 66 2072 175 2099; x_wconf 87' lang='lat' dir='ltr'>morte</span> <span class='ocrx_word' id='word_1_191' title='bbox 212 2067 324 2098; x_wconf 77' lang='lat' dir='ltr'>fratris</span> <span class='ocrx_word' id='word_1_192' title='bbox 362 2067 413 2097; x_wconf 80' lang='lat' dir='ltr'>sui</span> <span class='ocrx_word' id='word_1_193' title='bbox 445 2067 516 2097; x_wconf 82' lang='lat' dir='ltr'>eius</span> <span class='ocrx_word' id='word_1_194' title='bbox 548 2065 812 2096; x_wconf 79' lang='lat' dir='ltr'>suscitacionem</span> <span class='ocrx_word' id='word_1_195' title='bbox 842 2064 894 2095; x_wconf 90' lang='lat' dir='ltr'>in-</span> 
     </span>
     <span class='ocr_line' id='line_1_25' title="bbox 65 2123 893 2156; baseline -0.004 0"><span class='ocrx_word' id='word_1_196' title='bbox 65 2125 203 2156; x_wconf 62' lang='lat' dir='ltr'>§inuans</span> <span class='ocrx_word' id='word_1_197' title='bbox 221 2125 281 2156; x_wconf 87' lang='lat' dir='ltr'>sed</span> <span class='ocrx_word' id='word_1_198' title='bbox 297 2124 424 2155; x_wconf 84' lang='lat' dir='ltr'>facete:</span> <span class='ocrx_word' id='word_1_199' title='bbox 450 2123 600 2154; x_wconf 81' lang='lat' dir='ltr'>Domine</span> <span class='ocrx_word' id='word_1_200' title='bbox 619 2123 646 2154; x_wconf 85' lang='lat' dir='ltr'>si</span> <span class='ocrx_word' id='word_1_201' title='bbox 664 2123 784 2154; x_wconf 76' lang='lat' dir='ltr'>fuisses</span> <span class='ocrx_word' id='word_1_202' title='bbox 804 2147 811 2154; x_wconf 91' lang='lat'>.</span> <span class='ocrx_word' id='word_1_203' title='bbox 831 2147 838 2153; x_wconf 92' lang='lat'><strong>.</strong></span> <span class='ocrx_word' id='word_1_204' title='bbox 858 2146 866 2153; x_wconf 85' lang='lat'><strong>.</strong></span> <span class='ocrx_word' id='word_1_205' title='bbox 886 2147 893 2153; x_wconf 93' lang='lat'><strong><em>.</em></strong></span> 
     </span>
    </p>
   </div>
   <div class='ocr_carea' id='block_1_6' title="bbox 64 2239 894 2633">
    <p class='ocr_par' dir='ltr' id='par_1_9' title="bbox 65 2239 894 2399">
     <span class='ocr_line' id='line_1_26' title="bbox 157 2239 894 2280; baseline -0.004 -8"><span class='ocrx_word' id='word_1_206' title='bbox 157 2241 254 2273; x_wconf 85' lang='lat' dir='ltr'>Circa</span> <span class='ocrx_word' id='word_1_207' title='bbox 266 2240 334 2272; x_wconf 88' lang='lat' dir='ltr'>hoc</span> <span class='ocrx_word' id='word_1_208' title='bbox 348 2239 563 2280; x_wconf 85' lang='lat' dir='ltr'>evangelium</span> <span class='ocrx_word' id='word_1_209' title='bbox 576 2239 765 2277; x_wconf 85' lang='lat' dir='ltr'>dubitatur,</span> <span class='ocrx_word' id='word_1_210' title='bbox 780 2243 894 2270; x_wconf 87' lang='lat' dir='ltr'>utrum</span> 
     </span>
     <span class='ocr_line' id='line_1_27' title="bbox 67 2296 894 2340; baseline -0.004 -10"><span class='ocrx_word' id='word_1_211' title='bbox 67 2300 207 2340; x_wconf 77' lang='lat' dir='ltr'>exequie</span> <span class='ocrx_word' id='word_1_212' title='bbox 238 2303 451 2330; x_wconf 88' lang='lat' dir='ltr'>mortuorum</span> <span class='ocrx_word' id='word_1_213' title='bbox 478 2322 485 2329; x_wconf 93' lang='lat'><strong>.</strong></span> <span class='ocrx_word' id='word_1_214' title='bbox 505 2322 512 2329; x_wconf 90' lang='lat'><strong>.</strong></span> <span class='ocrx_word' id='word_1_215' title='bbox 531 2321 539 2329; x_wconf 92' lang='lat'><strong>.</strong></span> <span class='ocrx_word' id='word_1_216' title='bbox 559 2322 566 2329; x_wconf 91' lang='lat'><strong><em>.</em></strong></span> <span class='ocrx_word' id='word_1_217' title='bbox 594 2302 672 2328; x_wconf 81' lang='lat' dir='ltr'>sunt</span> <span class='ocrx_word' id='word_1_218' title='bbox 699 2296 894 2328; x_wconf 77' lang='lat' dir='ltr'>fundabiles</span> 
     </span>
     <span class='ocr_line' id='line_1_28' title="bbox 65 2357 399 2399; baseline -0.003 -11"><span class='ocrx_word' id='word_1_219' title='bbox 65 2357 100 2388; x_wconf 89' lang='lat' dir='ltr'>in</span> <span class='ocrx_word' id='word_1_220' title='bbox 126 2357 293 2399; x_wconf 77' lang='lat' dir='ltr'>scriptura</span> <span class='ocrx_word' id='word_1_221' title='bbox 312 2382 319 2388; x_wconf 91' lang='lat'><strong>.</strong></span> <span class='ocrx_word' id='word_1_222' title='bbox 339 2380 346 2387; x_wconf 92' lang='lat'><strong>.</strong></span> <span class='ocrx_word' id='word_1_223' title='bbox 365 2381 372 2388; x_wconf 90' lang='lat'>.</span> <span class='ocrx_word' id='word_1_224' title='bbox 392 2380 399 2387; x_wconf 93' lang='lat'><strong>.</strong></span> 
     </span>
    </p>

    <p class='ocr_par' dir='ltr' id='par_1_10' title="bbox 64 2413 894 2633">
     <span class='ocr_line' id='line_1_29' title="bbox 158 2413 893 2456; baseline -0.003 -10"><span class='ocrx_word' id='word_1_225' title='bbox 158 2415 227 2446; x_wconf 85' lang='lat' dir='ltr'>Sed</span> <span class='ocrx_word' id='word_1_226' title='bbox 244 2415 328 2456; x_wconf 89' lang='lat' dir='ltr'>quid</span> <span class='ocrx_word' id='word_1_227' title='bbox 344 2414 411 2445; x_wconf 88' lang='lat' dir='ltr'>hoc</span> <span class='ocrx_word' id='word_1_228' title='bbox 430 2414 473 2444; x_wconf 86' lang='lat' dir='ltr'>ad</span> <span class='ocrx_word' id='word_1_229' title='bbox 491 2414 648 2445; x_wconf 86' lang='lat' dir='ltr'>meritum</span> <span class='ocrx_word' id='word_1_230' title='bbox 667 2413 893 2450; x_wconf 58' lang='lat' dir='ltr'>convivantis,</span> 
     </span>
     <span class='ocr_line' id='line_1_30' title="bbox 66 2472 892 2514; baseline -0.001 -9"><span class='ocrx_word' id='word_1_231' title='bbox 66 2484 143 2505; x_wconf 88' lang='lat' dir='ltr'>cum</span> <span class='ocrx_word' id='word_1_232' title='bbox 167 2475 259 2505; x_wconf 89' lang='lat' dir='ltr'>Luce</span> <span class='ocrx_word' id='word_1_233' title='bbox 275 2474 369 2504; x_wconf 78' lang='lat' dir='ltr'>XIV</span> <span class='ocrx_word' id='word_1_234' title='bbox 388 2473 473 2503; x_wconf 79' lang='lat' dir='ltr'>dixit</span> <span class='ocrx_word' id='word_1_235' title='bbox 492 2473 662 2504; x_wconf 73' lang='lat' dir='ltr'>Christus:</span> <span class='ocrx_word' id='word_1_236' title='bbox 693 2473 778 2503; x_wconf 81' lang='lat' dir='ltr'>Cum</span> <span class='ocrx_word' id='word_1_237' title='bbox 797 2472 892 2514; x_wconf 74' lang='lat' dir='ltr'>facis</span> 
     </span>
     <span class='ocr_line' id='line_1_31' title="bbox 64 2531 893 2573; baseline -0.002 -9"><span class='ocrx_word' id='word_1_238' title='bbox 64 2532 257 2573; x_wconf 80' lang='lat' dir='ltr'>prandium</span> <span class='ocrx_word' id='word_1_239' title='bbox 278 2536 340 2563; x_wconf 81' lang='lat' dir='ltr'>aut</span> <span class='ocrx_word' id='word_1_240' title='bbox 358 2540 494 2570; x_wconf 84' lang='lat' dir='ltr'>cenam,</span> <span class='ocrx_word' id='word_1_241' title='bbox 522 2531 593 2562; x_wconf 79' lang='lat' dir='ltr'>noli</span> <span class='ocrx_word' id='word_1_242' title='bbox 613 2540 740 2563; x_wconf 77' lang='lat' dir='ltr'>vocare</span> <span class='ocrx_word' id='word_1_243' title='bbox 758 2531 893 2563; x_wconf 84' lang='lat' dir='ltr'>amicos</span> 
     </span>
     <span class='ocr_line' id='line_1_32' title="bbox 68 2588 894 2633; baseline -0.001 -11"><span class='ocrx_word' id='word_1_244' title='bbox 68 2596 144 2622; x_wconf 84' lang='lat' dir='ltr'>tuos</span> <span class='ocrx_word' id='word_1_245' title='bbox 182 2599 290 2633; x_wconf 76' lang='lat' dir='ltr'>neque</span> <span class='ocrx_word' id='word_1_246' title='bbox 328 2592 504 2631; x_wconf 80' lang='lat' dir='ltr'>cognatos</span> <span class='ocrx_word' id='word_1_247' title='bbox 544 2597 653 2631; x_wconf 77' lang='lat' dir='ltr'>neque</span> <span class='ocrx_word' id='word_1_248' title='bbox 683 2588 819 2627; x_wconf 72' lang='lat' dir='ltr'>divites,</span> <span class='ocrx_word' id='word_1_249' title='bbox 852 2598 894 2621; x_wconf 82' lang='lat' dir='ltr'>ne</span> 
     </span>
    </p>
   </div>
   <div class='ocr_carea' id='block_1_7' title="bbox 64 2647 693 2691">
    <p class='ocr_par' dir='ltr' id='par_1_11' title="bbox 64 2647 693 2691">
     <span class='ocr_line' id='line_1_33' title="bbox 64 2647 693 2691; baseline -0.005 -11"><span class='ocrx_word' id='word_1_250' title='bbox 64 2648 162 2691; x_wconf 83' lang='lat' dir='ltr'>sorte</span> <span class='ocrx_word' id='word_1_251' title='bbox 188 2648 254 2690; x_wconf 79' lang='lat' dir='ltr'>ipsi</span> <span class='ocrx_word' id='word_1_252' title='bbox 281 2652 314 2680; x_wconf 80' lang='lat' dir='ltr'>et</span> <span class='ocrx_word' id='word_1_253' title='bbox 340 2647 529 2678; x_wconf 79' lang='lat' dir='ltr'>reinvitent</span> <span class='ocrx_word' id='word_1_254' title='bbox 555 2652 587 2678; x_wconf 83' lang='lat' dir='ltr'>te</span> <span class='ocrx_word' id='word_1_255' title='bbox 605 2671 612 2677; x_wconf 96' lang='lat'>.</span> <span class='ocrx_word' id='word_1_256' title='bbox 633 2670 640 2677; x_wconf 90' lang='lat'><strong>.</strong></span> <span class='ocrx_word' id='word_1_257' title='bbox 659 2671 666 2677; x_wconf 96' lang='lat'>.</span> <span class='ocrx_word' id='word_1_258' title='bbox 685 2671 693 2678; x_wconf 92' lang='lat'><strong>.</strong></span> 
     </span>
    </p>
   </div>
   <div class='ocr_carea' id='block_1_8' title="bbox 1219 1279 1547 1319">
    <p class='ocr_par' dir='ltr' id='par_1_12' title="bbox 1219 1279 1547 1319">
     <span class='ocr_line' id='line_1_34' title="bbox 1219 1279 1547 1319; baseline -0.006 0"><span class='ocrx_word' id='word_1_259' title='bbox 1219 1279 1420 1319; x_wconf 87' lang='lat' dir='ltr'>Johannis</span> <span class='ocrx_word' id='word_1_260' title='bbox 1457 1280 1547 1318; x_wconf 84' lang='lat' dir='ltr'>Hus</span> 
     </span>
    </p>
   </div>
   <div class='ocr_carea' id='block_1_9' title="bbox 966 1361 1797 1697">
    <p class='ocr_par' dir='ltr' id='par_1_13' title="bbox 966 1361 1797 1697">
     <span class='ocr_line' id='line_1_35' title="bbox 966 1361 1795 1402; baseline -0.005 -9"><span class='ocrx_word' id='word_1_261' title='bbox 966 1364 1086 1393; x_wconf 67' lang='lat' dir='ltr'>Sermo</span> <span class='ocrx_word' id='word_1_262' title='bbox 1119 1363 1161 1393; x_wconf 90' lang='lat' dir='ltr'>de</span> <span class='ocrx_word' id='word_1_263' title='bbox 1188 1361 1340 1402; x_wconf 78' lang='lat' dir='ltr'>exequiis</span> <span class='ocrx_word' id='word_1_264' title='bbox 1367 1371 1425 1392; x_wconf 72' lang='lat' dir='ltr'>seu</span> <span class='ocrx_word' id='word_1_265' title='bbox 1452 1361 1614 1400; x_wconf 74' lang='lat' dir='ltr'>suffragio</span> <span class='ocrx_word' id='word_1_266' title='bbox 1641 1364 1795 1390; x_wconf 83' lang='lat' dir='ltr'>mortuo-</span> 
     </span>
     <span class='ocr_line' id='line_1_36' title="bbox 966 1417 1797 1462; baseline -0.005 -11"><span class='ocrx_word' id='word_1_267' title='bbox 966 1431 1050 1458; x_wconf 77' lang='lat' dir='ltr'>rum,</span> <span class='ocrx_word' id='word_1_268' title='bbox 1084 1431 1187 1461; x_wconf 86' lang='lat' dir='ltr'>quern</span> <span class='ocrx_word' id='word_1_269' title='bbox 1219 1420 1407 1462; x_wconf 76' lang='lat' dir='ltr'>predicavit</span> <span class='ocrx_word' id='word_1_270' title='bbox 1439 1419 1482 1449; x_wconf 85' lang='lat' dir='ltr'>ad</span> <span class='ocrx_word' id='word_1_271' title='bbox 1514 1418 1682 1460; x_wconf 90' lang='lat' dir='ltr'>populum</span> <span class='ocrx_word' id='word_1_272' title='bbox 1708 1417 1797 1447; x_wconf 83' lang='lat' dir='ltr'>circa</span> 
     </span>
     <span class='ocr_line' id='line_1_37' title="bbox 966 1479 1793 1514; baseline -0.006 -4"><span class='ocrx_word' id='word_1_273' title='bbox 966 1480 1090 1510; x_wconf 77' lang='lat' dir='ltr'>festum</span> <span class='ocrx_word' id='word_1_274' title='bbox 1128 1479 1290 1509; x_wconf 83' lang='lat' dir='ltr'>Omnium</span> <span class='ocrx_word' id='word_1_275' title='bbox 1330 1479 1534 1508; x_wconf 71' lang='lat' dir='ltr'>Sanctorum</span> <span class='ocrx_word' id='word_1_276' title='bbox 1576 1486 1667 1507; x_wconf 87' lang='lat' dir='ltr'>anno</span> <span class='ocrx_word' id='word_1_277' title='bbox 1710 1484 1793 1514; x_wconf 81' lang='lat'>1411</span> 
     </span>
     <span class='ocr_line' id='line_1_38' title="bbox 966 1534 1796 1578; baseline -0.006 -9"><span class='ocrx_word' id='word_1_278' title='bbox 966 1539 1008 1569; x_wconf 91' lang='lat' dir='ltr'>de</span> <span class='ocrx_word' id='word_1_279' title='bbox 1039 1538 1153 1569; x_wconf 85' lang='lat' dir='ltr'>verbis</span> <span class='ocrx_word' id='word_1_280' title='bbox 1185 1537 1344 1568; x_wconf 85' lang='lat' dir='ltr'>Marthae</span> <span class='ocrx_word' id='word_1_281' title='bbox 1383 1536 1426 1567; x_wconf 87' lang='lat' dir='ltr'>ad</span> <span class='ocrx_word' id='word_1_282' title='bbox 1457 1537 1578 1578; x_wconf 74' lang='lat' dir='ltr'>Jesum</span> <span class='ocrx_word' id='word_1_283' title='bbox 1608 1534 1689 1576; x_wconf 88' lang='lat' dir='ltr'>Joh.</span> <span class='ocrx_word' id='word_1_284' title='bbox 1722 1535 1796 1565; x_wconf 82' lang='lat' dir='ltr'>XI:</span> 
     </span>
     <span class='ocr_line' id='line_1_39' title="bbox 970 1596 1668 1629; baseline -0.004 -2"><span class='ocrx_word' id='word_1_285' title='bbox 970 1596 1074 1628; x_wconf 77' lang='lat' dir='ltr'>Dixit</span> <span class='ocrx_word' id='word_1_286' title='bbox 1098 1596 1243 1629; x_wconf 76' lang='lat' dir='ltr'>Martha</span> <span class='ocrx_word' id='word_1_287' title='bbox 1271 1596 1319 1628; x_wconf 81' lang='lat' dir='ltr'>ad</span> <span class='ocrx_word' id='word_1_288' title='bbox 1346 1596 1465 1627; x_wconf 84' lang='lat' dir='ltr'>Jesum</span> <span class='ocrx_word' id='word_1_289' title='bbox 1495 1598 1547 1624; x_wconf 82' lang='lat' dir='ltr'>etc</span> <span class='ocrx_word' id='word_1_290' title='bbox 1552 1617 1668 1625; x_wconf 92' lang='grc'><strong><em>.....</em></strong></span> 
     </span>
     <span class='ocr_line' id='line_1_40' title="bbox 1001 1649 1760 1697; baseline -0.007 -11"><span class='ocrx_word' id='word_1_291' title='bbox 1001 1654 1105 1697; x_wconf 77' lang='lat' dir='ltr'>(Opp.</span> <span class='ocrx_word' id='word_1_292' title='bbox 1132 1658 1205 1685; x_wconf 89' lang='lat' dir='ltr'>tom</span> <span class='ocrx_word' id='word_1_293' title='bbox 1231 1655 1278 1692; x_wconf 89' lang='grc' dir='ltr'>Π,</span> <span class='ocrx_word' id='word_1_294' title='bbox 1305 1653 1364 1685; x_wconf 83' lang='lat' dir='ltr'>fol.</span> <span class='ocrx_word' id='word_1_295' title='bbox 1390 1649 1760 1690; x_wconf 77' lang='lat' dir='ltr'>XLVHIb-LIHb.)</span> 
     </span>
    </p>
   </div>
   <div class='ocr_carea' id='block_1_10' title="bbox 1309 1724 1445 1727">
    <p class='ocr_par' dir='ltr' id='par_1_14' title="bbox 1309 1724 1445 1727">
     <span class='ocr_line' id='line_1_41' title="bbox 1309 1724 1445 1727; baseline 0 0"><span class='ocrx_word' id='word_1_296' title='bbox 1309 1724 1445 1727; x_wconf 95' lang='lat' dir='ltr'> </span> 
     </span>
    </p>
   </div>
   <div class='ocr_carea' id='block_1_11' title="bbox 965 1768 1796 2276">
    <p class='ocr_par' dir='ltr' id='par_1_15' title="bbox 965 1768 1796 2210">
     <span class='ocr_line' id='line_1_42' title="bbox 1059 1768 1795 1811; baseline -0.005 -9"><span class='ocrx_word' id='word_1_297' title='bbox 1059 1795 1066 1802; x_wconf 91' lang='lat'>.</span> <span class='ocrx_word' id='word_1_298' title='bbox 1087 1795 1093 1801; x_wconf 92' lang='lat'><em>.</em></span> <span class='ocrx_word' id='word_1_299' title='bbox 1113 1795 1120 1801; x_wconf 87' lang='lat'><strong>.</strong></span> <span class='ocrx_word' id='word_1_300' title='bbox 1140 1795 1147 1801; x_wconf 87' lang='lat'>.</span> <span class='ocrx_word' id='word_1_301' title='bbox 1171 1771 1212 1801; x_wconf 91' lang='lat' dir='ltr'>In</span> <span class='ocrx_word' id='word_1_302' title='bbox 1239 1770 1393 1811; x_wconf 81' lang='lat' dir='ltr'>presenti</span> <span class='ocrx_word' id='word_1_303' title='bbox 1417 1770 1598 1809; x_wconf 76' lang='lat' dir='ltr'>evangelio</span> <span class='ocrx_word' id='word_1_304' title='bbox 1625 1768 1735 1808; x_wconf 81' lang='lat' dir='ltr'>agitur</span> <span class='ocrx_word' id='word_1_305' title='bbox 1754 1768 1795 1798; x_wconf 87' lang='lat' dir='ltr'>de</span> 
     </span>
     <span class='ocr_line' id='line_1_43' title="bbox 965 1826 1794 1869; baseline -0.005 -9"><span class='ocrx_word' id='word_1_306' title='bbox 965 1835 1074 1860; x_wconf 88' lang='lat' dir='ltr'>morte</span> <span class='ocrx_word' id='word_1_307' title='bbox 1093 1829 1223 1866; x_wconf 83' lang='lat' dir='ltr'>Lazari,</span> <span class='ocrx_word' id='word_1_308' title='bbox 1251 1829 1309 1869; x_wconf 91' lang='lat' dir='ltr'>qui</span> <span class='ocrx_word' id='word_1_309' title='bbox 1326 1828 1389 1859; x_wconf 85' lang='lat' dir='ltr'>fuit</span> <span class='ocrx_word' id='word_1_310' title='bbox 1408 1827 1590 1858; x_wconf 75' lang='lat' dir='ltr'>suscitatus</span> <span class='ocrx_word' id='word_1_311' title='bbox 1609 1837 1627 1857; x_wconf 85' lang='lat' dir='ltr'>a</span> <span class='ocrx_word' id='word_1_312' title='bbox 1647 1826 1794 1857; x_wconf 71' lang='lat' dir='ltr'>Christo.</span> 
     </span>
     <span class='ocr_line' id='line_1_44' title="bbox 965 1886 1795 1925; baseline -0.004 -7"><span class='ocrx_word' id='word_1_313' title='bbox 965 1888 1047 1918; x_wconf 80' lang='lat' dir='ltr'>Fuit</span> <span class='ocrx_word' id='word_1_314' title='bbox 1073 1893 1187 1918; x_wconf 84' lang='lat' dir='ltr'>autem</span> <span class='ocrx_word' id='word_1_315' title='bbox 1212 1887 1351 1917; x_wconf 79' lang='lat' dir='ltr'>ultimus</span> <span class='ocrx_word' id='word_1_316' title='bbox 1378 1886 1469 1916; x_wconf 88' lang='lat' dir='ltr'>inter</span> <span class='ocrx_word' id='word_1_317' title='bbox 1495 1896 1565 1923; x_wconf 80' lang='lat' dir='ltr'>eos,</span> <span class='ocrx_word' id='word_1_318' title='bbox 1599 1895 1687 1925; x_wconf 77' lang='lat' dir='ltr'>quos</span> <span class='ocrx_word' id='word_1_319' title='bbox 1707 1909 1713 1915; x_wconf 93' lang='lat'><em>.</em></span> <span class='ocrx_word' id='word_1_320' title='bbox 1734 1909 1741 1916; x_wconf 89' lang='lat'><strong>.</strong></span> <span class='ocrx_word' id='word_1_321' title='bbox 1761 1909 1767 1916; x_wconf 88' lang='lat'><strong><em>.</em></strong></span> <span class='ocrx_word' id='word_1_322' title='bbox 1788 1909 1795 1915; x_wconf 91' lang='lat'><em>.</em></span> 
     </span>
     <span class='ocr_line' id='line_1_45' title="bbox 965 1943 1796 1977; baseline -0.006 0"><span class='ocrx_word' id='word_1_323' title='bbox 965 1945 1151 1977; x_wconf 78' lang='lat' dir='ltr'>suscitavit.</span> <span class='ocrx_word' id='word_1_324' title='bbox 1206 1945 1287 1975; x_wconf 71' lang='lat' dir='ltr'>Fuit</span> <span class='ocrx_word' id='word_1_325' title='bbox 1337 1944 1446 1974; x_wconf 88' lang='lat' dir='ltr'>eciam</span> <span class='ocrx_word' id='word_1_326' title='bbox 1501 1944 1565 1974; x_wconf 82' lang='lat' dir='ltr'>iste</span> <span class='ocrx_word' id='word_1_327' title='bbox 1621 1943 1796 1973; x_wconf 75' lang='lat' dir='ltr'>familiaris</span> 
     </span>
     <span class='ocr_line' id='line_1_46' title="bbox 966 2000 1795 2042; baseline -0.005 -8"><span class='ocrx_word' id='word_1_328' title='bbox 966 2003 1103 2035; x_wconf 80' lang='lat' dir='ltr'>Christo</span> <span class='ocrx_word' id='word_1_329' title='bbox 1123 2014 1163 2034; x_wconf 83' lang='lat' dir='ltr'>ex</span> <span class='ocrx_word' id='word_1_330' title='bbox 1182 2002 1446 2039; x_wconf 76' lang='lat' dir='ltr'>domesticitate,</span> <span class='ocrx_word' id='word_1_331' title='bbox 1473 2001 1508 2032; x_wconf 90' lang='lat' dir='ltr'>in</span> <span class='ocrx_word' id='word_1_332' title='bbox 1526 2001 1605 2039; x_wconf 85' lang='lat' dir='ltr'>fide,</span> <span class='ocrx_word' id='word_1_333' title='bbox 1623 2001 1659 2031; x_wconf 90' lang='lat' dir='ltr'>in</span> <span class='ocrx_word' id='word_1_334' title='bbox 1676 2000 1795 2042; x_wconf 78' lang='lat' dir='ltr'>hospi-</span> 
     </span>
     <span class='ocr_line' id='line_1_47' title="bbox 965 2059 1796 2093; baseline -0.005 0"><span class='ocrx_word' id='word_1_335' title='bbox 965 2062 1018 2093; x_wconf 89' lang='lat' dir='ltr'>cio</span> <span class='ocrx_word' id='word_1_336' title='bbox 1046 2066 1080 2092; x_wconf 81' lang='lat' dir='ltr'>et</span> <span class='ocrx_word' id='word_1_337' title='bbox 1104 2062 1139 2092; x_wconf 91' lang='lat' dir='ltr'>in</span> <span class='ocrx_word' id='word_1_338' title='bbox 1165 2062 1257 2092; x_wconf 87' lang='lat' dir='ltr'>victu</span> <span class='ocrx_word' id='word_1_339' title='bbox 1277 2085 1283 2092; x_wconf 94' lang='lat'>.</span> <span class='ocrx_word' id='word_1_340' title='bbox 1304 2085 1311 2092; x_wconf 89' lang='lat'><strong>.</strong></span> <span class='ocrx_word' id='word_1_341' title='bbox 1335 2084 1342 2091; x_wconf 91' lang='lat'><strong>.</strong></span> <span class='ocrx_word' id='word_1_342' title='bbox 1361 2085 1367 2091; x_wconf 93' lang='lat'><em>.</em></span> <span class='ocrx_word' id='word_1_343' title='bbox 1386 2060 1526 2090; x_wconf 82' lang='lat' dir='ltr'>Martha</span> <span class='ocrx_word' id='word_1_344' title='bbox 1544 2083 1551 2090; x_wconf 88' lang='lat'>.</span> <span class='ocrx_word' id='word_1_345' title='bbox 1571 2083 1578 2091; x_wconf 89' lang='lat'><strong>.</strong></span> <span class='ocrx_word' id='word_1_346' title='bbox 1599 2083 1606 2090; x_wconf 91' lang='lat'>.</span> <span class='ocrx_word' id='word_1_347' title='bbox 1627 2083 1634 2090; x_wconf 89' lang='lat'><strong>.</strong></span> <span class='ocrx_word' id='word_1_348' title='bbox 1653 2059 1796 2090; x_wconf 72' lang='lat' dir='ltr'>resusci-</span> 
     </span>
     <span class='ocr_line' id='line_1_48' title="bbox 965 2117 1796 2152; baseline -0.006 0"><span class='ocrx_word' id='word_1_349' title='bbox 965 2121 1137 2152; x_wconf 86' lang='lat' dir='ltr'>tacionem</span> <span class='ocrx_word' id='word_1_350' title='bbox 1170 2119 1282 2151; x_wconf 73' lang='lat' dir='ltr'>fratris</span> <span class='ocrx_word' id='word_1_351' title='bbox 1309 2119 1486 2150; x_wconf 70' lang='lat' dir='ltr'>insinuans</span> <span class='ocrx_word' id='word_1_352' title='bbox 1513 2118 1612 2149; x_wconf 83' lang='lat' dir='ltr'>dicit:</span> <span class='ocrx_word' id='word_1_353' title='bbox 1645 2117 1796 2148; x_wconf 89' lang='lat' dir='ltr'>Domine</span> 
     </span>
     <span class='ocr_line' id='line_1_49' title="bbox 966 2180 1247 2210; baseline 0 0"><span class='ocrx_word' id='word_1_354' title='bbox 966 2180 993 2210; x_wconf 51' lang='lat' dir='ltr'>si</span> <span class='ocrx_word' id='word_1_355' title='bbox 1019 2180 1139 2210; x_wconf 78' lang='lat' dir='ltr'>fuisses</span> <span class='ocrx_word' id='word_1_356' title='bbox 1159 2203 1166 2210; x_wconf 89' lang='lat'><strong>.</strong></span> <span class='ocrx_word' id='word_1_357' title='bbox 1185 2203 1192 2210; x_wconf 92' lang='lat'><strong>.</strong></span> <span class='ocrx_word' id='word_1_358' title='bbox 1213 2203 1220 2210; x_wconf 95' lang='lat'><strong>.</strong></span> <span class='ocrx_word' id='word_1_359' title='bbox 1240 2203 1247 2210; x_wconf 88' lang='lat'><em>.</em></span> 
     </span>
    </p>

    <p class='ocr_par' dir='ltr' id='par_1_16' title="bbox 1059 2235 1796 2276">
     <span class='ocr_line' id='line_1_50' title="bbox 1059 2235 1796 2276; baseline -0.005 -8"><span class='ocrx_word' id='word_1_360' title='bbox 1059 2238 1157 2269; x_wconf 84' lang='lat' dir='ltr'>Circa</span> <span class='ocrx_word' id='word_1_361' title='bbox 1180 2237 1272 2268; x_wconf 77' lang='lat' dir='ltr'>istud</span> <span class='ocrx_word' id='word_1_362' title='bbox 1289 2236 1505 2276; x_wconf 85' lang='lat' dir='ltr'>evangelium</span> <span class='ocrx_word' id='word_1_363' title='bbox 1522 2235 1710 2265; x_wconf 85' lang='lat' dir='ltr'>videndum</span> <span class='ocrx_word' id='word_1_364' title='bbox 1729 2238 1796 2265; x_wconf 81' lang='lat' dir='ltr'>est:</span> 
     </span>
    </p>
   </div>
   <div class='ocr_carea' id='block_1_12' title="bbox 965 2294 1709 2336">
    <p class='ocr_par' dir='ltr' id='par_1_17' title="bbox 965 2294 1709 2336">
     <span class='ocr_line' id='line_1_51' title="bbox 965 2294 1709 2336; baseline -0.005 -9"><span class='ocrx_word' id='word_1_365' title='bbox 965 2296 1080 2336; x_wconf 78' lang='lat' dir='ltr'>Quare</span> <span class='ocrx_word' id='word_1_366' title='bbox 1106 2295 1192 2326; x_wconf 84' lang='lat' dir='ltr'>fiunt</span> <span class='ocrx_word' id='word_1_367' title='bbox 1218 2294 1361 2335; x_wconf 82' lang='lat' dir='ltr'>exequie</span> <span class='ocrx_word' id='word_1_368' title='bbox 1387 2297 1601 2324; x_wconf 88' lang='lat' dir='ltr'>mortuorum</span> <span class='ocrx_word' id='word_1_369' title='bbox 1621 2317 1627 2324; x_wconf 92' lang='lat'>.</span> <span class='ocrx_word' id='word_1_370' title='bbox 1647 2316 1654 2324; x_wconf 91' lang='lat'><strong>.</strong></span> <span class='ocrx_word' id='word_1_371' title='bbox 1675 2316 1682 2324; x_wconf 87' lang='lat'><strong>.</strong></span> <span class='ocrx_word' id='word_1_372' title='bbox 1702 2317 1709 2323; x_wconf 95' lang='lat'>.</span> 
     </span>
    </p>
   </div>
   <div class='ocr_carea' id='block_1_13' title="bbox 957 2408 1796 2746">
    <p class='ocr_par' dir='ltr' id='par_1_18' title="bbox 957 2408 1796 2746">
     <span class='ocr_line' id='line_1_52' title="bbox 1057 2408 1795 2452; baseline -0.007 -9"><span class='ocrx_word' id='word_1_373' title='bbox 1057 2412 1161 2443; x_wconf 86' lang='lat' dir='ltr'>Unde</span> <span class='ocrx_word' id='word_1_374' title='bbox 1175 2411 1318 2442; x_wconf 73' lang='lat' dir='ltr'>istorum</span> <span class='ocrx_word' id='word_1_375' title='bbox 1338 2410 1491 2452; x_wconf 76' lang='lat' dir='ltr'>prescius</span> <span class='ocrx_word' id='word_1_376' title='bbox 1513 2408 1705 2439; x_wconf 69' lang='lat' dir='ltr'>misericors</span> <span class='ocrx_word' id='word_1_377' title='bbox 1724 2408 1795 2438; x_wconf 69' lang='lat' dir='ltr'>Sal-</span> 
     </span>
     <span class='ocr_line' id='line_1_53' title="bbox 964 2466 1796 2510; baseline -0.007 -9"><span class='ocrx_word' id='word_1_378' title='bbox 964 2478 1062 2501; x_wconf 77' lang='lat' dir='ltr'>vator</span> <span class='ocrx_word' id='word_1_379' title='bbox 1093 2470 1212 2501; x_wconf 66' lang='lat' dir='ltr'>volens</span> <span class='ocrx_word' id='word_1_380' title='bbox 1244 2469 1302 2500; x_wconf 86' lang='lat' dir='ltr'>illa</span> <span class='ocrx_word' id='word_1_381' title='bbox 1333 2468 1552 2510; x_wconf 78' lang='lat' dir='ltr'>prescindcre</span> <span class='ocrx_word' id='word_1_382' title='bbox 1587 2466 1670 2497; x_wconf 88' lang='lat' dir='ltr'>dicit</span> <span class='ocrx_word' id='word_1_383' title='bbox 1704 2466 1796 2496; x_wconf 83' lang='lat' dir='ltr'>Luce</span> 
     </span>
     <span class='ocr_line' id='line_1_54' title="bbox 965 2523 1795 2570; baseline -0.007 -11"><span class='ocrx_word' id='word_1_384' title='bbox 965 2529 1072 2559; x_wconf 85' lang='lat' dir='ltr'>XIV:</span> <span class='ocrx_word' id='word_1_385' title='bbox 1092 2525 1705 2570; x_wconf 75' lang='lat' dir='ltr'>Cunzfacisprandiumautcenanz‚</span> <span class='ocrx_word' id='word_1_386' title='bbox 1723 2523 1795 2554; x_wconf 83' lang='lat' dir='ltr'>noli</span> 
     </span>
     <span class='ocr_line' id='line_1_55' title="bbox 965 2583 1796 2626; baseline -0.008 -7"><span class='ocrx_word' id='word_1_387' title='bbox 965 2596 1094 2619; x_wconf 67' lang='lat' dir='ltr'>vocare</span> <span class='ocrx_word' id='word_1_388' title='bbox 1127 2586 1261 2618; x_wconf 84' lang='lat' dir='ltr'>amicos</span> <span class='ocrx_word' id='word_1_389' title='bbox 1300 2590 1377 2617; x_wconf 83' lang='lat' dir='ltr'>tuos</span> <span class='ocrx_word' id='word_1_390' title='bbox 1414 2587 1477 2615; x_wconf 83' lang='lat' dir='ltr'>aut</span> <span class='ocrx_word' id='word_1_391' title='bbox 1509 2583 1650 2626; x_wconf 85' lang='lat' dir='ltr'>fratres</span> <span class='ocrx_word' id='word_1_392' title='bbox 1688 2591 1796 2624; x_wconf 77' lang='lat' dir='ltr'>neque</span> 
     </span>
     <span class='ocr_line' id='line_1_56' title="bbox 963 2640 1796 2688; baseline -0.007 -11"><span class='ocrx_word' id='word_1_393' title='bbox 963 2649 1136 2688; x_wconf 77' lang='lat' dir='ltr'>cognatos</span> <span class='ocrx_word' id='word_1_394' title='bbox 1163 2653 1271 2686; x_wconf 83' lang='lat' dir='ltr'>neque</span> <span class='ocrx_word' id='word_1_395' title='bbox 1297 2643 1430 2675; x_wconf 85' lang='lat' dir='ltr'>vicinos</span> <span class='ocrx_word' id='word_1_396' title='bbox 1457 2650 1565 2683; x_wconf 80' lang='lat' dir='ltr'>neque</span> <span class='ocrx_word' id='word_1_397' title='bbox 1590 2640 1728 2678; x_wconf 81' lang='lat' dir='ltr'>divites,</span> <span class='ocrx_word' id='word_1_398' title='bbox 1754 2649 1796 2671; x_wconf 81' lang='lat' dir='ltr'>ne</span> 
     </span>
     <span class='ocr_line' id='line_1_57' title="bbox 957 2701 1590 2746; baseline -0.008 -11"><span class='ocrx_word' id='word_1_399' title='bbox 957 2706 1060 2746; x_wconf 78' lang='lat' dir='ltr'>forte</span> <span class='ocrx_word' id='word_1_400' title='bbox 1086 2707 1118 2736; x_wconf 82' lang='lat' dir='ltr'>et</span> <span class='ocrx_word' id='word_1_401' title='bbox 1144 2703 1209 2745; x_wconf 82' lang='lat' dir='ltr'>ipsi</span> <span class='ocrx_word' id='word_1_402' title='bbox 1237 2701 1425 2734; x_wconf 76' lang='lat' dir='ltr'>reinvitent</span> <span class='ocrx_word' id='word_1_403' title='bbox 1451 2705 1483 2732; x_wconf 78' lang='lat' dir='ltr'>te</span> <span class='ocrx_word' id='word_1_404' title='bbox 1504 2724 1510 2730; x_wconf 88' lang='lat'><strong>.</strong></span> <span class='ocrx_word' id='word_1_405' title='bbox 1531 2723 1537 2730; x_wconf 88' lang='lat'><strong><em>.</em></strong></span> <span class='ocrx_word' id='word_1_406' title='bbox 1557 2723 1563 2730; x_wconf 88' lang='lat'><strong><em>.</em></strong></span> <span class='ocrx_word' id='word_1_407' title='bbox 1583 2723 1590 2730; x_wconf 85' lang='lat'><strong>.</strong></span> 
     </span>
    </p>
   </div>
   <div class='ocr_carea' id='block_1_14' title="bbox 189 2838 1796 2884">
    <p class='ocr_par' dir='ltr' id='par_1_19' title="bbox 189 2838 1796 2884">
     <span class='ocr_line' id='line_1_58' title="bbox 189 2838 1796 2884; baseline -0.005 -10"><span class='ocrx_word' id='word_1_408' title='bbox 189 2845 196 2864; x_wconf 80' lang='lat'>‘¹</span> <span class='ocrx_word' id='word_1_409' title='bbox 216 2844 485 2884; x_wconf 81' lang='lat' dir='ltr'>Mittheilungen</span> <span class='ocrx_word' id='word_1_410' title='bbox 501 2843 560 2875; x_wconf 84' lang='lat' dir='ltr'>des</span> <span class='ocrx_word' id='word_1_411' title='bbox 574 2843 719 2874; x_wconf 79' lang='lat' dir='ltr'>Vereins</span> <span class='ocrx_word' id='word_1_412' title='bbox 735 2844 786 2875; x_wconf 76' lang='lat' dir='ltr'>fiir</span> <span class='ocrx_word' id='word_1_413' title='bbox 802 2842 1006 2874; x_wconf 51' lang='lat' dir='ltr'>Gesschichte</span> <span class='ocrx_word' id='word_1_414' title='bbox 1022 2842 1082 2872; x_wconf 87' lang='lat' dir='ltr'>der</span> <span class='ocrx_word' id='word_1_415' title='bbox 1095 2841 1297 2872; x_wconf 67' lang='lat' dir='ltr'>Deutschen</span> <span class='ocrx_word' id='word_1_416' title='bbox 1317 2841 1353 2871; x_wconf 88' lang='lat' dir='ltr'>in</span> <span class='ocrx_word' id='word_1_417' title='bbox 1366 2839 1536 2876; x_wconf 66' lang='lat' dir='ltr'>Biihmen,</span> <span class='ocrx_word' id='word_1_418' title='bbox 1554 2838 1697 2874; x_wconf 76' lang='lat' dir='ltr'>XX1V‚</span> <span class='ocrx_word' id='word_1_419' title='bbox 1720 2845 1796 2876; x_wconf 66' lang='lat'>413.</span> 
     </span>
    </p>
   </div>
  </div>
 </body>
</html>
