2017 3353
219 235 356 264 SERMO
390 224 445 283 v.]
735 234 873 267 PRIMA
900 235 1027 267 PARs.
1773 238 1822 277 29

276 344 346 380 Illa
363 353 582 391 paucaque
598 348 763 377 narrant
781 340 984 388 evangelia
1001 341 1048 377 de
1068 339 1217 376 Christi
1243 340 1420 376 infancia
1442 352 1533 387 sup-

219 401 316 450 poni
334 401 478 437 debent
495 399 677 436 sufficere
694 399 744 435 ad
761 397 1078 434 instruccionem
1097 397 1278 434 ecclesie.
1302 400 1448 434 Narrat
1466 410 1533 433 au-
1550 393 1820 462 texffggggrffisss

219 470 299 496 tem
316 459 391 495 hoc
408 457 659 505 evangelium
686 457 897 505 quomodo
921 457 1068 504 Joseph
1093 465 1208 504 pater
1230 457 1322 492 Jesu
1347 465 1384 492 et
1407 455 1534 491 Maria
1596 464 1773 491 childhood.

219 526 347 554 mater
371 517 454 552 eius
478 515 612 552 mirati
631 524 724 551 sunt
741 515 788 550 de
807 513 931 562 signis
953 513 1247 562 multiplicibus
1273 525 1350 562 que
1379 512 1419 548 in
1444 513 1534 560 ipso

187 574 204 606 5
220 588 242 612 a
265 587 338 611 sua
353 574 561 610 nativitate
586 582 860 609 occurrerant.
886 573 1061 620 Symeon
1081 581 1216 608 autern
1242 581 1452 619 tamquam
1474 583 1534 607 sa-

219 633 360 670 cerdos
385 642 422 668 et
448 631 582 669 senior
606 630 807 667 benedixit
841 630 960 666 matri
985 640 1023 667 et
1055 642 1181 678 puero
1206 629 1275 678 qui
1300 629 1407 666 ultra
1431 628 1534 665 alios

220 691 405 728 homines
429 700 521 727 sunt
541 689 849 739 quodammodo
874 701 977 724 unus
1001 689 1140 735 homo,
1166 697 1251 725 tum
1277 687 1371 736 quia
1395 699 1535 723 secun-

222 750 317 785 dum
358 758 545 785 naturam
585 759 824 795 corpoream
871 759 962 794 pars
1003 746 1128 783 Marie
1170 746 1246 782 fuit
1291 758 1335 782 ex
1378 745 1535 793 integro

224 820 371 855 corpus
405 805 574 853 Christi,
608 815 695 842 tum
730 804 858 841 eciam
892 804 987 853 quia
1021 805 1060 840 in
1094 804 1148 840 eis
1182 804 1256 840 fuit
1291 803 1407 851 plene
1441 815 1536 839 con-

168 865 407 902 10f0rmitas
439 864 710 901 voluntatum.
750 865 799 899 Et
833 861 931 899 dixit
966 863 1013 898 de
1045 863 1138 899 Jesu
1171 863 1220 898 ad
1255 861 1426 898 Mariam
1461 873 1537 909 que

223 923 297 960 fuit
331 922 534 959 sensibilis
559 921 824 958 discrecionis
848 920 1070 968 particeps:
1105 920 1207 956 Ecce
1224 920 1376 969 positus
1398 926 1455 956 est
1479 919 1538 955 lzic

223 982 275 1018 ad
300 981 546 1030 paciendum.
585 980 663 1017 Sed
687 992 777 1016 cum
803 979 853 1015 sit
878 979 976 1028 lapis
1009 979 1215 1030 angularis
1239 986 1276 1014 et
1299 978 1397 1027 Iapis
1421 977 1538 1025 offen-

221 1040 337 1076 sionis
372 1041 432 1086 (ut
466 1038 565 1075 dicit
597 1039 738 1074 beatus
772 1038 926 1082 Petrus,
960 1038 993 1073 Ia
1026 1036 1132 1073 Petri
1165 1037 1250 1085 110),
1285 1044 1342 1072 est
1375 1034 1536 1072 occasio

224 1097 338 1134 ruine
383 1096 633 1145 perfidorum
667 1096 887 1131 Judeorum
935 1094 1011 1131 sibi
1052 1093 1374 1131 discredencium
1416 1103 1453 1130 et
1499 1093 1537 1129 in

169 1156 205 1188 15
223 1168 314 1192 eum
359 1154 672 1201 offendencium,
728 1154 796 1190 sed
842 1165 913 1200 per
965 1165 1005 1189 se
1051 1165 1173 1189 causa
1225 1151 1538 1188 resurreccionis

224 1214 448 1251 multorum
476 1213 656 1249 fidelium
691 1225 713 1248 a
735 1210 911 1248 tenebris
945 1221 1205 1258 peccatorum
1232 1220 1269 1247 et
1303 1210 1343 1246 in
1376 1209 1536 1258 signum

224 1272 368 1308 federis
402 1271 505 1308 inter
536 1273 666 1307 Deum
701 1278 738 1306 et
777 1268 1006 1316 hominem3
1053 1269 1116 1305 cui
1150 1268 1446 1305 contradictum
1481 1276 1539 1303 est

224 1342 246 1366 a
289 1329 566 1367 sacerdotibus
611 1327 808 1377 phariseis
855 1336 892 1363 et
937 1326 1079 1364 scribis
1112 1335 1149 1363 et
1182 1327 1270 1363 aliis
1316 1326 1413 1374 legis
1449 1326 1538 1362 ficte

224 1388 377 1436 peritis,
413 1387 508 1436 quia
542 1387 597 1423 illi
632 1386 822 1435 precipue
856 1398 899 1421 ex
923 1386 1110 1433 dogmate
1135 1384 1285 1421 diaboli
1310 1383 1537 1420 confirmati

168 1457 209 1478 20
225 1446 553 1483 contradixerunt
585 1444 677 1481 huic
711 1444 826 1492 signo
859 1443 1090 1492 evangelico
1124 1442 1306 1481 salutari.
1361 1445 1409 1478 Et
1443 1454 1538 1478 con·
1583 1425 1802 1489 p‘ssfflssfo

226 1516 441 1553 sequenter
481 1503 640 1540 divertit
679 1504 728 1538 ad
768 1503 1093 1549 prophetandum
1136 1510 1298 1538 eventus
1332 1502 1379 1536 de
1413 1500 1539 1536 Maria
1556 1496 1826 1558 {iiiitatthssligvuffid

226 1563 466 1599 credendos:
507 1562 642 1605 Tuam,
667 1560 808 1609 inquit,
842 1561 959 1609 ipsius
981 1561 1148 1596 animam
1166 1560 1421 1609 pertransibit
1451 1559 1540 1609 gla-
1573 1566 1674 1601 pierce
1696 1566 1810 1602 Mary's

228 1621 325 1665 dius,
358 1622 435 1657 hoc
469 1629 540 1666 est,
577 1619 695 1655 dolor
727 1618 1024 1665 compassionis
1059 1617 1321 1665 pertransibit
1355 1626 1393 1653 et
1425 1615 1541 1665 quasi
1644 1602 1740 1629 heart.

226 1678 454 1727 penetrabit
486 1678 668 1714 animam
702 1685 812 1713 tuam
849 1688 925 1724 que
958 1685 1016 1712 est
1049 1676 1187 1723 ipsius,
1231 1688 1321 1711 curn
1364 1675 1414 1711 sit
1452 1686 1541 1722 pre-

170 1737 209 1770 25
227 1737 426 1773 destinata
471 1735 709 1781 tenerrime;
763 1743 800 1770 et
845 1734 900 1770 sic
945 1736 1052 1770 Deus
1096 1733 1224 1781 ipsam
1270 1732 1450 1781 possidet
1492 1733 1540 1768 ab

228 1804 380 1831 eterno.
415 1796 465 1830 Et
498 1806 542 1830 ex
574 1793 652 1829 isto
688 1793 812 1829 modo
847 1792 1039 1840 loquendi
1073 1801 1240 1828 notatur
1262 1792 1373 1840 quod
1406 1790 1541 1827 anima

228 1852 378 1889 Christi
419 1851 493 1888 fuit
533 1865 606 1899 pro
648 1849 817 1887 instanti
857 1862 926 1885 sue
960 1849 1222 1897 concepionis
1263 1862 1335 1885 suo
1377 1848 1541 1896 corpori

230 1910 420 1958 copulata
459 1920 497 1947 et
537 1910 576 1946 in
616 1919 749 1946 toturn
792 1920 940 1955 corpus
973 1907 1099 1944 Marie
1139 1907 1311 1943 influens
1344 1906 1541 1955 graciose.

285 1970 366 2004 Nec
401 1969 548 2004 habent
572 1966 828 2016 grammatici
852 1978 924 2002 nec
948 1965 1071 2014 logici
1094 1965 1312 2002 scintillam
1339 1964 1542 2001 evidencie

169 2026 212 2059 30
229 2039 351 2075 quam
399 2026 572 2063 inferant
617 2034 760 2062 contra
804 2025 880 2060 hoc
923 2026 1091 2060 verbum
1143 2031 1247 2059 tuam
1297 2024 1414 2072 ipsius
1461 2023 1542 2059 ani-

228 2098 343 2130 mam,
390 2084 487 2133 quia
532 2084 721 2132 ignorant
765 2082 992 2119 misterium
1038 2082 1131 2118 fidei
1172 2081 1472 2118 incarnacionis
1507 2088 1544 2117 et

227 2143 419 2180 virtutem
453 2142 633 2180 accionis
667 2141 800 2178 anime
824 2140 1070 2177 miraculose
1095 2149 1132 2176 et
1165 2139 1330 2176 insolite
1353 2139 1543 2187 copulate

227 2201 493 2249 sanguinibus
526 2202 641 2237 beate
673 2199 839 2247 virginis
872 2198 976 2235 infra
1009 2198 1153 2246 ipsam.

286 2260 417 2296 Causa
451 2267 583 2296 autem
615 2257 836 2295 materialis
869 2256 990 2292 huius
1025 2256 1149 2304 gladii
1184 2256 1259 2292 fuit
1282 2257 1399 2292 dolor
1423 2268 1542 2304 quem
1560 2263 1661 2291 Cause
1676 2261 1831 2300 ofMary's

170 2317 210 2351 35
227 2317 356 2354 Maria
395 2317 519 2354 sensit
559 2317 606 2353 de
647 2316 730 2352 filio
771 2328 845 2351 suo
886 2311 1137 2361 dulcissimo,
1181 2324 1218 2350 et
1251 2327 1373 2351 causa
1413 2313 1544 2350 finalis
1620 2298 1778 2331 suffering.

227 2375 303 2412 fuit
335 2385 379 2412 ut
413 2376 632 2413 revelentur
664 2386 714 2411 ex
746 2374 876 2409 multis
909 2374 1089 2409 cordibus
1121 2373 1403 2424 cogitaciones,·
1436 2372 1544 2420 quod

228 2433 446 2481 tripliciter
478 2433 704 2481 exponitur,
738 2431 874 2479 primo
907 2439 951 2466 ut
985 2430 1264 2479 cogitaciones
1298 2430 1542 2467 fluctuantes

296 2519 326 2544 4,
341 2510 365 2538 5.
387 2511 432 2538 A:
453 2510 523 2546 ipso
543 2515 570 2537 et
591 2518 657 2537 sua.
695 2517 722 2544 7.
744 2508 765 2535 B
786 2508 817 2535 in
837 2515 953 2542 marg:
979 2507 1092 2541 Joseph
1121 2512 1148 2535 et
1169 2507 1266 2534 Maria
1286 2507 1447 2543 quomodo
1471 2510 1543 2533 sunt

227 2553 307 2573 unus
327 2547 433 2573 homo.
508 2553 547 2581 12,
568 2544 606 2572 13.
621 2546 666 2572 A:
680 2543 757 2578 lapis
773 2542 967 2576 affeccionis;
989 2543 1030 2569 ib.
1047 2542 1152 2569 Petrus
1168 2542 1247 2570 Petri
1263 2548 1318 2569 est.
1334 2541 1379 2570 C:
1402 2541 1544 2569 Christus

228 2585 284 2608 est.
375 2580 416 2614 ιδ.
437 2578 508 2607 BC:
529 2581 604 2615 legis
624 2579 711 2606 fictis.
793 2586 840 2611 20,
862 2584 900 2604 21.
923 2579 964 2604 A:
985 2578 1214 2605 convenienter.
1289 2584 1332 2603 22.
1356 2576 1423 2604 ssC2
1445 2576 1544 2611 inquit

227 2617 321 2642 deest.
430 2613 473 2642 23.
495 2614 562 2642 BC:
584 2615 673 2641 dolor
693 2613 871 2648 passionis;
892 2613 937 2639 A:
960 2613 1048 2646 quasi
1070 2612 1166 2639 deest.
1276 2619 1322 2646 27.
1338 2619 1392 2646 per
1412 2611 1542 2638 instans.

228 2657 275 2685 29.
296 2649 360 2677 BC:
383 2651 427 2677 vel
450 2650 559 2683 logion
580 2651 620 2677 A:
645 2648 802 2676 sintillam.
888 2645 934 2680 34.
957 2649 1002 2674 A:
1024 2647 1222 2679 huiusmodi;
1257 2646 1300 2674 ib.
1322 2646 1343 2673 B
1374 2646 1403 2672 in
1427 2653 1541 2679 marg:

228 2685 431 2712 Pertransibit
451 2684 583 2719 gladius.
675 2681 721 2710 36.
742 2684 771 2710 A
791 2683 821 2709 in
843 2690 961 2715 marg:
984 2689 1003 2708 ι.
1026 2684 1067 2708 A:
1091 2683 1174 2717 quod
1196 2682 1368 2716 dupliciter.
1455 2678 1498 2714 37.
1522 2680 1541 2705 Β

228 2720 258 2747 in
281 2728 398 2754 marg:
431 2720 463 2747 ln
487 2721 552 2746 sola
569 2718 664 2746 Maria
686 2718 767 2745 stetit
787 2717 861 2744 fides
883 2718 1023 2750 ecclesie,
1046 2722 1077 2744 ut
1100 2717 1272 2744 revelentur
1292 2724 1327 2742 ex
1348 2714 1453 2742 multis
1474 2722 1540 2741 cor-

231 2755 323 2782 dibus
344 2755 557 2788 cogitaciones
578 2753 741 2790 quomodo
762 2753 954 2786 intelligitur.

301 2814 349 2835 11.
377 2805 492 2835 Lucae
516 2804 557 2842 ΙΙ,
585 2803 642 2844 34:
682 2802 820 2834 Positus
847 2805 898 2834 est
929 2802 981 2834 hic
1007 2801 1040 2833 in
1074 2801 1215 2832 ruinam
1244 2805 1276 2832 et
1301 2800 1334 2831 in
1363 2807 1542 2831 resurrec-

228 2850 362 2882 cionem
393 2851 594 2882 multorum.
