2017 3353
273 267 408 295 sERiuo
425 255 563 314 xxxii]
777 269 915 301 PRIMA
945 269 1070 301 PARS.

269 376 378 425 ginat
401 376 496 413 satis
525 374 792 424 cognoscitur,
825 375 893 411 sed
926 374 991 410 ille
1014 374 1177 422 spiritus
1200 374 1420 422 ignoratur.
1455 377 1586 423 Augu-

179 421 394 483 FPJgstinus
424 432 427 486 l
457 443 589 471 autem
629 432 785 469 videtur
829 432 913 468 sine
953 431 1182 468 huiusmodi
1226 432 1497 480 repugnancia
1541 434 1588 468 de

177 472 238 499 ¹⁰⁰
269 492 421 541 Spiritu
437 494 584 529 Sancto
609 490 820 538 concipere
843 489 962 526 istum
987 499 1150 532 textum,
1175 489 1269 539 quia
1284 490 1349 526 ille
1365 490 1527 539 spiritus
1552 499 1588 526 et

268 564 348 587 non
382 559 520 586 ventus
555 550 673 586 habet
712 547 965 585 volucionem
1000 549 1061 584 vel
1092 561 1230 585 vocem
1266 548 1377 584 cuius
1411 561 1483 585 vox
1516 548 1588 584 fuit

234 612 458 657 5pereepta
490 620 512 644 a
536 607 758 643 Nicodemo
791 606 832 642 in
856 605 1016 643 Christo
1041 615 1077 642 et
1106 606 1146 645 in
1168 606 1298 642 verbis
1328 606 1587 655 propheticis,

267 668 336 703 sed
368 665 531 714 spiritus
565 666 669 701 unde
701 663 900 711 originata
932 664 1006 700 fuit
1038 664 1106 701 illa
1128 676 1202 700 vox
1235 673 1272 700 et
1306 664 1513 701 beatitudo
1544 677 1589 701 ac

268 724 355 761 finis
401 736 518 772 quem
558 722 730 771 Spiritus
769 723 937 759 Sanctus
982 721 1208 759 intenderat
1246 722 1318 758 fuit
1362 721 1589 771 incognitus

268 782 502 827 Nicodemo,
537 789 574 817 et
606 781 661 817 ita
694 780 830 817 debuit
863 779 1010 817 sentire
1040 781 1088 817 de
1111 789 1364 817 sacramento
1399 780 1588 829 baptismi

269 849 305 876 et
337 839 501 876 vocibus
535 839 622 875 aliis
655 838 748 874 fidei
780 837 855 874 sibi
889 838 1018 875 dictis.
1052 838 1117 875 Sic
1151 851 1245 886 ergo
1275 838 1406 875 omnis
1439 838 1522 875 nati
1547 851 1590 875 ex

215 911 251 931 ιο
268 900 351 934 Deo
396 896 658 945 spiritualitas
702 896 930 943 ignoraturg
987 898 1055 932 sed
1103 896 1347 933 Nicodemus
1396 896 1588 934 nimirum

267 955 524 992 obnubilatus
568 968 611 991 ex
654 954 730 991 ista
782 954 918 990 subtili
969 954 1172 991 sentencia
1226 955 1355 1003 querit
1401 956 1589 1003 quomodo

262 1021 425 1063 possunt
457 1014 524 1049 lzec
544 1013 669 1063 fieri?
701 1013 777 1049 Sed
803 1012 984 1049 Christus
1014 1012 1053 1049 in
1086 1012 1212 1048 tribus
1246 1013 1376 1060 ipsum
1411 1015 1590 1050 modeste

268 1071 490 1120 redarguit:
523 1072 576 1106 Tu
600 1084 638 1107 es
661 1070 851 1121 magister
873 1071 908 1106 in
939 1071 1074 1121 Israel⁴
1094 1079 1128 1106 et
1161 1072 1227 1107 lzec
1251 1072 1444 1121 ignoras?
1476 1071 1589 1120 quasi

269 1130 436 1166 diceret:
482 1131 537 1165 Ex
581 1129 656 1165 ista
700 1128 933 1176 ignorancia
977 1138 1019 1164 tu
1053 1142 1092 1164 es
1138 1130 1373 1176 culpandus,
1415 1142 1505 1166 cum
1540 1131 1588 1166 ad

217 1187 505 1235 15magistrum
545 1187 640 1235 legis
678 1186 821 1223 veteris
861 1186 1033 1234 pertinet
1072 1199 1313 1234 cognoscere
1353 1187 1469 1224 istam
1503 1200 1590 1224 sen-

270 1245 457 1286 tenciam,
493 1258 583 1282 cum
618 1245 657 1281 in
690 1244 773 1281 eius
804 1245 947 1281 nucleo
981 1244 1031 1281 sit
1064 1246 1272 1281 absconsa:
1314 1247 1415 1282 Nam
1450 1248 1461 1281 Ι
1497 1248 1588 1282 Cor.

269 1306 337 1349 X0,
380 1314 400 1340 2
435 1303 641 1340 scribitur:
701 1304 842 1339 Omnes
886 1303 921 1338 in
966 1303 1109 1354 *Moyse
1152 1304 1338 1355 baptizati
1378 1316 1510 1339 snmus
1553 1304 1589 1339 in

270 1363 365 1398 nube
397 1369 433 1398 et
464 1362 499 1397 in
533 1361 646 1407 mari,
679 1360 746 1397 ubi
778 1360 941 1397 indubie
976 1360 1198 1409 baptismus
1227 1360 1446 1409 spiritualis
1471 1374 1589 1410 quem

271 1419 451 1457 Christus
466 1419 529 1456 hic
546 1418 715 1467 explicat
730 1428 786 1455 est
801 1418 1035 1455 abscondite
1055 1418 1300 1465 intellectus;
1324 1428 1360 1455 et
1375 1419 1592 1455 Ezechielis

215 1493 254 1515 20
271 1479 462 1523 XXXV10‚
511 1478 582 1514 25:
628 1477 840 1526 Effundam
880 1489 998 1526 snper
1043 1490 1109 1514 vos
1152 1490 1290 1526 aquam
1336 1479 1518 1513 mzmdam
1558 1486 1592 1514 et

273 1536 552 1572 mundabimini
572 1536 618 1571 ab
642 1535 814 1572 omnibus
836 1535 1130 1584 inquinamentis
1153 1536 1301 1572 vestris.
1336 1538 1384 1571 Et
1400 1535 1592 1572 Zacharie

272 1596 393 1640 X1110,
435 1607 471 1630 1:
506 1594 596 1630 Erit
622 1595 720 1643 fons
753 1601 892 1643 patens
931 1594 1063 1629 domui
1092 1594 1192 1629 :Iuda
1236 1601 1271 1629 et
1313 1594 1593 1630 habitatoribus

271 1652 486 1688 Jerusalem
502 1652 537 1687 in
552 1652 1071 1700 ablucionempeccatorum;
1096 1665 1232 1699 ymmo
1257 1664 1346 1688 cum
1370 1653 1590 1688 secundum

272 1710 512 1758 Apostolum
546 1710 672 1745 omnia
704 1710 739 1745 in
760 1710 902 1760 figura
926 1710 1196 1760 contingebant
1218 1710 1382 1758 antiquis
1399 1711 1591 1760 patribus,

218 1773 256 1805 25
274 1777 383 1817 patet
417 1769 524 1817 quod
556 1767 680 1804 nichil
714 1767 948 1816 exprimitur
988 1767 1026 1804 in
1065 1769 1150 1816 lege
1184 1767 1279 1816 quin
1311 1767 1384 1803 fuit
1417 1767 1592 1816 antiquis

274 1826 454 1874 patribus
504 1825 544 1862 in
592 1827 677 1873 lege
726 1825 849 1862 veteri
895 1825 1124 1873 figuratum.
1179 1827 1246 1862 Ille
1287 1838 1380 1873 ergo
1419 1825 1486 1874 qui
1519 1826 1592 1862 fuit

276 1884 464 1932 magister
487 1883 527 1920 in
548 1884 767 1920 Jerusalem
792 1883 831 1919 in
854 1885 1026 1920 adventu
1049 1883 1197 1920 Christi
1219 1883 1295 1920 ista
1319 1893 1590 1932 cognosceret.

276 1944 460 1978 Secundo
494 1941 748 1989 redarguitur
781 1954 824 1978 ex
856 1941 1096 1978 auctoritate
1121 1941 1283 1977 Domini
1317 1943 1389 1978 hec
1423 1942 1591 1978 dicentis

276 2013 395 2049 quem
429 2000 538 2049 prius
562 2001 662 2036 adeo
687 1999 946 2048 approbavit:
981 2000 1143 2043 Scimus,
1177 1999 1319 2048 inquit,
1354 2000 1440 2049 quia
1463 2014 1484 2036 α
1509 2001 1592 2036 Deo

218 2061 260 2094 30
277 2059 412 2095 venisti
452 2059 652 2109 magister.
700 2059 916 2104 Quomodo
960 2070 1053 2106 ergo
1098 2071 1217 2106 super
1262 2057 1368 2094 dicta
1412 2058 1592 2107 magistri

275 2130 391 2165 quem
428 2129 498 2165 per
530 2125 622 2153 ante
655 2125 811 2153 tantum
844 2115 1021 2153 laudavit
1044 2115 1344 2152 racionabiliter
1367 2117 1593 2153 dubitaret?

276 2176 367 2211 Ideo
401 2174 497 2211 dicit
521 2174 702 2212 Christus
736 2175 843 2223 quod
876 2174 959 2223 ipse
993 2175 1122 2211 solum
1147 2175 1255 2223 quod
1278 2174 1376 2210 vidit
1407 2175 1443 2210 in
1477 2176 1592 2211 verbo

274 2234 456 2282 loquitur,
484 2242 521 2270 et
543 2232 599 2269 sic
633 2234 681 2269 de
713 2232 794 2269 suis
827 2232 1021 2281 apostolis
1054 2232 1120 2281 qui
1152 2233 1282 2268 solum
1318 2234 1425 2281 quod
1455 2242 1593 2270 aucto-

274 2290 390 2328 ritate
435 2290 583 2328 Christi
626 2275 896 2339 cdgnoverant
938 2291 1195 2339 eloquentur3
1240 2299 1277 2327 et
1321 2299 1457 2327 tamen
1499 2305 1593 2339 gens

219 2348 440 2385 35Judaica
484 2358 521 2385 et
564 2348 791 2397 specialiter
835 2348 1010 2397 pharisei
1052 2358 1088 2385 et
1121 2350 1350 2385 sacerdotes
1394 2351 1592 2397 repellunt

274 2416 430 2443 tantum
464 2407 641 2444 divinum
675 2406 964 2444 testimonium.
1016 2409 1064 2443 Et
1097 2407 1222 2443 tercio
1262 2407 1516 2455 redarguitur
1549 2421 1591 2444 ex

275 2464 465 2501 facilitate
499 2465 709 2510 discibilis;
742 2478 835 2502 nam
870 2478 960 2502 cum
984 2474 1142 2502 terrena
1166 2474 1202 2501 et
1227 2465 1454 2513 corporalia
1478 2479 1593 2513 argu-

277 2531 411 2559 menta
443 2523 539 2559 dixit
567 2523 631 2559 isti
665 2523 887 2560 Nicodemo
923 2533 960 2560 et
992 2523 1072 2560 suis
1107 2523 1358 2572 sequacibus,
1394 2525 1488 2560 dum
1512 2537 1592 2560 non

345 2652 370 2673 2.
392 2646 435 2673 A:
457 2646 566 2673 melius
587 2650 704 2679 autem;
730 2646 770 2673 ib.
791 2647 836 2674 A:
859 2646 959 2682 huius.
1033 2656 1061 2681 4.
1084 2647 1124 2674 C:
1147 2646 1341 2673 voliciouem.
1419 2646 1446 2673 (J).
1469 2647 1508 2673 C:
1532 2646 1592 2681 spi-

278 2681 353 2708 ritus
374 2681 476 2707 vestri.
597 2689 622 2715 7.
644 2682 688 2708 A:
711 2681 846 2715 Spiritus
867 2682 998 2709 Sanctus
1019 2682 1112 2708 deest.
1234 2691 1259 2716 7.
1284 2682 1402 2708 codd*
1426 2682 1590 2714 incognita.

278 2724 317 2749 14.
340 2717 382 2742 A:
405 2721 435 2742 tu
457 2716 550 2742 deest.
626 2716 662 2743 15.
684 2716 723 2743 C:
749 2715 877 2750 pertint-t
899 2717 1039 2751 pertinet.
1115 2717 1155 2743 16.
1178 2717 1205 2743 A
1227 2717 1255 2743 iu
1279 2725 1391 2750 murga
1414 2717 1592 2750 Baptismus

277 2751 398 2785 duplex.
482 2758 528 2784 24.
550 2752 594 2777 A:
615 2750 719 2777 omniu
741 2750 854 2776 omniu.
946 2751 992 2778 26.
1016 2752 1036 2777 Ι),
1059 2751 1086 2777 iu
1110 2760 1223 2784 muru:
1251 2751 1399 2777 Omnium
1431 2751 1589 2777 xerilalum

277 2785 351 2819 legis
373 2794 449 2812 uoxe
470 2786 563 2820 ligura:¹
582 2790 808 2826 precesserunt.
891 2794 934 2820 27.
959 2787 1022 2812 l’›(2:
1046 2787 1072 2812 iu
1099 2786 1207 2813 lsrael:
1231 2786 1268 2812 ib.
1292 2786 1335 2812 A:
1359 2785 1426 2817 isim
1448 2785 1487 2812 ib.
1504 2785 1532 2812 A
1560 2785 1588 2811 iu

278 2828 390 2853 marga
412 2828 436 2846 2.
484 2821 527 2846 2:5¹,
546 2820 611 2846 BL:
634 2820 781 2846 docentis.
868 2820 904 2846 351.
929 2822 970 2847 A:
993 2821 1193 2847 dubitamus,
1273 2820 1313 2846 ΣΗ
1338 2821 1379 2846 A:
1403 2820 1438 2846 de
1460 2820 1552 2846 deest.

349 2902 400 2933 24.
430 2893 452 2923 Ι.
479 2894 557 2922 Cor.
587 2892 628 2932 X,
662 2903 711 2924 ιι.

1797 271 1869 297 221

1655 499 1827 533 Augus-tine

1605 534 1698 560 rest-rs
1726 533 1746 560 it
1773 539 1802 560 to
1831 534 1879 560 the

1640 568 1719 604 Holy
1742 568 1849 603 Spu-it.

1649 1019 1839 1046 Nicodemus

1668 1054 1819 1085 rebuked:

1665 1097 1684 1117 1.
1706 1089 1754 1116 sor
1774 1094 1827 1116 not

1618 1124 1763 1159 luiowing
1783 1124 1865 1151 what

1619 1158 1654 1185 he
1676 1159 1773 1193 might
1794 1159 1870 1185 have

1632 1194 1753 1220 learned
1776 1194 1855 1221 from

1636 1229 1684 1255 the
1704 1228 1753 1256 old
1775 1229 1850 1262 law3

1607 1955 1632 1974 2.
1658 1948 1706 1983 soi·
1732 1948 1791 1975 dou
1799 1948 1882 1983 btiug

1680 1983 1813 2012 Christ's

1660 2018 1832 2054 authorum

1608 2410 1633 2438 3.
1653 2411 1780 2438 because
1801 2412 1883 2439 what

1609 2447 1644 2473 lie
1666 2446 1723 2473 had
1746 2452 1775 2473 io
1797 2447 1879 2474 learu

1634 2490 1697 2507 was
1719 2490 1752 2506 Sl)
1773 2490 1854 2517 easy.
