2017 3353
215 243 351 272 sERMO
380 233 435 290 x.]
729 245 868 276 PRIMA
886 244 1018 275 PARS.

214 350 320 390 enim
365 352 503 387 fundat
547 350 666 387 fidem
713 363 825 387 suam
866 349 947 386 sive
979 350 1225 387 sentenciam
1261 364 1382 399 super
1414 351 1528 388 fictas

213 410 382 456 fabulas,
428 421 504 457 que
550 417 684 457 preter
716 421 836 456 quam
870 420 991 455 super
1023 417 1178 456 patrem
1213 409 1414 446 mendacii
1448 422 1529 446 non

214 469 447 517 fundantur,
481 476 519 503 et
552 467 627 503 ista
660 467 865 503 sentencia
900 467 1122 503 destrueret
1156 466 1254 503 ritus
1287 467 1432 515 privati
1465 480 1528 504 or-

214 526 330 572 dinis,
379 524 657 562 obedienciam
691 537 813 572 quam
848 536 954 572 papa
987 533 1024 560 et
1063 524 1207 572 prelati
1243 525 1457 561 vendicant
1491 534 1528 561 et

181 584 456 622 §diminueret
499 582 754 620 obediencias
807 581 974 630 gentiles
1019 582 1239 630 culpabiles
1285 583 1527 619 secularium

214 642 488 679 dominorum.
550 643 600 678 Et
643 640 699 677 sic
743 640 997 677 revivisceret
1041 640 1188 677 Christi
1235 640 1373 689 religio
1407 653 1528 688 quam

216 701 298 748 ipse
333 699 472 736 docuit
504 708 585 735 tam
619 711 740 746 opere
764 710 886 746 quam
921 711 1122 737 sermone.
1155 700 1216 734 Ad
1239 707 1396 735 tantum
1421 699 1528 735 enim

214 758 502 795 commiscetur
520 769 612 793 cum
636 756 788 804 pugillo
813 756 1018 804 religionis
1046 756 1194 793 Christi
1226 756 1303 793 ista
1325 756 1529 805 gentilitas

215 818 324 865 quod
369 815 434 853 vix
466 823 634 863 apparet
674 814 800 851 eciam
846 814 1043 861 fidelibus,
1090 816 1298 863 quomodo
1345 815 1531 863 superior

161 891 200 913 10
215 887 286 912 suo
319 873 480 911 subdito
514 874 658 910 debeat
688 872 865 911 obedire.
900 872 1004 918 Quia
1036 872 1144 910 iuxta
1177 873 1356 922 regulam
1381 873 1530 909 Christi

215 932 398 981 superior
446 932 562 968 debet
605 930 657 968 ad
701 929 951 978 spiritualem
998 931 1221 978 profectum
1256 932 1530 979 cuiuscunque

214 990 363 1028 subditi
394 989 455 1026 sui
488 990 693 1026 attendere
724 997 761 1025 et
785 989 1011 1025 mundanos
1032 989 1205 1026 honores
1239 998 1276 1026 et
1308 989 1529 1026 secularem

215 1048 493 1087 obedienciam
526 1059 608 1084 non
641 1059 822 1095 pensare.
858 1048 936 1083 Sed
959 1056 1092 1094 preter
1114 1047 1278 1084 dubium
1310 1047 1418 1084 istud
1441 1060 1530 1084 sco-

216 1107 402 1145 lasticum
436 1105 568 1142 notari
602 1115 739 1153 posset
761 1117 901 1141 sensus
924 1105 1091 1142 moralis
1115 1105 1285 1152 dulcior,
1321 1106 1529 1153 quomodo

164 1171 199 1204 15
215 1175 330 1214 pater
361 1163 565 1213 putativus
595 1165 687 1200 Jesu
726 1172 918 1211 tanquam
967 1163 1068 1200 alter
1096 1164 1244 1212 Joseph
1289 1163 1371 1211 (qui
1406 1164 1527 1200 inter-

215 1231 397 1273 pretatur
419 1221 644 1270 apposicio)
667 1230 705 1258 et
738 1230 867 1258 mater
898 1221 982 1258 eius
1015 1230 1209 1270 tanquam
1243 1221 1371 1258 fidelis
1395 1222 1528 1269 ipsum

216 1283 256 1319 in
290 1290 422 1318 mente
455 1279 636 1316 nutriens
671 1280 893 1316 secundum
928 1279 1173 1316 tradiciones
1207 1280 1528 1317 ceremoniarum

216 1354 260 1377 ex
292 1339 468 1376 stulticia
500 1336 674 1386 perdunt
704 1339 854 1374 Jesum.
897 1339 998 1374 Nam
1034 1337 1212 1374 creditur
1244 1339 1352 1386 quod
1385 1338 1529 1386 prelati

216 1397 367 1436 cesarei
394 1409 515 1445 supra
546 1395 850 1432 ordinacionem
885 1395 1032 1432 Christi
1066 1395 1257 1433 membris
1290 1396 1371 1433 suis
1405 1409 1529 1444 appo-

159 1471 200 1493 20
217 1456 281 1493 siti
314 1463 407 1492 sunt
438 1464 482 1491 ut
516 1455 664 1502 Joseph
697 1462 830 1502 patres
855 1454 1022 1492 domini.
1057 1454 1246 1491 Creditur
1269 1454 1395 1491 eciam
1422 1456 1529 1502 quod

217 1514 423 1551 inferiores
463 1512 605 1561 prelati
651 1512 719 1560 qui
763 1521 856 1548 sunt
888 1511 1164 1560 superioribus
1198 1512 1401 1560 coniugati
1437 1524 1529 1549 sunt

215 1573 435 1610 secundum
489 1572 655 1607 modum
709 1570 900 1618 loquendi
954 1570 1147 1619 evangelii
1192 1580 1320 1607 mater
1366 1571 1528 1616 Christi,

215 1644 305 1668 cum
340 1631 479 1667 Matth.
513 1631 610 1675 X110‚
647 1629 697 1666 50
731 1628 937 1665 scribitur:
990 1629 1123 1665 Omnis
1161 1630 1224 1678 qui
1242 1629 1349 1679 facit
1398 1630 1530 1666 volun-

214 1697 330 1726 tatem
357 1689 487 1738 patris
523 1688 597 1724 mei
627 1688 690 1737 qui
720 1688 756 1723 in
792 1687 881 1724 celis
913 1695 980 1734 est,
1015 1687 1094 1736 ipse
1115 1700 1220 1724 meus
1231 1689 1383 1737 frater,
1417 1700 1532 1724 soror

160 1754 199 1785 25
215 1756 249 1785 et
283 1755 407 1784 mater
450 1754 517 1783 est.
582 1745 651 1782 Isti
685 1758 780 1782 vero
813 1746 893 1781 duo
926 1755 1113 1793 parentes
1147 1747 1370 1782 secundum
1405 1745 1530 1782 tradi-

216 1806 350 1843 ciones
383 1804 508 1842 seculi
542 1814 635 1841 sunt
660 1803 700 1840 in
733 1802 1064 1852 peregrinacione
1087 1803 1165 1841 ista
1189 1803 1282 1841 ficta
1305 1803 1528 1852 plurimum

218 1863 408 1912 separati.
443 1863 521 1899 Sed
551 1865 667 1899 Jesus
701 1861 929 1910 despiciens
963 1861 1062 1898 istos
1097 1861 1197 1899 ritus
1230 1874 1311 1898 non
1346 1861 1529 1898 ambulat

216 1935 308 1960 cum
354 1921 481 1959 altero
528 1930 742 1969 parentum
788 1920 961 1957 istorum
1007 1921 1077 1956 sed
1121 1928 1303 1957 remanet
1348 1919 1387 1955 in
1419 1921 1529 1956 Jeru-

216 1981 340 2018 salem
374 1989 569 2028 tanquam
604 1991 704 2026 puer
735 1978 939 2026 parvulus,
971 1978 1155 2015 doctores
1178 1978 1381 2026 simplices
1407 1978 1530 2015 inter-

160 2044 201 2076 '2'0
218 2051 363 2087 rogans
412 2051 457 2075 ac
502 2038 664 2083 docens,
718 2038 786 2073 sed
833 2036 929 2073 dicti
976 2046 1162 2084 parentes
1196 2036 1529 2073 consideracione

217 2096 369 2134 carnali
423 2096 567 2142 affecti,
609 2096 1145 2144 quomodo-promoverent
1190 2104 1383 2144 cognatos
1436 2107 1530 2131 suos

217 2155 308 2192 licet
342 2154 518 2191 discolos
551 2164 589 2191 et
623 2154 810 2199 ditarent,
857 2166 937 2189 non
983 2153 1222 2190 invenerunt
1254 2155 1389 2190 Jesum
1425 2153 1530 2190 inter

216 2213 368 2250 amicos
416 2222 453 2249 et
502 2222 695 2261 cognatos
744 2224 838 2248 suos
890 2212 959 2248 sed
1009 2221 1170 2260 oportet
1223 2224 1290 2248 eos
1344 2211 1529 2259 superius

217 2270 477 2320 perscrutari,
525 2280 562 2308 et
607 2269 751 2318 prelati
797 2269 1062 2318 predestinati
1097 2282 1168 2318 per
1199 2270 1325 2318 legem
1361 2282 1529 2306 consue-

161 2334 200 2367 35
217 2329 369 2366 tudinis
403 2339 439 2365 et
473 2328 749 2366 estimacionis
783 2341 805 2364 a
837 2330 928 2364 Jesu
968 2328 1024 2364 eis
1058 2328 1218 2375 perdito
1262 2328 1431 2365 desolati
1472 2340 1529 2364 re-

217 2387 340 2435 gressi
389 2396 483 2423 sunt
527 2386 567 2423 in
610 2386 830 2423 Jerusalem
870 2398 942 2434 per
989 2386 1066 2423 iter
1111 2386 1292 2423 triduum
1332 2386 1373 2421 in
1406 2386 1530 2422 tradi-

218 2445 400 2482 cionibus
433 2444 664 2493 apocriphis
697 2444 901 2492 occupati.
955 2446 1032 2481 Sed
1072 2455 1161 2492 post
1207 2444 1374 2481 tercium
1421 2444 1528 2480 diem

218 2514 379 2552 peracte
424 2503 649 2551 penitencie
694 2503 863 2540 lucescit
912 2503 951 2539 in
997 2502 1052 2539 eis
1086 2502 1261 2540 scintilla
1293 2502 1527 2539 devocionis

286 2662 314 2684 4-
332 2653 357 2679 A
371 2662 377 2678 :
393 2657 421 2679 et
436 2651 530 2678 deest.
582 2651 610 2684 6,
626 2659 651 2685 7.
675 2649 744 2678 BC:
765 2650 918 2686 quodipse
932 2650 1050 2678 docuit.
1100 2658 1126 2684 7.
1142 2649 1213 2677 BC:
1230 2649 1267 2677 ad
1283 2650 1377 2676 deest.
1431 2648 1467 2676 13.
1483 2650 1528 2676 A:

218 2687 298 2714 istud
320 2687 415 2714 deest.
474 2694 516 2720 ¹4-
539 2684 581 2713 C:
603 2690 720 2713 notare.
777 2694 818 2719 ¹4·
839 2687 868 2713 A
888 2686 917 2713 in
934 2693 1048 2720 marg:
1068 2685 1185 2712 Sensus
1202 2685 1339 2712 moralis.
1397 2691 1435 2715 ¹7-
1456 2684 1478 2710 Β
1499 2684 1528 2710 in

218 2729 337 2756 marg:
366 2721 536 2757 Quomodo
556 2725 585 2748 et
603 2720 676 2755 quid
699 2720 838 2748 homines
860 2720 964 2748 Jesum
985 2720 1138 2748 amittunt.
1299 2727 1345 2752 24.
1370 2718 1439 2746 BC:
1462 2719 1530 2753 ipse

218 2761 273 2784 est.
398 2757 444 2784 30.
467 2755 533 2783 BC:
555 2761 646 2790 atque
667 2755 792 2783 docens.
916 2756 954 2783 31.
977 2756 1021 2782 A:
1043 2755 1165 2782 affectu.
1275 2753 1317 2780 32.
1337 2753 1457 2786 Jesum;
1481 2755 1525 2780 A:

217 2791 349 2825 ibidem3
369 2792 473 2819 Jesum
489 2792 583 2818 deest.
647 2789 690 2817 33.
712 2791 755 2818 A:
778 2790 896 2818 amicos
922 2795 950 2817 et
976 2790 1091 2823 deest;
1113 2789 1153 2816 ib.
1182 2791 1225 2816 A:
1248 2793 1396 2821 cognatos
1418 2787 1525 2825 mundi

218 2825 354 2859 amicos;
376 2826 416 2853 ib.
438 2827 483 2853 A:
507 2826 561 2853 sed
594 2830 715 2860 oportet
735 2825 838 2858 deest;
859 2826 971 2852 lacuna
991 2825 1021 2851 in
1052 2824 1120 2852 cod.
1182 2822 1227 2850 36,
1250 2823 1289 2850 B:
1317 2823 1454 2850 animum
1477 2830 1525 2848 in-

217 2860 481 2888 troduccionibus.
583 2860 628 2889 38.
650 2862 698 2888 A:
720 2860 844 2888 similla.

1763 250 1810 289 71

1574 704 1783 732 Worldiiness

1585 741 1690 767 makes
1712 748 1783 767 men

1582 774 1684 810 forget
1704 776 1775 802 how

1571 810 1741 837 obedience
1762 811 1788 837 is

1650 845 1719 872 due.

1545 1343 1678 1371 Prelates
1710 1344 1816 1379 falsely

1544 1378 1762 1441 ⁵¹¹¹'f’f3532ss‘f'
1783 1379 1820 1406 be
