2017 3353
175 581 190 614 5

210 236 346 267 semro
364 227 432 286 ιν]
721 242 862 275 PRIMA
896 243 1021 275 PARS.
1756 251 1805 291 27

209 347 343 396 gracia
382 359 454 384 sua
496 347 605 384 dedit
650 347 724 384 sibi
770 348 900 385 facere
944 349 1099 386 utinam
1135 351 1183 386 ad
1225 350 1517 388 beatitudinem

209 405 516 454 adquirendam.
562 407 642 443 Nec
676 415 734 442 est
765 406 969 455 pertinens
1005 407 1215 445 mendacio
1249 409 1358 458 quod
1392 409 1518 459 aliqui

210 464 313 500 male
357 462 591 511 concipiunt
630 465 750 502 verba
793 464 1008 513 loquentis,
1055 475 1098 502 ut
1138 466 1304 515 quidam
1350 465 1805 528 hereticiAlffiflgvffgfsshsseOt

209 522 347 559 dicunt
391 522 438 558 de
480 521 641 559 Christo
687 524 797 571 quod
843 523 952 559 dedit
999 524 1125 572 legem
1175 524 1434 562 falsissimam
1481 536 1517 563 et
1535 535 1807 563 meanshiswords

208 579 341 628 sepius
376 589 433 617 est
467 579 672 627 mentitus,
707 580 803 630 quia
835 581 885 617 ad
910 581 1221 618 discernendum
1257 583 1516 620 mendacium
1534 571 1807 640 tfflssffyshssffissglsse

208 646 370 686 oportet
403 649 607 675 recurrere
631 639 680 675 ad
704 638 977 676 intencionem
1012 640 1227 689 loquentis,
1262 651 1300 678 et
1325 642 1375 678 ad
1397 643 1517 679 verba
1539 639 1794 668 misunderstood

207 708 283 745 que
316 695 509 744 loquitur,
543 697 765 733 secundum
800 709 919 746 quern
953 710 1114 735 sensum
1148 699 1198 735 ad
1222 699 1307 736 eius
1342 708 1515 736 mentem

207 755 353 791 debent
385 753 574 803 intelligi;
616 763 654 791 et
693 755 782 792 ideo
824 755 1024 804 contingit
1062 756 1212 794 multos
1244 770 1382 794 verum
1426 757 1518 794 ficta

207 812 438 849 intencione
471 825 646 849 asserere
671 822 707 849 et
741 813 914 850 mentiri.
950 816 1031 852 Nec
1055 816 1259 852 contendo
1285 815 1392 853 circa
1415 817 1518 853 hanc

153 870 380 919 iologicam
414 871 523 919 quod
556 873 676 908 verba
698 871 911 909 verissima
943 873 993 909 ad
1027 885 1187 909 sensum
1222 874 1425 922 loquentis
1457 874 1518 910 vel

151 1163 188 1197 15

84 1432 158 1463 Fol.

86 1481 162 1519 144²

146 1744 185 1777 25

144 2326 184 2359 35

207 928 279 965 Dei
313 928 472 976 prolata
506 939 598 966 sunt
632 929 730 966 falsa
764 942 807 966 ex
840 929 1004 968 sinistra
1037 930 1318 969 intelleccione
1351 932 1517 969 audien-

207 986 329 1033 cium,
355 986 448 1035 quia
481 986 573 1024 licet
606 987 684 1025 sint
718 987 816 1025 falsa
847 1000 890 1025 ex
923 988 1041 1037 culpa
1075 989 1347 1037 audiencium‚
1383 998 1517 1027 tamen

207 1057 319 1081 more
358 1044 636 1082 insolubilium
682 1056 775 1083 sunt
813 1058 906 1084 vera
950 1048 1086 1095 quoad
1132 1057 1237 1085 recte
1282 1048 1515 1097 loquentem

204 1113 246 1140 ut
280 1105 425 1142 Deum.
455 1105 535 1140 Nec
569 1105 770 1141 contendo
806 1104 914 1142 circa
947 1105 1054 1142 istud
1078 1107 1187 1154 quod
1212 1106 1412 1155 contingit
1446 1107 1517 1144 ho-

207 1161 356 1198 minem
392 1161 537 1198 falsum
573 1161 779 1199 recitative
813 1162 946 1200 dicere
977 1163 1038 1200 vel
1071 1164 1221 1213 iocose,
1255 1163 1350 1213 quia
1383 1177 1516 1202 sermo

204 1228 344 1256 noster
387 1229 445 1257 est
490 1220 538 1256 de
582 1220 716 1257 dicere
760 1222 869 1269 quod
916 1231 974 1259 est
1020 1222 1168 1259 mentis
1202 1222 1399 1270 asserci03
1444 1235 1516 1260 nec

205 1287 315 1314 caret
348 1278 441 1316 talis
476 1277 616 1315 iocosa
648 1278 806 1316 locucio
841 1292 1000 1328 semper
1039 1280 1242 1328 culpando
1284 1281 1513 1318 mendacio.

205 1335 318 1373 Sicut
363 1349 456 1385 ergo
502 1345 615 1384 pater
662 1337 863 1374 mendacii
908 1337 978 1386 qui
1012 1347 1071 1374 est
1113 1338 1342 1390 capitaliter
1374 1333 1806 1377 contsaNothingdoesso

206 1394 412 1432 Christum
447 1403 504 1431 est
537 1394 793 1432 mendacium
827 1395 867 1432 in
901 1397 1118 1443 abstracto,
1159 1397 1215 1434 sic
1255 1397 1513 1434 mendacium
1540 1370 1796 1432 ThUeChCiiiisriiaiio

205 1462 242 1490 et
290 1452 329 1489 in
362 1453 467 1490 facto
502 1452 713 1501 potissime
751 1462 809 1490 est
846 1454 946 1490 illud
977 1467 1051 1506 per
1096 1456 1207 1504 quod
1255 1440 1804 1504 de1bilitatur§ffffiffissffiffi

205 1510 426 1548 christiana
460 1510 619 1560 religi03
653 1511 721 1560 qui
755 1511 860 1548 enim
894 1512 934 1548 in
967 1513 1073 1550 facto
1099 1513 1196 1551 dicit
1221 1513 1383 1551 Christo
1418 1527 1515 1551 con·
1595 1509 1738 1537 ordeed.

203 1569 325 1605 trarie
357 1578 400 1606 ut
440 1569 496 1606 sic
530 1569 785 1617 culpabiliter
817 1579 874 1607 est
919 1571 1125 1608 mentitus.
1171 1574 1220 1609 Et
1264 1581 1374 1620 patet
1407 1574 1518 1621 quod

203 1627 320 1664 multi
367 1627 465 1665 tales
511 1627 675 1665 ordines
721 1637 921 1665 sectarum
956 1629 1015 1667 vel
1061 1629 1206 1678 singuli
1239 1630 1516 1678 menciuntur3

203 1685 341 1722 dicunt
375 1685 480 1722 enim
515 1695 551 1722 et
574 1685 704 1723 verbis
738 1686 981 1724 confirmant
1004 1689 1113 1736 quod
1139 1697 1231 1724 sunt
1253 1688 1516 1736 secularibus,

202 1752 246 1779 ut
278 1743 482 1792 pretendit
514 1744 739 1792 corporalis
773 1745 948 1792 habitus,
983 1746 1212 1783 sancciores
1247 1755 1284 1783 et
1316 1759 1387 1795 per
1421 1760 1515 1784 con-

203 1814 374 1850 sequens
420 1811 513 1838 sunt
566 1801 702 1839 fideles
748 1803 953 1840 adiutores
999 1813 1035 1841 et
1085 1804 1314 1842 imitatores
1359 1805 1516 1842 domini

204 1859 335 1897 nostri
366 1861 459 1896 Jesu
493 1859 653 1896 Christi.
691 1861 769 1896 Sed
801 1860 951 1897 factum
986 1872 1023 1900 et
1057 1862 1319 1900 conversacio
1354 1873 1515 1900 contra-

204 1917 357 1956 dicunt.
402 1920 451 1955 Et
497 1918 596 1955 tales
642 1931 686 1955 ex
729 1919 991 1956 vehemencia
1037 1920 1153 1957 realis
1189 1920 1389 1958 mendacii
1423 1934 1516 1969 sepe

203 1985 478 2024 prorumpunt
512 1976 551 2012 in
585 1976 796 2014 mendacia
819 1990 962 2014 vocum
988 1978 1047 2014 sui
1072 1987 1109 2015 et
1134 1978 1309 2015 aliorum
1343 1979 1517 2028 graviter

202 2034 454 2071 scandalosa.
494 2035 586 2071 Ideo
611 2034 848 2072 instruenda
870 2036 973 2073 foret
996 2037 1270 2074 communitas
1295 2037 1516 2075 christiana

201 2093 325 2141 quod,
361 2105 451 2129 cum
486 2105 609 2140 opera
633 2093 774 2130 dicunt
809 2094 954 2131 realius
988 2107 1110 2143 quam
1143 2096 1276 2142 verba,
1311 2105 1354 2133 ut
1388 2104 1514 2133 atten-

203 2151 298 2187 dant
338 2152 387 2187 ad
428 2151 579 2188 fructus
619 2164 786 2188 suorum
833 2165 1002 2200 operum
1050 2153 1131 2190 suis
1177 2153 1342 2190 vocibus
1384 2154 1514 2202 parvi-

201 2208 348 2256 pensis.
382 2209 531 2246 Dicunt
553 2209 673 2256 enim,
708 2222 799 2246 cum
823 2210 904 2247 sint
926 2211 1116 2259 pharisei,
1147 2213 1215 2249 sed
1238 2225 1320 2249 non
1343 2212 1513 2260 faciunt3

202 2266 292 2303 ideo
332 2268 554 2304 secundum
595 2268 822 2305 doctrinam
865 2269 1012 2306 Christi
1055 2269 1155 2307 tales
1194 2270 1283 2307 falsi
1316 2271 1513 2318 prophete

205 2337 248 2361 ex
280 2325 486 2363 fructibus
522 2327 668 2363 debent
713 2325 840 2364 nosci.
864 2329 946 2364 Nec
979 2327 1094 2365 video
1130 2330 1341 2378 quomodo
1377 2328 1513 2366 invasa

202 2382 304 2419 foret
337 2383 557 2421 christiana
590 2383 744 2432 religio,
779 2384 853 2422 nisi
887 2398 959 2434 per
987 2386 1259 2434 mendacium,
1294 2387 1389 2436 quia
1422 2399 1511 2424 cum

201 2440 251 2477 sit
292 2454 363 2489 per
399 2454 440 2478 se
483 2442 620 2490 religio
661 2442 854 2490 veritatis,
894 2444 1024 2480 solum
1067 2445 1323 2482 mendacium
1364 2457 1434 2493 per
1473 2457 1514 2482 se

269 2594 295 2614 2.
317 2586 355 2614 C:
378 2587 644 2615 commerendam.
716 2589 757 2616 ib.
787 2588 808 2616 B
836 2590 866 2616 in
888 2597 1003 2624 marg:
1033 2590 1260 2619 intendendum
1288 2596 1334 2619 est
1352 2592 1390 2618 ad
1412 2590 1511 2617 inten-

200 2621 321 2648 cionem
341 2622 496 2657 loquentis
516 2627 544 2650 et
566 2630 625 2649 non
646 2623 749 2650 verba.
823 2624 850 2652 6.
874 2623 915 2652 C:
936 2630 1058 2658 oportet
1079 2626 1178 2658 deest;
1244 2626 1285 2654 ib.
1305 2627 1351 2654 A:
1374 2625 1512 2659 legentis.

200 2664 227 2690 7.
249 2655 287 2683 132
309 2664 370 2692 que
391 2658 544 2684 locuntur.
663 2658 690 2686 8.
713 2657 782 2686 BC:
804 2664 831 2686 et
851 2659 946 2686 deest.
969 2660 1011 2686 B:
1034 2661 1190 2688 convenit.
1317 2669 1350 2687 ιι.
1373 2660 1419 2687 C:
1441 2664 1513 2686 sunt

201 2690 266 2718 fuit.
393 2699 430 2719 12.
453 2690 519 2719 BC:
550 2692 621 2727 quia
642 2708 672 2712 —
694 2693 892 2721 audiencium
915 2694 1010 2722 deest.
1137 2703 1176 2731 12,
1198 2693 1235 2723 13.
1258 2695 1300 2722 B:
1333 2702 1391 2723 tam
1414 2702 1510 2721 more.

201 2726 311 2760 14.A:
341 2734 401 2753 non
429 2728 599 2760 contendo;
665 2727 704 2755 ib.
733 2728 770 2754 ss:
803 2729 956 2756 convenit.
1083 2738 1120 2764 17.
1145 2732 1192 2758 Az
1224 2738 1316 2765 super
1346 2729 1510 2763 culpando.

202 2767 242 2786 ει.
263 2762 291 2787 Α
313 2761 341 2787 in
365 2769 480 2794 marga
508 2761 590 2796 Quid
613 2767 657 2789 est
677 2763 876 2791 mendacium
897 2764 926 2790 in
948 2763 1042 2791 facto.
1077 2765 1097 2792 Β
1119 2765 1148 2792 in
1171 2773 1291 2800 marg:
1314 2763 1510 2792 Mendacium

202 2796 305 2830 operis
326 2802 371 2823 est
391 2796 572 2824 maximum.
680 2804 722 2824 22.
744 2800 790 2825 A:
814 2803 859 2825 est
878 2799 1085 2833 culpabiliter.
1203 2800 1244 2827 25.
1266 2801 1310 2827 A:
1332 2798 1511 2833 superiores

202 2835 229 2855 et
250 2837 314 2864 per.
422 2831 468 2857 26.
489 2831 532 2858 A:
555 2832 699 2866 corporis
720 2832 838 2860 domini
859 2832 932 2860 Jesu
949 2832 1074 2861 Christi.
1184 2834 1231 2862 30.
1251 2836 1298 2861 A:
1321 2834 1399 2861 inter
1420 2840 1511 2860 scan-

202 2864 318 2891 dalosa.
426 2864 469 2893 32.
490 2867 533 2893 A:
557 2874 665 2894 eorum
687 2875 827 2903 operum.
938 2867 979 2896 35.
999 2869 1045 2896 A:
1072 2877 1108 2896 ex
1128 2869 1288 2905 operibus.
