2017 3353
208 254 342 284 SERMO
363 244 460 302 v111.]
711 255 854 286 PRiMA
885 253 1009 285 PARS.
1762 243 1810 280 53

208 364 390 414 quamvis
424 363 527 399 enim
572 372 664 410 post
697 360 976 397 ascensionem
1021 358 1172 395 domini
1213 357 1349 394 fideles
1390 358 1522 405 primo

207 422 338 459 vocati
371 430 462 458 sunt
502 419 742 456 sensibiliter
779 417 984 455 christiani
1019 421 1077 462 (ut
1113 424 1224 464 patet
1249 416 1336 452 Act.
1371 417 1415 461 ΙΙ,
1442 417 1522 461 26),

208 490 356 525 tamen,
403 479 607 527 loquendo
654 478 701 513 de
745 476 909 513 nomine
955 474 1051 511 reali
1085 474 1275 522 Baptista,
1327 486 1417 510 cum
1452 474 1524 511 fuit

207 546 351 574 unctus
383 536 517 585 gracia
549 546 731 583 tempore
762 535 854 570 Jesu
889 532 1037 570 Christi
1070 533 1118 569 ab
1152 532 1252 579 ipso,
1288 531 1525 569 excellenter

173 597 189 630 5
209 595 356 632 dicitur
389 593 651 639 christianus;
685 592 759 629 fuit
783 592 889 628 enim
923 591 996 628 sibi
1021 600 1388 637 contemporaneus
1414 599 1450 627 et
1475 591 1522 626 ab

208 654 297 702 ipso
326 653 464 703 priore
495 664 562 688 suo
595 663 666 699 per
697 650 868 699 graciam
902 649 956 686 ita
988 658 1148 685 unctus.
1202 650 1251 684 Et
1294 647 1348 684 sic
1381 660 1523 696 quam-

206 712 264 748 vis
310 723 450 747 omnes
496 709 632 746 fideles
680 708 775 757 legis
823 707 966 745 veteris
1009 711 1067 753 (ut
1106 706 1236 755 placet
1280 705 1521 754 quibusdam

207 769 352 806 sanctis
387 767 638 813 doctoribus)
679 766 755 803 dici
793 774 1015 814 potuerunt
1048 763 1265 810 christiani,
1308 764 1401 812 quia
1439 777 1523 801 cre-

208 829 344 863 dentes
377 827 415 863 in
449 826 562 862 illum
597 825 665 874 qui
698 834 882 872 tempore
915 837 988 860 suo
1023 831 1082 860 est
1114 822 1310 868 Christus,
1345 822 1524 870 Baptista

152 894 355 931 iotamen,
390 897 480 921 cum
515 883 589 919 fuit
620 883 658 919 in
692 891 797 920 etate
830 892 910 919 tam
945 880 1115 918 infantili
1149 881 1249 917 adeo
1283 880 1521 926 illustratus,

207 943 284 980 dici
319 952 452 991 potest
486 943 533 979 ab
567 941 730 978 instanti
764 940 982 977 nativitatis
1017 938 1164 976 Christi
1203 939 1241 974 in
1280 946 1395 974 utero
1429 951 1523 986 pro-

207 1000 316 1049 prius
361 999 618 1045 christianus,
669 998 762 1048 quia
809 998 978 1035 credidit
1034 998 1073 1033 in
1130 996 1339 1033 dominum
1386 998 1521 1032 Jesum

207 1059 412 1096 Christum
445 1059 523 1095 iam
558 1057 859 1106 presencialiter
892 1056 1138 1093 existentem.
1173 1057 1221 1092 Et
1255 1055 1310 1091 sic
1344 1054 1523 1091 creditur

205 1118 317 1166 quod
349 1116 528 1165 Baptista
559 1125 726 1164 propter
758 1115 1018 1152 devocionem
1060 1112 1221 1150 mentiri
1254 1125 1336 1149 non
1370 1112 1520 1159 debuit,

151 1179 187 1212 15
204 1185 249 1213 ut
281 1188 354 1212 nec
386 1174 492 1220 fecit,
529 1175 597 1211 sed
630 1174 862 1222 frequenter
900 1172 995 1210 dixit
1036 1172 1207 1208 discrete
1242 1170 1520 1207 excellenciam

204 1233 370 1270 Domini
403 1245 524 1281 super
555 1232 702 1281 ipsum,
736 1241 780 1268 ut
804 1232 842 1268 in
875 1230 1116 1268 auctoritate
1149 1229 1326 1277 predicta
1347 1230 1435 1266 Joh.
1470 1231 1518 1266 10.

261 1292 339 1327 Sed
372 1290 475 1328 circa
509 1303 669 1327 sensum
704 1290 788 1327 eius
821 1290 962 1327 fratres
996 1289 1246 1326 contendunt
1270 1287 1450 1333 inaniter,
1475 1296 1519 1323 ut
1559 1288 1712 1324 Quam-eis
1736 1288 1788 1327 bs-

203 1350 342 1387 fratres
377 1349 655 1385 Predicatores
690 1357 875 1385 asserunt
908 1348 1019 1396 quod
1053 1345 1237 1383 Christus
1271 1345 1344 1383 fuit
1379 1324 1811 1386 calcia-tvgseetrgtggrfirsitags

204 1418 281 1454 tus,
328 1408 451 1444 modo
493 1419 574 1456 quo
616 1407 703 1455 ipsi,
749 1406 844 1456 quia
882 1405 997 1442 aliter
1030 1403 1209 1453 Baptista
1253 1416 1335 1441 non
1369 1403 1519 1440 diceret
1622 1394 1728 1420 shoes.

145 1479 187 1500 20
203 1465 450 1514 pertinenter
492 1477 532 1501 se
576 1478 648 1502 non
693 1477 773 1501 esse
818 1464 978 1515 dignum
1024 1464 1240 1515 corrigiam
1280 1462 1521 1498 calciamenti

207 1524 355 1560 Christi
386 1524 610 1560 dissolicere.
655 1525 833 1560 Econtra
865 1532 1000 1559 autem
1034 1521 1174 1558 fratres
1207 1520 1385 1557 Minores
1418 1519 1520 1556 blat-

203 1590 333 1619 terant
366 1583 477 1631 quod
512 1581 696 1618 Christus
730 1582 905 1617 nudatus
938 1579 979 1616 in
1003 1579 1202 1628 superiori
1226 1586 1338 1627 parte
1370 1579 1519 1626 pedum

202 1648 246 1676 ut
284 1640 359 1688 ipsi
405 1640 631 1678 incesserat.
678 1640 752 1676 Sed
787 1649 831 1676 ut
865 1638 1016 1675 dictum
1052 1646 1110 1674 est
1143 1649 1328 1674 sermone
1361 1645 1519 1685 quarto,

202 1698 277 1735 ista
311 1706 370 1735 est
403 1697 629 1745 irreligiosa
662 1707 699 1734 et
744 1697 871 1734 inanis
906 1696 1142 1742 contencio;
1192 1708 1283 1732 nam
1317 1707 1409 1731 cum
1446 1693 1519 1730 Mi-

145 1757 185 1790 25
201 1768 320 1793 nores
353 1765 446 1792 sunt
478 1755 632 1792 calciati
655 1755 834 1804 corrigiis
858 1756 897 1792 in
920 1754 1001 1791 suis
1025 1754 1160 1806 soleis,
1185 1753 1363 1801 Baptista
1385 1761 1522 1800 posset

203 1814 462 1851 calciamenta
486 1813 632 1850 Christi
665 1813 831 1858 solvere,
866 1813 897 1849 si
930 1813 1015 1860 ipse
1038 1812 1257 1849 incesserat
1289 1811 1421 1847 taliter
1444 1810 1520 1847 cal-

204 1871 330 1908 ciatus
364 1881 401 1909 et
425 1885 515 1909 curn
540 1873 760 1909 secundum
795 1871 903 1919 ipsos
928 1883 972 1907 ex
1006 1861 1191 1918 negativa
1213 1869 1404 1917 evangelii
1437 1881 1519 1905 non

203 1929 385 1979 sequitur
417 1929 654 1967 affirmativa
675 1929 875 1977 primarie,
909 1938 1017 1977 patet
1041 1941 1161 1977 quam
1186 1929 1292 1964 nude
1325 1927 1407 1963 sine
1432 1927 1519 1962 fun-

204 1988 372 2025 dacione
406 1989 525 2025 ambo
559 1987 613 2024 hii
636 1988 797 2024 ordines
822 1988 1078 2024 altercantur.
1113 1988 1206 2023 Ideo
1237 1989 1295 2031 (ut
1318 1985 1519 2033 superius)

144 2049 186 2082 30
204 2055 262 2083 est
295 2046 415 2083 michi
448 2045 655 2094 probabile
679 2047 790 2094 quod
817 2046 1000 2082 Christus
1033 2057 1124 2092 sepe
1148 2044 1363 2081 incesserat
1388 2045 1519 2079 nudus

81 2096 164 2157 F0¹33
202 2105 336 2152 pedes,
371 2113 456 2141 tum
481 2103 575 2153 quia
607 2104 788 2141 caliditas
823 2104 901 2140 loci
935 2105 1010 2140 hoc
1044 2102 1262 2151 requisivit,
1297 2110 1379 2137 tum
1404 2098 1517 2155 quia}

87 2153 146 2186 ¹47
203 2162 367 2199 devocio
402 2161 623 2199 lavancium
649 2171 686 2198 et
715 2161 990 2199 osculancium
1025 2160 1097 2197 sibi
1129 2161 1248 2208 pedes
1281 2161 1356 2196 hoc
1381 2159 1518 2207 exegit,

204 2231 290 2258 tum
337 2220 460 2257 tercio
507 2220 600 2269 quia
634 2220 815 2258 Christus
842 2233 943 2256 *non
990 2219 1064 2256 fuit
1096 2232 1187 2255 cum
1234 2218 1378 2255 talibus
1418 2217 1518 2254 fictis

201 2278 429 2316 cerimoniis
463 2279 742 2326 desponsatus.
779 2278 888 2315 Sicut
923 2290 1016 2325 ergo
1051 2279 1192 2314 Petrus
1226 2276 1298 2312 suit
1332 2275 1519 2312 calciatus

144 2339 183 2373 35
201 2336 471 2374 calciamentis
495 2338 541 2373 ab
566 2349 641 2373 usu
665 2337 873 2385 utriusque
897 2336 1049 2372 ordinis
1073 2335 1295 2383 disparatis,
1334 2333 1388 2371 sic
1419 2334 1518 2370 veri-

201 2394 328 2432 simile
361 2395 555 2443 estquod
577 2394 674 2431 vidit
709 2394 893 2431 similiter
925 2394 964 2430 in
998 2392 1266 2431 calciamentis
1299 2392 1359 2428 vel
1383 2391 1518 2439 caligis

201 2453 353 2489 domini
377 2453 614 2501 exemplum.
636 2453 811 2501 Angelus
836 2452 941 2490 enim
960 2451 1134 2500 precepit
1159 2451 1231 2488 sibi
1254 2452 1341 2488 Act.
1366 2452 1468 2496 XII0‚
1495 2452 1516 2486 8

269 2538 290 2557 1.
310 2530 355 2558 A:
386 2530 467 2557 enim
496 2531 591 2557 deest.
699 2538 728 2563 4.
750 2530 817 2558 BC:
843 2530 915 2557 Jesu
936 2530 1046 2557 nostri.
1127 2529 1167 2556 ib.
1190 2530 1236 2556 A:
1258 2528 1442 2556 excellenter
1462 2528 1517 2555 Dei

199 2565 404 2599 christianus;
425 2564 483 2592 fuit
499 2569 528 2592 ut
544 2565 614 2592 sibi.
682 2573 725 2592 io.
740 2567 784 2592 A:
802 2565 955 2593 infantuli.
1028 2572 1066 2592 12.
1082 2565 1127 2592 A:
1144 2564 1251 2592 credit.
1324 2563 1362 2591 13.
1377 2564 1422 2590 A:
1443 2570 1518 2590 con-

199 2600 332 2627 ceditur.
453 2599 492 2628 15.
514 2599 554 2627 C:
576 2599 670 2633 sacit;
692 2600 736 2627 A:
760 2600 814 2628 sed
835 2600 929 2628 frater
950 2603 1179 2635 consequenter
1200 2598 1278 2626 dixit
1298 2598 1517 2625 excellenciam

201 2633 333 2674 Christi.
400 2642 444 2674 .¹7·
465 2635 516 2662 A:
537 2642 665 2673 sensum
687 2635 781 2662 deest.
850 2635 872 2661 B
893 2636 924 2662 in
946 2643 1062 2668 marg:
1090 2633 1262 2661 Contencio
1283 2633 1517 2660 Predicatorum

200 2677 272 2697 cuin
294 2669 469 2696 Minoribus
490 2669 528 2696 de
547 2669 762 2697 calciamentis
780 2668 911 2697 Christi.
991 2670 1035 2698 23.
1049 2670 1078 2697 A
1099 2669 1129 2696 in
1151 2675 1269 2702 marg.:
1301 2667 1382 2694 Nota
1403 2669 1440 2694 de
1461 2668 1518 2694 hoc

200 2712 295 2743 supra
316 2712 459 2731 sermone
479 2703 532 2731 IV.
657 2703 701 2732 25.
729 2703 796 2732 BC:
826 2705 891 2732 suis
912 2704 1068 2732 subseliis.
1202 2703 1250 2731 26.
1266 2703 1314 2730 A:
1337 2702 1516 2730 dissolvere.

199 2739 240 2766 ib.
255 2741 284 2766 A
299 2748 306 2765 ε
327 2739 460 2778 incessit.
565 2738 611 2765 28.
628 2738 677 2766 A:
695 2738 880 2767 affirmativa
895 2739 1085 2774 predicacio.
1189 2745 1236 2772 29.
1258 2737 1302 2764 C:
1326 2738 1516 2764 altricantur.

199 2772 243 2801 32.
263 2775 311 2801 A:
333 2781 380 2801 exi
405 2778 436 2812 it.
525 2808 530 2813 ⁶
578 2771 622 2800 33.
644 2775 691 2801 A:
710 2773 810 2812 factis.
849 2774 870 2800 Β
900 2782 929 2801 in
959 2782 1056 2809 marg.
1087 2773 1126 2806 (in
1155 2773 1242 2800 black
1264 2772 1338 2804 ink):
1374 2770 1517 2798 Christus

200 2815 357 2870 ῗξρεΒῐὲοη
379 2812 437 2870 diat
454 2808 661 2870 {alchastusgx
680 2816 785 2848 causis
799 2813 834 2848 ⁸et
854 2808 1021 2844 aliquando
1039 2809 1198 2870 {alcigtgs
1254 2843 1259 2868 l
1296 2805 1394 2867 35¹.C:
1411 2806 1516 2867 adbusa.

236 2863 242 2869 .
334 2852 341 2870 ε
490 2852 504 2870 a
564 2853 570 2859 ·
651 2852 657 2869 :
698 2851 870 2872 verissime.
1080 2864 1086 2870 .
1176 2852 1182 2869 ε
1214 2850 1249 2868 ve
1286 2849 1342 2868 cai
1369 2849 1393 2868 is
1443 2849 1492 2867 ces
1510 2861 1515 2866 .

200 2875 243 2912 37.
266 2876 378 2905 Codd.:
401 2851 614 2913 exeempian'iiS.
1059 2851 1075 2871 O
1347 2849 1363 2874 g
