2017 3353
226 238 303 284 392
812 244 1036 275 JOHANNIs
1058 242 1237 274 WYCLIF
1257 242 1515 275 SERMONUM
1571 230 1726 287 [SERMO
1748 242 1826 270 mx.

247 358 471 397 Endoxymcuts
513 351 544 387 si
578 352 704 387 multa
737 352 842 387 bona
881 351 931 386 ad
969 349 1184 385 utilitatem
1225 347 1390 385 ecclesie
1429 361 1472 385 ex
1510 349 1586 386 illis
1625 351 1827 400 perpetuis

222 401 271 420 m*
293 393 495 454 ssssttffssffiffhcd
514 407 741 445 elemosinis
787 416 1056 456 provenerunt
1095 408 1203 455 quod
1242 415 1337 442 tune
1376 416 1488 443 erant
1527 407 1633 445 licite
1672 417 1708 445 et
1746 422 1828 446 non

258 459 453 524 ἱιῇῗξιῐιῇξὶῐζξέζ
514 467 637 511 male3
670 479 763 503 nam
796 467 913 514 longe
946 466 1062 514 plura
1094 466 1200 501 bona
1233 477 1276 500 ex
1308 474 1476 513 peccato
1505 465 1624 514 primi
1655 467 1827 503 hominis

392 517 437 531 Γ
512 533 793 572 provenerunt.
834 526 1003 572 Oportet
1042 536 1134 572 ergo
1173 523 1223 559 ad
1267 521 1567 560 iustificandum
1608 537 1708 573 opus
1753 525 1828 561 ele-

512 581 776 619 mosinarium
802 581 1085 618 rectitudinem
1109 580 1350 618 intencionis
1381 580 1679 619 elemosinantis
1702 591 1828 620 atten—
1845 586 1861 618 5

513 642 605 677 dere
638 649 674 677 et
707 639 934 688 specialiter
966 648 1009 676 ut
1041 640 1229 676 fundatus
1253 638 1293 675 in
1322 639 1407 687 lege
1432 639 1623 688 evangelii
1646 640 1827 678 intendat

511 711 610 747 pure
643 699 839 735 honorem
873 697 944 734 Dei
975 709 1057 734 non
1090 698 1238 734 famam
1272 709 1399 744 suam,
1434 697 1528 746 quia
1560 697 1600 734 in
1633 699 1708 735 hoc
1741 698 1827 747 ipso

513 755 758 804 extingueret
792 755 976 792 ordinem
1009 754 1200 792 caritatis.

570 815 646 850 Sed
680 815 856 850 secundo
890 812 1063 850 obicitur
1096 825 1166 861 per
1188 814 1264 849 hoc
1298 814 1405 862 quod
1439 813 1554 849 multi
1588 815 1634 850 de
1658 814 1827 851 annonis

253 867 460 930 χξὶῖῐῗῖξᾌῑξῖῃὺῑς
512 881 736 909 castrorum
773 870 985 920 provident
1021 870 1156 907 multis
1191 870 1318 916 annis,
1355 883 1491 919 ymmo
1532 871 1646 908 multi
1686 881 1885 909 contram

252 935 414 976 prmjideiit
435 938 464 976 {n
510 930 657 967 famem
680 930 855 966 futuram
872 930 1023 965 fructus
1049 937 1251 965 reservant
1273 941 1315 965 ex
1331 928 1474 977 quibus
1490 930 1663 978 populus
1679 930 1825 967 famem

243 972 465 1038 {liiiiitihissglssi
512 996 635 1025 cavet.
656 989 789 1033 Quare
806 1000 899 1035 ergo
914 1000 995 1024 non
1010 987 1146 1024 liceret
1163 986 1316 1035 potenti
1333 988 1379 1023 de
1394 996 1590 1036 perpetua
1607 987 1827 1026 elemosina

421 1036 426 1041 ⁴
511 1045 746 1094 providere?
778 1045 906 1082 Aliter
939 1045 1043 1082 enim
1077 1053 1322 1093 temptarent
1355 1046 1483 1081 Deum
1519 1046 1726 1082 credentes
1759 1059 1827 1083 sue

511 1103 768 1152 provideneie
789 1113 826 1140 et
852 1103 1014 1140 instanti
1036 1116 1107 1140 suo
1131 1102 1345 1149 adiutorio,
1369 1102 1471 1139 sicut
1493 1102 1680 1140 diabolus
1701 1104 1828 1141 voluit

512 1161 715 1199 Christum
742 1163 983 1199 descendere
1017 1162 1064 1197 de
1088 1160 1226 1209 templi
1249 1159 1438 1209 pinaculo
1462 1162 1605 1199 Matth.
1635 1163 1718 1199 ΙΨ).
1754 1162 1828 1199 Hic
1849 1165 1884 1197 15

512 1219 657 1256 dicitur
691 1221 799 1268 quod
830 1218 1078 1257 infundabile
1102 1219 1249 1255 factum
1284 1219 1331 1255 de
1363 1219 1677 1257 incastrantibus
1705 1233 1828 1257 anno-

510 1290 581 1314 nas
614 1277 655 1314 in
680 1287 886 1326 raptorum
912 1277 1098 1314 domibus
1122 1285 1375 1313 monstruose
1397 1277 1614 1314 assumitur
1636 1286 1672 1314 et
1696 1291 1739 1315 ex
1760 1278 1828 1315 illo

511 1344 718 1384 tamquam
753 1336 934 1384 exemplo
968 1337 1017 1372 ad
1050 1334 1273 1372 viacionem
1307 1334 1455 1372 Christi
1488 1335 1653 1373 ecclesie
1691 1336 1830 1373 simili-

511 1393 649 1430 tudine
698 1393 805 1442 turpi
850 1393 1116 1430 concluditur.
1169 1395 1226 1429 De
1276 1392 1421 1429 talibus
1473 1407 1566 1442 ergo
1615 1393 1707 1431 licet
1751 1394 1828 1431 sint

512 1464 697 1500 perversa
720 1460 851 1500 potest
875 1453 1023 1488 bonum
1049 1451 1293 1499 contingere,
1327 1450 1428 1487 sicut
1462 1453 1509 1488 de
1542 1452 1669 1488 avaris
1693 1454 1827 1489 deten-
1843 1466 1886 1488 20

512 1509 693 1546 cionibus
722 1510 923 1546 fructuum
953 1522 1078 1558 usque
1108 1510 1157 1545 ad
1187 1521 1334 1545 annum
1371 1521 1522 1555 carum,
1551 1519 1828 1547 verumtamen

510 1567 585 1604 nisi
619 1567 658 1603 in
691 1568 861 1604 habente
893 1568 943 1604 ad
976 1569 1052 1604 hoc
1074 1566 1363 1604 revelacionem
1398 1579 1418 1603 a
1452 1567 1626 1604 Domino
1650 1569 1725 1605 hoc
1748 1581 1828 1605 non

260 1631 431 1681 YAnswerg
511 1626 651 1667 laudo:
693 1634 730 1662 et
772 1634 965 1674 quantum
1007 1627 1056 1662 ad
1090 1624 1403 1673 temptacionem
1437 1625 1521 1671 Dei,
1568 1634 1676 1674 patet
1721 1627 1827 1675 quod

240 1665 361 1735 {gili}
381 1674 478 1727 &2¹5¹ssss
513 1683 662 1720 directe
695 1683 840 1720 militat
873 1693 1015 1720 contra
1047 1684 1164 1730 tales3
1203 1681 1278 1731 ipsi
1317 1681 1421 1719 enim
1456 1696 1501 1720 ac
1533 1682 1565 1720 si
1604 1683 1829 1721 diffiderent

322 1736 390 1762 ΙΝ·
513 1743 560 1777 de
593 1740 760 1790 provida
794 1741 1081 1778 distribucione
1115 1740 1199 1787 Dei,
1239 1739 1428 1777 ordinant
1460 1742 1558 1778 tales
1592 1741 1829 1779 elemosinas
1847 1747 1886 1779 25

513 1809 740 1848 perpetuaS‚
785 1812 867 1836 non
910 1808 953 1836 ut
997 1801 1103 1836 Deus
1147 1799 1365 1836 secundum
1405 1799 1532 1847 legem
1571 1812 1684 1836 suam
1724 1799 1830 1848 ipsas

513 1857 724 1895 distribuat
752 1857 896 1906 quibus
924 1857 1029 1904 velit,
1059 1858 1127 1893 sed
1156 1866 1198 1893 ut
1231 1856 1306 1905 ipsi
1335 1858 1556 1893 secundum
1587 1857 1830 1895 tradiciones

512 1928 602 1952 suas
634 1915 741 1964 ipsas
774 1914 1026 1962 distribuant,
1062 1928 1151 1952 cum
1184 1927 1266 1951 non
1299 1924 1426 1952 erunt.

570 1974 618 2010 Et
651 1975 698 2010 de
731 1973 1001 2022 temptacione
1034 1973 1106 2010 Dei
1138 1981 1248 2021 patet
1282 1974 1389 2021 quod
1420 1972 1550 2010 viator
1578 1982 1673 2010 tunc
1702 1973 1829 2022 ipsam

512 2032 609 2080 petit
632 2030 870 2080 improvide,
893 2033 1054 2081 quando
1078 2030 1161 2068 sine
1184 2030 1420 2076 necessitate
1442 2031 1642 2080 probabili
1666 2040 1830 2080 propter
1845 2035 1887 2068 30

514 2102 675 2127 causam
709 2088 891 2127 illicitam
925 2103 946 2126 a
980 2091 1062 2126 Deo
1097 2088 1212 2137 exigit
1252 2088 1497 2126 adiutorium
1530 2088 1748 2138 singulare3
1788 2098 1830 2126 ut

514 2160 590 2196 que
627 2147 843 2184 necessitas
887 2147 967 2184 sive
1012 2159 1132 2185 causa
1170 2147 1278 2196 quod
1317 2146 1498 2184 Christus
1551 2148 1597 2183 de
1642 2147 1829 2195 pinaculo

514 2205 652 2254 templi
691 2206 741 2242 ad
774 2214 921 2242 terram
956 2204 1243 2254 precipitanter
1275 2217 1314 2241 se
1348 2205 1534 2250 mitteret,
1574 2206 1736 2253 quando
1774 2205 1830 2242 sic

513 2275 584 2311 per
606 2265 751 2311 gradus
776 2272 909 2311 posset
934 2264 1194 2311 descendere3
1224 2271 1261 2299 et
1283 2262 1543 2300 conformiter
1565 2263 1675 2300 nulla
1696 2275 1830 2300 neces-

513 2321 607 2357 sitas
636 2321 715 2358 sive
747 2334 866 2358 causa
901 2323 1009 2370 quod
1039 2322 1160 2358 homo
1188 2334 1314 2369 usque
1343 2329 1434 2369 post
1464 2320 1571 2357 mille
1601 2334 1726 2358 annos
1756 2333 1828 2369 pro
1846 2325 1884 2359 35

514 2378 825 2416 elemosinandis
855 2379 1097 2427 disponeret,
1132 2380 1293 2427 quando
1327 2379 1601 2415 conversando
1636 2391 1725 2415 cum
1759 2378 1828 2414 illo

515 2436 629 2472 multi
661 2437 791 2473 forent
825 2436 972 2474 Christi
1005 2449 1203 2485 pauperes
1242 2450 1263 2473 a
1303 2436 1446 2485 quibus
1480 2436 1739 2473 elemosinam
1774 2436 1829 2473 sic

514 2496 680 2531 abusam
713 2495 976 2531 subtraheret.

572 2554 620 2588 Et
650 2552 757 2589 idem
789 2552 945 2589 videtur
977 2551 1169 2589 iudicium
1205 2554 1251 2589 de
1281 2552 1539 2601 religionibus
1562 2551 1726 2600 privatis
1749 2552 1829 2589 sive

515 2610 838 2648 mendicantibus
871 2610 951 2648 sive
983 2610 1303 2659 possessionatis.
1338 2612 1486 2648 Omnes
1515 2609 1620 2647 enim
1643 2610 1828 2647 videntur
1842 2626 1887 2656 40

585 2698 611 2725 8.
633 2698 657 2726 E
676 2699 707 2726 in
729 2707 842 2734 marg:
864 2707 889 2726 2.
982 2707 1021 2726 10.
1043 2698 1082 2725 E:
1107 2699 1210 2726 multis
1233 2720 1238 2725 .
1257 2721 1261 2726 .
1280 2720 1285 2725 .
1302 2720 1308 2725 .
1331 2698 1525 2733 providetur3
1553 2698 1594 2725 D:
1617 2698 1703 2725 multi
1726 2698 1827 2733 provi-

517 2733 643 2767 dentum
664 2733 703 2760 ib.
720 2734 763 2761 A:
786 2734 874 2760 annis
890 2733 982 2760 deest.
1034 2741 1068 2760 11.
1084 2733 1127 2760 A:
1150 2734 1261 2761 samem
1284 2738 1441 2766 naturam3
1464 2733 1505 2760 D:
1527 2733 1652 2760 famam.
1704 2741 1741 2760 12.
1759 2733 1824 2769 DE:

516 2772 644 2795 careret.
709 2768 745 2795 15.
767 2768 811 2795 A:
834 2767 1086 2802 descendentenu
1113 2767 1152 2794 ib.
1173 2768 1198 2795 E
1217 2768 1247 2795 in
1269 2776 1381 2803 marg:
1402 2767 1584 2802 Responsio.
1642 2767 1680 2795 18.
1705 2767 1824 2795 ssCbE:

515 2802 551 2829 ad
574 2802 667 2829 deest.
735 2801 777 2829 23.
800 2802 867 2829 DE:
889 2807 1045 2837 tamquam
1067 2802 1114 2829 ad.
1183 2810 1228 2837 ει..
1252 2802 1319 2829 DE:
1341 2810 1433 2836 supra
1454 2802 1538 2829 tales.
1606 2801 1652 2829 26.
1675 2802 1719 2828 A:
1742 2801 1825 2835 ipsas

513 2836 606 2863 deest.
678 2845 722 2872 27.
745 2838 786 2864 D:
809 2838 901 2871 valet;
928 2837 968 2864 ib.
990 2837 1032 2864 A:
1056 2841 1087 2864 ut
1108 2837 1200 2863 det-st.
1275 2838 1319 2864 28.
1343 2837 1382 2864 C:
1405 2837 1488 2871 ipsas
1509 2837 1601 2863 deest.
1676 2844 1722 2872 29.
1750 2836 1774 2864 E
1794 2836 1823 2864 in

513 2879 624 2906 marg.:
647 2870 795 2899 Tentacio
815 2871 880 2900 Dei.
952 2871 996 2899 35:
1016 2872 1061 2900 A:
1083 2871 1131 2899 ine
1151 2880 1259 2899 anuos.
1333 2871 1377 2907 37.
1399 2872 1443 2899 A:
1467 2879 1484 2898 a
1504 2871 1598 2899 deest.
