2017 3353
277 305 411 334 smum
433 295 558 353 xxm]
783 310 924 343 PRIMA
953 312 1077 344 PARS.

275 415 447 464 opinione
478 417 662 452 bonorum
693 429 851 466 operum
884 417 1094 466 vigilanter
1121 417 1340 456 insistimus
1370 421 1420 456 ad
1444 433 1588 469 corpus

274 486 347 521 pro
380 473 494 510 nobis
527 483 732 510 mortuum
766 475 1061 513 honorandum.

332 533 380 567 Et
412 532 510 568 tales
543 531 674 569 anime
708 541 750 569 ut
783 546 940 570 sorores
964 534 1127 571 Domini
1162 544 1342 572 conserte
1376 535 1588 573 virtutibus

272 588 406 625 vident
451 591 627 638 angelos,
673 590 767 639 quia
810 592 1048 641 plerumque
1093 594 1240 629 habent
1289 593 1481 642 speciales
1531 595 1588 631 in-

240 649 257 682 5
273 646 518 694 spiraciones
534 648 734 696 angelicas
759 658 795 686 et
819 650 1022 687 mirabiles
1046 650 1229 688 visiones.
1254 652 1427 700 Angelus
1453 661 1586 689 autem

272 706 382 741 sedet
421 705 460 742 in
500 706 645 743 dextris
683 708 733 743 ad
771 707 1010 756 signandum
1045 709 1248 745 Christum
1281 709 1470 747 transisse
1507 710 1588 748 via-

272 762 397 799 cionis
437 763 639 801 miseriam
679 773 716 803 et
748 765 873 803 locari
905 766 1101 803 stabiliter
1141 780 1231 804 cum
1271 768 1410 814 beatis⁷
1451 777 1488 805 et
1531 769 1588 805 sic

271 821 385 858 albor
417 822 522 858 scole
556 822 724 859 candide
756 823 885 872 signat
917 826 1160 873 completam
1195 826 1342 862 Christi
1375 826 1583 864 victoriam

272 888 309 915 et
341 879 595 927 splendidum
629 893 675 918 ac
707 881 926 929 gloriosum
960 883 1159 931 premium
1199 883 1290 920 inde
1323 897 1504 933 sequens.
1539 884 1587 921 Et

217 949 256 971 10
271 946 384 974 notat
422 947 582 975 sanctus
623 940 846 987 (quomodo
886 940 1031 978 dicitur
1068 942 1235 978 Matthei
1274 942 1433 991 ultimo)
1479 945 1587 992 quod

180 985 255 1048 F0¹¹3
271 1004 455 1044 aspectus
492 996 598 1033 illius
637 998 766 1046 angeli
807 1007 891 1035 erat
933 1000 1030 1036 sicut
1057 995 1062 1053 l
1091 1000 1243 1051 fulgur
1286 1008 1320 1037 et
1365 1002 1586 1038 vestimenta

178 1042 186 1063 ¹
218 1042 239 1076 9
270 1054 350 1090 eius
380 1054 477 1090 sicut
510 1055 592 1091 nix.
634 1056 713 1092 Per
749 1056 833 1104 lzoc,
866 1056 1007 1106 inquit,
1052 1058 1235 1109 signatur
1271 1060 1373 1108 quod
1410 1067 1587 1109 aspectus

269 1112 500 1162 angelorum
551 1120 606 1149 est
649 1115 851 1163 perversis
899 1116 1106 1166 tert-ficus,
1143 1117 1240 1152 sicut
1289 1124 1399 1153 erant
1448 1117 1587 1154 milites

269 1171 444 1206 custodes
475 1171 646 1220 sepulcri
675 1179 710 1208 et
741 1172 809 1208 alii
840 1173 989 1219 viciosi;
1019 1175 1088 1210 sed
1118 1182 1174 1211 est
1205 1175 1369 1211 blandus
1407 1175 1587 1212 virtuosis

216 1230 252 1263 15
269 1228 394 1264 Deum
429 1228 658 1275 timentibus,
689 1230 787 1267 sicut
814 1239 924 1267 erant
947 1232 1045 1268 dicte
1064 1232 1216 1281 femine
1247 1240 1283 1269 et
1313 1233 1382 1269 alii
1412 1234 1584 1271 virtuosi.

269 1287 317 1322 Et
355 1285 411 1323 sic
451 1296 507 1323 est
547 1288 595 1324 de
627 1289 711 1324 Deo
750 1288 861 1326 cuius
895 1289 1023 1327 dictus
1056 1291 1219 1339 angelus
1253 1300 1309 1327 est
1341 1291 1510 1328 nuncius
1549 1300 1587 1328 et

269 1343 461 1381 minister.

326 1402 443 1440 Circa
475 1404 579 1440 hunc
603 1413 753 1441 textum
779 1405 1047 1442 communiter
1076 1406 1292 1443 musitatur
1314 1416 1449 1444 utrum
1474 1417 1586 1445 erant

268 1468 346 1497 tres
378 1461 503 1498 Marie
540 1462 598 1507 (ut
630 1462 740 1511 prius
774 1463 935 1512 dicitur)
969 1465 1031 1501 vel
1062 1473 1219 1501 tantum
1254 1466 1342 1502 due.
1378 1465 1491 1502 Prior
1522 1466 1585 1503 via

212 1517 568 1556 2oinfundabiliter
599 1520 725 1557 utitur
758 1521 899 1558 mediis
932 1523 1088 1559 duobus
1117 1524 1167 1560 ad
1190 1536 1303 1560 suam
1337 1524 1583 1561 sentenciam

267 1577 567 1614 declarandum.
601 1578 736 1616 Primo
781 1579 877 1617 dicit
921 1582 1028 1629 quod
1073 1583 1212 1618 eadem
1257 1595 1429 1630 persona
1472 1582 1584 1620 istius

266 1634 432 1672 historie
482 1636 556 1673 fuit
608 1636 827 1684 binomina‚
881 1637 983 1676 sicut
1034 1652 1126 1687 sepe
1178 1639 1273 1676 alibi
1324 1639 1492 1688 legimus
1544 1641 1584 1677 in

265 1693 483 1741 scriptura3
522 1697 699 1732 secundo
738 1695 835 1733 dicit
872 1698 980 1745 quod
1019 1698 1162 1746 duplex
1194 1697 1322 1734 Maria
1360 1711 1475 1735 soror
1506 1699 1583 1735 vir-

265 1750 366 1799 ginis
405 1751 478 1788 fuit
516 1752 679 1790 diversis
716 1753 810 1791 viris
849 1754 981 1803 sepius
1021 1757 1275 1804 desponsata.
1315 1758 1364 1792 Et
1402 1770 1472 1805 per
1511 1758 1583 1794 hec

208 1812 248 1844 25
266 1810 345 1845 duo
391 1812 610 1848 concordat
654 1812 730 1848 hoc
775 1812 1023 1861 evangelium
1063 1822 1100 1850 et
1139 1813 1307 1850 historia
1345 1815 1578 1852 Mariarum.

265 1869 449 1905 Secunda
481 1869 544 1905 via
567 1882 718 1917 ponens
743 1879 899 1907 tantum
930 1872 1028 1908 duas
1051 1871 1212 1918 Marias,
1236 1872 1387 1909 scilicet
1410 1873 1580 1910 Mariam

264 1927 500 1973 Magdalene
535 1936 571 1964 et
603 1928 773 1965 Mariam
815 1938 985 1966 matrem
1018 1929 1156 1966 Jacobi
1196 1930 1360 1967 maioris
1399 1944 1475 1979 que
1508 1932 1580 1968 fuit

263 1996 361 2020 uxor
395 1985 565 2022 Zebedei
602 1985 754 2023 venisse
786 2000 892 2024 nunc
924 1989 974 2024 ad
1007 1988 1235 2036 sepulcrum
1271 1988 1447 2035 Domini,
1489 2002 1579 2026 cum

263 2042 464 2079 Mattheus
502 2044 631 2080 solum
671 2046 769 2082 duas
792 2045 940 2082 Marias
973 2056 1267 2083 commemorat
1299 2056 1336 2083 et
1370 2049 1496 2084 Lucas
1535 2061 1580 2084 ac

206 2103 248 2135 30
262 2101 462 2137 Johannes
496 2113 818 2140 commemorant
850 2104 981 2140 solum
1005 2117 1139 2150 unam,
1170 2104 1262 2141 licet
1286 2107 1413 2142 Lucas
1446 2106 1580 2154 plures

265 2158 451 2195 mulieres
503 2170 807 2208 commemoret,
859 2162 915 2199 sic
965 2171 1002 2199 et
1051 2162 1169 2199 isthic
1219 2163 1415 2200 construit
1458 2163 1578 2200 istum

262 2226 431 2253 textum:
482 2219 610 2255 Maria
662 2228 789 2256 mater
837 2220 976 2257 Jacobi
1027 2230 1064 2257 et
1115 2221 1196 2258 filia
1247 2222 1432 2258 Salomee
1488 2235 1578 2259 cum

262 2276 497 2323 Magdalene
536 2277 632 2313 emit
670 2287 873 2324 aromata3
915 2278 1035 2315 michi
1075 2288 1209 2316 autem
1253 2279 1410 2316 videtur
1448 2289 1578 2316 tutum

261 2341 474 2382 utramque
514 2334 679 2371 istarum
715 2337 1009 2373 sentenciarum
1051 2350 1277 2386 supponere
1312 2338 1411 2375 citra
1444 2339 1576 2385 fidem,

204 2393 245 2426 35
261 2400 298 2426 et
331 2391 386 2427 sic
419 2392 622 2440 quiescere
655 2393 695 2429 in
728 2394 802 2431 hiis
835 2395 965 2432 verbis
998 2397 1218 2432 secundum
1252 2409 1411 2433 sensum
1440 2410 1577 2445 quem-

261 2461 417 2498 cunque
451 2450 622 2498 Spiritus
662 2454 831 2489 Sanctus
882 2453 1133 2501 flagitaverit,
1179 2454 1307 2491 Maria
1350 2455 1488 2491 Jacobi
1540 2464 1578 2491 et

260 2507 444 2544 Salomee
468 2508 523 2545 sic
546 2521 586 2546 se
609 2510 835 2547 habuerunt
858 2511 938 2548 sive
962 2513 1037 2549 due
1061 2511 1186 2549 Marie
1209 2512 1356 2549 fuerint
1380 2513 1460 2550 sive
1484 2526 1575 2550 una.

328 2629 353 2657 3.
375 2631 419 2658 A:
440 2630 541 2658 anime
561 2631 608 2666 in3
636 2632 676 2659 ib.
698 2633 742 2660 A:
764 2634 997 2668 conformitate;
1019 2635 1057 2662 B:
1079 2636 1217 2663 consorte
1239 2635 1413 2664 virtutibus.
1479 2646 1508 2670 4.
1531 2637 1574 2664 A:

259 2665 340 2692 hune
360 2665 546 2700 spirituales.
627 2666 654 2694 S.
675 2668 719 2695 A:
741 2668 856 2703 albior3
877 2669 917 2696 B:
940 2670 1053 2697 albore.
1134 2678 1172 2698 12.
1193 2670 1238 2698 A:
1259 2670 1324 2698 eius
1345 2676 1418 2704 ωας
1446 2671 1485 2698 ib.
1508 2672 1574 2698 BC:

259 2699 457 2735 significatur.
495 2735 500 2739 .
561 2700 598 2728 13.
620 2703 665 2729 A:
686 2707 731 2729 est
752 2711 932 2741 perversus:
960 2704 1000 2732 ib.
1022 2705 1066 2732 A:
1087 2710 1160 2732 erat.
1265 2714 1306 2740 14.
1327 2706 1371 2733 A:
1394 2706 1445 2733 sed
1467 2706 1574 2733 eciam.

260 2734 341 2762 18——3
365 2756 371 2761 .
392 2736 436 2762 A:
467 2735 556 2762 Circa
583 2736 663 2763 hunc
682 2753 715 2756 —
736 2746 799 2765 slve
828 2746 887 2765 una
913 2739 1008 2767 deest.
1118 2740 1158 2768 18.
1181 2740 1202 2767 B
1230 2740 1258 2767 in
1288 2749 1401 2776 marg:
1433 2741 1573 2775 Questio.

258 2768 301 2796 25.
358 2779 363 2796 ;
386 2770 557 2797 historiam.
685 2780 729 2807 27.
752 2772 791 2800 C:
813 2773 1037 2808 Magdalenam.
1165 2774 1211 2802 30.
1235 2775 1273 2802 ss:
1294 2780 1517 2802 commemoret
1536 2780 1574 2802 et.

256 2802 296 2831 31.
318 2804 435 2832 Codd.:
462 2804 519 2832 ista
547 2805 599 2832 sic.
628 2806 770 2834 Cori-exi.
877 2807 920 2836 33.
941 2809 981 2835 B:
1001 2809 1200 2844 Magdalena;
1228 2810 1268 2837 ib.
1297 2811 1337 2837 C:
1359 2814 1457 2837 tutum
1479 2810 1573 2837 deest.

257 2837 301 2874 37.
323 2837 364 2866 C:
386 2839 542 2874 habuerim
564 2840 604 2867 ib.
626 2840 666 2868 C:
687 2841 820 2869 fuerunt.

332 2944 382 2966 12.
411 2934 431 2966 l.
459 2945 486 2966 c.
516 2937 655 2968 mutatis
682 2935 808 2968 verbis.

1802 310 1873 346 103

1621 545 1702 573 Such
1725 546 1864 573 virtuous

1605 581 1688 607 souis
1700 590 1748 608 see
1760 582 1874 616 angels.

1634 1417 1782 1445 Needless
1803 1422 1833 1445 to

1601 1451 1707 1479 decide
1738 1453 1875 1480 whether

1600 1487 1682 1514 there
1697 1495 1776 1514 were
1791 1491 1874 1515 three

1599 1521 1711 1549 Maries
1739 1531 1774 1550 or
1799 1527 1871 1549 two.
