2017 3353
193 270 268 306 306
770 274 993 307 Jorifxnnis
1013 273 1196 304 wrcmr
1217 272 1469 303 sennonun
1512 256 1662 315 [SERMO
1684 267 1792 295 XLVI.

198 390 330 418 matthe
352 389 455 417 sinner
477 381 660 418 subditur
701 380 778 417 alia
819 392 938 416 causa
972 381 1133 428 duplex:
1175 377 1304 426 prima
1337 386 1379 413 ut
1413 377 1614 413 confessus
1649 377 1791 413 habeat

245 425 410 495 ”fiiimlssssif
478 440 692 477 discretum
732 437 951 475 sacerdotis
992 436 1202 475 consilium
1244 436 1493 484 precavendo
1531 444 1696 483 peccata
1736 435 1793 470 ul-

477 498 600 535 terius
638 498 784 542 futura‚
825 497 999 532 secunda
1038 504 1080 532 ut
1124 494 1333 543 supposito
1381 495 1489 542 quod
1530 495 1634 529 Deus
1680 492 1793 540 quid-

478 569 599 606 quam
633 554 808 592 muneris
842 554 881 590 in
904 555 1111 590 sacerdote
1136 552 1388 598 concesserit,
1415 551 1584 588 dicendo
1612 550 1795 599 quidquid

479 615 697 666 ligaveritis
730 614 789 649 vel
819 612 1013 649 solveritis
1044 625 1160 661 super
1192 619 1354 656 terram,
1387 610 1735 659 correspondent-‘37⁴
1756 613 1827 644 se5

478 674 627 709 habebit
665 673 699 708 in
738 672 828 707 celis
871 679 1059 719 peccator
1093 669 1292 707 sacerdoti
1325 668 1398 705 rite
1432 668 1626 704 confitens
1659 666 1796 702 remis—

226 740 284 767 and
305 740 367 767 that
388 739 435 767 his
478 732 632 769 sionem
680 731 899 767 secundum
951 737 1191 776 potestatem
1230 727 1339 763 illam
1393 725 1599 775 percipiet,
1654 733 1690 761 et
1741 724 1797 761 sic

203 776 449 838 0¹¹1ss¹g²¹ssfffffrg¹gf¹y
479 791 665 827 sacerdos
700 786 983 825 contestificari
1017 795 1148 834 potest
1180 785 1331 834 populo
1365 785 1571 833 quomodo
1604 783 1797 820 confitens

480 850 528 885 ab
563 846 727 884 infamia
761 855 797 882 et
831 844 996 882 crimine
1020 846 1067 880 de
1094 843 1275 892 possibili
1298 842 1488 891 imposito
1513 851 1570 878 est
1592 840 1796 877 immunis.

481 906 559 943 Illis
598 914 730 942 autem
771 904 839 952 qui
877 903 1006 939 sciunt
1048 903 1216 938 fundare
1259 900 1535 937 necessitatem
1581 898 1856 936 confitendi10

482 963 758 1001 sacerdotibus
798 964 855 1009 (ut
897 961 939 997 fit
978 959 1112 1008 hodie)
1154 959 1337 1007 relinquo
1378 971 1420 995 ex
1453 971 1566 995 sacra
1599 958 1795 1005 scriptura

211 1031 267 1070 *No
289 1030 443 1066 authority
483 1024 557 1059 hoc
591 1022 825 1058 mandatum
850 1018 1012 1056 Domini
1046 1017 1323 1066 explicandum
1357 1030 1480 1052 unum
1515 1017 1679 1052 credens
1706 1028 1798 1063 pro-

202 1066 460 1136 ¹‘'¹}',‡Jl¹c⁶n{ge(⁸,}¹¹¹
482 1080 612 1117 babile
646 1080 753 1128 quod
788 1090 831 1114 ex
863 1077 939 1114 isto
973 1075 1176 1123 evangelio
1209 1076 1406 1111 subducto
1429 1074 1642 1123 supercilio
1665 1072 1799 1121 phari-

236 1136 422 1162 ⁰⁰¹¹f⁶³⁵50¹¹·
482 1139 590 1175 saico
634 1150 716 1174 non
756 1145 812 1173 est
851 1134 1055 1172 evidencia
1095 1135 1202 1182 quod
1248 1141 1304 1169 est
1349 1133 1463 1169 aliter
1510 1132 1798 1176 confitendum,

483 1197 615 1245 primo
649 1195 742 1244 quia
774 1195 1002 1231 sacerdotes
1035 1192 1178 1240 quibus
1212 1191 1392 1228 Christus
1426 1191 1591 1227 mandat
1620 1190 1800 1237 leprosos
1821 1193 1855 1225 15

484 1268 523 1291 se
547 1255 757 1291 ostendere
781 1253 940 1289 fuerunt
962 1251 1190 1287 sacerdotes
1213 1249 1308 1297 legis
1330 1248 1486 1294 veteris,
1512 1261 1600 1284 cum
1621 1246 1801 1284 Christus

485 1322 521 1349 et
560 1312 618 1349 sui
658 1310 830 1360 apostoli
869 1311 1027 1346 fuerunt
1072 1317 1166 1344 tunc
1211 1308 1438 1344 sacerdotes
1482 1306 1577 1354 legis
1620 1317 1720 1342 nove
1765 1312 1802 1340 et

485 1372 614 1407 solum
648 1368 923 1406 sacerdotibus
956 1367 1052 1416 legis
1084 1365 1227 1403 veteris
1261 1365 1395 1402 debuit
1429 1377 1512 1401 esse
1545 1365 1595 1401 ad
1627 1363 1800 1400 litteram

485 1428 660 1465 ostensio
693 1428 957 1475 leprosorum.
993 1425 1178 1461 Secundo
1211 1423 1304 1472 quia
1337 1422 1478 1471 legalia
1510 1421 1653 1459 veteris
1685 1429 1803 1457 testa—

486 1486 609 1523 menti
642 1499 722 1523 non
755 1494 846 1521 sunt
871 1485 1067 1520 trahenda
1090 1482 1129 1518 in
1160 1480 1494 1530 consequenciam
1518 1489 1560 1516 ut
1583 1480 1802 1516 secundum
1818 1492 1860 1514 20

486 1545 552 1581 illa
586 1544 641 1581 sic
674 1544 713 1579 in
746 1544 829 1591 lege
862 1555 964 1579 nova
996 1541 1045 1577 sit
1078 1540 1117 1576 in
1150 1549 1235 1576 toto
1267 1538 1527 1576 conformiter
1560 1537 1801 1574 faciendum.

486 1605 533 1638 Et
556 1601 681 1638 tercio
704 1601 797 1650 quia
818 1599 966 1648 leprosi
990 1611 1071 1636 non
1098 1598 1365 1646 impleverunt
1396 1597 1630 1633 mandatum
1656 1593 1803 1632 Christi

486 1662 671 1697 adeundo
704 1660 793 1695 illos
816 1659 1056 1703 sacerdotes,
1082 1669 1172 1693 cum
1189 1655 1370 1692 Christus
1394 1668 1439 1692 ac
1462 1654 1492 1690 si
1511 1654 1627 1690 vellet
1651 1665 1804 1689 cessare

487 1718 554 1755 illa
591 1718 733 1766 legalia
772 1715 979 1753 mundavit
1018 1727 1085 1751 eos
1124 1715 1219 1750 dum
1265 1713 1386 1755 irent;
1427 1713 1516 1749 ideo
1556 1711 1802 1760 superfluum

487 1777 588 1813 foret
621 1776 676 1812 sic
709 1776 923 1811 mundatos
956 1773 1101 1810 talibus
1134 1771 1409 1809 sacerdotibus
1442 1770 1497 1807 sic
1520 1782 1559 1806 se
1582 1770 1860 1806 ostendere.25

488 1836 580 1870 Ideo
628 1833 802 1870 creditur
850 1833 956 1880 quod
1008 1843 1149 1868 novem
1203 1829 1384 1866 mundati
1432 1830 1574 1865 domos
1621 1826 1805 1876 proprias

488 1891 707 1940 pecierunty
742 1900 778 1928 et
802 1889 1078 1927 Samaritanus
1110 1901 1311 1936 regressus
1343 1887 1587 1935 regraciatus
1620 1894 1677 1922 est
1705 1884 1805 1921 fonti

489 1949 762 1986 misericordie
801 1961 823 1985 a
861 1961 940 1996 quo
979 1955 1192 1995 propterea
1232 1955 1288 1983 est
1327 1946 1523 1982 laudatus.
1569 1946 1670 1980 Nam
1711 1944 1805 1979 dare

489 2008 658 2056 gloriam
692 2010 775 2044 Deo
821 2016 858 2043 et
897 2007 1042 2042 habere
1082 2005 1200 2041 fidem
1241 2003 1402 2051 dignam
1441 2003 1568 2039 salute
1606 2009 1721 2038 sonat
1766 1999 1805 2036 in

489 2067 648 2102 laudem
683 2074 720 2102 et
752 2063 1033 2101 rectitudinem
1067 2062 1199 2111 operis
1223 2061 1454 2109 alienigene.
1489 2059 1669 2097 Christus
1699 2057 1803 2095 enim
1821 2061 1863 2094 30

490 2123 750 2173 precipiendo
789 2121 1057 2159 ostensionem
1098 2119 1373 2157 sacerdotibus
1412 2116 1679 2154 subintellexit
1713 2129 1805 2152 con-

491 2181 690 2218 dicionem
739 2180 850 2217 cuius
898 2179 1175 2227 dirupcionem
1224 2177 1396 2223 edocuit,
1450 2176 1611 2224 quando
1659 2174 1697 2210 in
1743 2173 1804 2210 via

491 2239 649 2276 interim
683 2248 773 2275 sunt
806 2237 947 2275 sanati.
982 2236 1046 2273 Sic
1080 2236 1184 2273 enim
1219 2234 1421 2271 mandavit
1454 2234 1605 2281 populo
1629 2232 1668 2268 in
1692 2244 1805 2268 evan-

491 2297 594 2345 gelio
626 2296 751 2333 Marci
782 2298 885 2341 V110‚
924 2296 972 2331 36
1007 2308 1051 2331 ne
1083 2295 1145 2330 cui
1175 2294 1343 2329 dicerent
1378 2293 1424 2327 de
1457 2292 1562 2328 facto
1596 2290 1804 2335 miraculo,

492 2354 826 2402 subintelligendo
871 2362 913 2389 ut
957 2353 1066 2400 prius
1112 2350 1332 2399 expositum
1373 2358 1442 2386 est.
1487 2352 1568 2385 Nec
1612 2356 1727 2384 sonat
1766 2347 1805 2383 in
1823 2348 1861 2381 35

493 2412 783 2449 confessionem
807 2411 1044 2448 hodiernam
1069 2410 1176 2458 quod
1202 2408 1471 2444 Samaritanus
1494 2419 1699 2457 regressus
1721 2418 1805 2441 cum

565 2533 585 2552 1.
600 2524 629 2551 A
648 2523 679 2551 in
700 2532 814 2559 marg:
838 2531 857 2550 1.
906 2530 931 2549 2.
948 2521 1014 2549 BC:
1037 2520 1231 2548 sacerdotnm
1253 2520 1439 2547 consultum.
1487 2528 1516 2552 4.
1532 2519 1575 2545 A:
1598 2525 1744 2545 numerus
1765 2515 1805 2543 in.

494 2568 520 2595 7.
543 2559 582 2586 C:
603 2558 687 2586 illam
709 2558 886 2597 participet:
907 2557 947 2584 ib.
964 2557 990 2583 A
1012 2556 1041 2582 in
1064 2563 1177 2590 marg..-
1200 2554 1243 2581 De
1264 2554 1468 2581 confessione.
1535 2553 1561 2579 S.
1577 2553 1619 2580 A:
1642 2550 1806 2580 testificari.

496 2603 537 2621 io.
553 2595 597 2621 A:
619 2593 672 2621 illi.
724 2601 761 2620 12.
779 2593 801 2619 B
822 2601 851 2619 111
874 2599 969 2626 marg.
992 2591 1038 2623 (al.
1061 2592 1168 2618 mand:
1192 2589 1272 2616 Cave
1293 2589 1349 2616 ista
1370 2596 1466 2623 nsque
1487 2587 1522 2614 ad
1545 2588 1652 2621 finem;
1674 2586 1714 2614 ib.
1731 2585 1807 2612 Mira

496 2637 542 2656 res
564 2628 645 2664 quod
667 2627 697 2654 in
719 2636 779 2655 uno
800 2632 827 2654 ct
847 2626 954 2654 eodem
977 2633 1117 2652 sermone
1138 2624 1274 2658 loquitur
1294 2623 1351 2650 sibi
1373 2622 1523 2650 contrarie
1546 2622 1581 2648 de
1602 2620 1807 2648 confessione.

495 2663 565 2690 Non
581 2663 661 2690 enim
678 2662 865 2701 principium
889 2659 1109 2694 correspondet
1126 2658 1174 2685 lini
1198 2658 1247 2685 scd
1267 2662 1430 2696 repugnat:
1453 2656 1638 2691 principium
1656 2656 1807 2690 pulcrum.

495 2698 564 2725 finis
580 2705 759 2733 perversus3
775 2697 815 2724 ib.
830 2695 967 2730 Intellige
983 2694 1064 2730 qnod
1081 2693 1110 2720 in
1127 2692 1280 2728 principio
1296 2692 1368 2719 dicit
1383 2692 1425 2719 ire
1441 2691 1477 2718 acl
1494 2691 1684 2717 sacerdotem
1702 2689 1808 2716 volun-

495 2732 571 2759 tarie
596 2731 648 2759 sed
676 2740 736 2758 non
764 2740 799 2758 cx
819 2729 1032 2758 sacramentali
1053 2727 1260 2763 obligacionc:
1291 2727 1372 2762 quod
1395 2727 1505 2754 falsum
1528 2730 1582 2755 est.
1604 2725 1633 2752 in
1655 2722 1807 2762 principio

496 2766 665 2794 secundum
682 2766 875 2793 decretorum
892 2764 1077 2792 sentenciam
1093 2762 1122 2789 in
1135 2763 1191 2789 sinc
1204 2762 1373 2788 secundum
1387 2760 1556 2821 propriam.
1596 2768 1637 2793 14.
1650 2760 1694 2786 A:
1710 2758 1808 2784 tallter

496 2801 720 2831 confitendum:
748 2800 788 2827 ib.
812 2800 832 2827 B
854 2800 883 2827 in
905 2806 1017 2826 marm:
1047 2797 1182 2832 figuralia
1203 2804 1263 2823 non
1285 2804 1407 2830 semper
1427 2804 1444 2821 o
1469 2795 1563 2832 ligant
1582 2794 1612 2821 in
1634 2795 1696 2828 lege
1718 2800 1806 2819 nova.

498 2835 539 2863 16.
555 2835 624 2863 BC:
646 2835 768 2862 fuerint.
819 2834 928 2861 16—18.
944 2818 1010 2861 135:
1032 2840 1101 2859 cum
1119 2831 1260 2858 Christus
1274 2830 1395 2865 —legis
1410 2834 1520 2856 veteris
1535 2828 1629 2855 deest.
1678 2836 1718 2863 19.
1734 2828 1762 2853 A
1777 2826 1805 2852 in

497 2878 611 2905 marg:
633 2877 658 2897 2.
720 2877 759 2896 21.
775 2870 819 2896 A:
842 2869 873 2896 fit
892 2868 933 2896 in.
989 2875 1033 2895 22.
1049 2867 1077 2893 A
1092 2866 1121 2893 in
1138 2874 1253 2900 marg:
1274 2864 1299 2892 3.
1357 2872 1404 2899 24.
1420 2865 1464 2891 A:
1486 2864 1493 2890 i
1521 2871 1553 2890 sa
1568 2862 1690 2898 legalia:
1711 2861 1751 2888 ib.
1767 2861 1806 2887 B:

498 2904 666 2931 mundavit.
718 2912 764 2939 29.
781 2905 824 2931 A:
847 2903 942 2930 salute
957 2902 1062 2929 sociat.
1110 2900 1156 2928 30.
1172 2901 1215 2927 A:
1232 2898 1442 2935 alienigenem.
1508 2907 1536 2931 4.
1552 2898 1590 2924 B:
1607 2905 1643 2924 ne
1658 2896 1731 2923 dum
1749 2895 1805 2922 cui.
