2017 3353
243 283 378 312 sermo
399 272 450 330 n]
753 285 891 317 pRtMA
919 285 1044 316 PARS.
1772 285 1845 322 333

300 392 353 427 Ex
386 390 462 427 isto
496 391 700 438 evangelio
731 391 937 428 dubitatur
960 392 1068 440 apud
1101 390 1353 427 scolasticos:
1389 392 1431 427 Si
1461 392 1561 441 lapsi

237 457 399 499 possunt
437 450 597 499 implere
630 449 801 498 primum
840 449 1064 486 mandatum
1103 449 1163 485 hic
1201 449 1236 484 in
1278 449 1349 484 via.
1392 451 1439 485 Et
1473 462 1559 485 cur·
1657 487 1680 514 l>

243 516 334 543 runt
387 516 624 555 argumenta
678 506 768 544 hinc
821 507 931 543 inde:
985 509 1086 544 Cum
1139 506 1243 543 enim
1296 507 1559 554 precellencia
1594 488 1827 552 Issali'giibtn'ian

243 565 475 602 dileccionis
495 565 565 602 Dei
590 574 626 601 et
650 564 722 601 iste
755 565 948 602 terminus
982 573 1083 602 totus
1115 578 1194 601 non
1227 574 1395 613 possunt
1428 565 1559 602 notari
1603 558 1822 628 {iiiiiiiliiigffiis

209 627 225 659 5
242 623 501 672 pertinenter,
524 622 599 659 nisi
623 632 665 658 ut
690 624 812 659 homo
837 625 954 660 debet
978 626 1105 660 Deum
1141 622 1305 670 diligere
1338 625 1558 659 secundum
1584 628 1849 656 commandment.

241 681 428 718 ultimum
463 681 578 717 huius
610 680 778 729 triplicis
811 681 1026 728 sentencie,
1060 680 1217 717 videtur
1250 683 1359 729 quod
1393 694 1438 718 eo
1472 681 1559 730 ipso

242 753 321 788 quo
375 741 497 776 homo
550 738 716 775 dimittit
767 741 895 776 Deum
951 739 1115 788 diligere
1174 741 1394 776 secundum
1455 741 1559 776 hunc

242 799 425 846 gradum,
471 806 611 846 peccat
655 797 695 833 in
739 796 815 834 isto
862 799 1053 834 mandato
1094 797 1282 834 maximo.
1323 799 1424 834 Cum
1465 810 1559 846 ergo

243 855 491 904 impossibile
536 855 585 892 sit
627 854 802 892 viantem
847 857 897 892 ad
942 855 1061 892 istum
1107 857 1275 904 gradum
1328 855 1559 893 dileccionis

187 927 226 949 10
242 913 451 962 attingere,
484 913 641 950 videtur
674 915 782 962 quod
815 913 1063 962 impossibile
1096 923 1153 950 est
1185 913 1317 962 ipsum
1351 913 1415 951 hic
1449 927 1559 951 man-

242 973 380 1009 datum
419 972 525 1008 istud
564 971 745 1020 implere.
786 974 828 1008 In
865 972 1097 1021 oppositum
1137 971 1294 1009 videtur
1332 974 1439 1021 quod
1479 985 1559 1009 non

240 1029 291 1066 sit
329 1029 521 1079 sapientis
560 1029 632 1066 Dei
672 1031 766 1066 dare
805 1029 911 1066 istud
957 1032 1192 1068 mandatum
1233 1030 1355 1079 lapsis
1401 1039 1438 1067 et
1476 1040 1558 1068 tam

241 1089 382 1125 crebro
416 1088 498 1125 eius
531 1087 835 1125 observanciam
858 1088 1065 1138 precipere
1098 1088 1172 1125 nisi
1204 1087 1336 1137 ipsum
1370 1088 1560 1137 possibile

240 1146 290 1183 sit
333 1146 513 1195 implere.
558 1149 686 1183 Nemo
725 1146 830 1182 enim
870 1148 1089 1195 prudenter
1126 1146 1297 1195 precipit
1335 1159 1449 1184 servo
1487 1160 1559 1184 suo

185 1207 224 1240 15
241 1204 461 1254 quidquam
501 1204 632 1241 facere
672 1205 780 1253 quod
812 1204 886 1241 scit
919 1205 1050 1253 ipsum
1084 1218 1164 1242 non
1196 1217 1313 1254 posse
1352 1205 1557 1253 perficere,

241 1271 278 1300 et
310 1271 498 1311 gravatur
536 1261 612 1299 ista
645 1262 848 1300 sentencia
887 1264 995 1312 quod
1029 1263 1240 1300 deficiente
1280 1263 1558 1312 complecione

241 1320 357 1358 huius
381 1320 561 1358 mandati
586 1320 810 1369 complecio
835 1321 1108 1370 cuiuscunque
1142 1321 1323 1358 mandati
1357 1321 1557 1368 deficeret,

241 1378 335 1428 quia
367 1381 586 1416 secundum
620 1380 781 1415 beatum
810 1381 1004 1416 Jacobum
1035 1385 1145 1428 cap.‘’
1171 1382 1260 1416 1110:
1298 1380 1375 1424 Qui
1405 1381 1561 1430 offendit

242 1437 277 1473 in
311 1450 384 1474 uno
411 1438 550 1487 factus
588 1444 643 1474 est
673 1437 841 1473 omnium
876 1451 976 1474 reus.
1017 1440 1065 1474 Et
1098 1451 1189 1475 cum
1229 1437 1477 1486 impossibile
1511 1439 1560 1475 sit

183 1507 226 1529 20
242 1495 532 1532 beatitudinem
557 1494 701 1532 mereri
723 1496 784 1532 vel
817 1508 900 1533 esse
932 1495 973 1532 in
995 1495 1130 1544 gracia
1163 1495 1247 1533 sine
1274 1498 1559 1533 mandatorum

241 1553 514 1600 observancia,
552 1553 710 1591 videtur
749 1555 857 1602 quod
896 1554 1063 1603 quilibet
1095 1555 1230 1603 lapsus
1263 1554 1312 1591 sit
1350 1555 1559 1603 prescitus.

242 1611 423 1649 Christus
453 1612 559 1649 enim
590 1611 687 1649 dicit
717 1612 877 1648 cuidam
907 1612 947 1648 in
971 1626 1143 1660 persona
1167 1612 1379 1650 cuiuslibet
1403 1613 1558 1650 christi-

240 1670 323 1707 ani:
358 1671 401 1706 Si
432 1671 487 1707 vis
518 1671 570 1706 ad
602 1671 718 1706 vitam
751 1671 909 1721 ingredi
937 1683 1051 1707 serva
1085 1672 1281 1708 mandata.

299 1731 341 1764 In
380 1728 457 1765 isto
501 1728 623 1765 dubio
662 1727 820 1765 videtur
853 1728 950 1764 mihi
989 1730 1207 1765 tenendum
1247 1728 1410 1766 indubie
1451 1731 1559 1778 quod
1639 1734 1784 1760 Answer.

185 1787 223 1819 25
240 1786 501 1824 observancia
546 1786 662 1823 huius
710 1786 889 1823 mandati
934 1786 983 1823 sit
1026 1787 1140 1836 lapso
1191 1786 1412 1836 possibilis;
1467 1800 1560 1824 con·
1596 1791 1655 1831 We
1676 1800 1731 1819 can
1751 1792 1825 1819 fulfil

242 1844 397 1881 ceditur
428 1854 563 1881 tamen
596 1846 704 1893 quod
728 1845 768 1880 in
794 1844 876 1881 eius
899 1845 1161 1882 observancia
1184 1844 1303 1882 nimis
1336 1845 1558 1892 deficimus,
1610 1827 1813 1898 jffibssissssffil}

242 1902 337 1952 quia
375 1902 563 1940 continue
602 1904 697 1939 dum
736 1902 945 1940 venialiter
978 1916 1205 1952 peccamus,
1246 1912 1283 1940 et
1317 1905 1412 1940 dum
1446 1904 1560 1953 quid-

244 1974 364 2010 quam
410 1960 612 2009 diligimus
658 1974 738 1997 non
789 1960 829 1997 in
881 1961 1021 1998 ordine
1067 1963 1116 1999 ad
1163 1961 1427 1999 dileccionem
1473 1962 1559 2008 Dei,

244 2032 458 2068 peccamus
503 2019 673 2068 gravius.
720 2022 768 2055 Et
812 2028 921 2068 patet
969 2020 1123 2057 solucio
1176 2022 1226 2057 ad
1276 2029 1558 2069 argumentum

186 2078 228 2111 30
245 2077 506 2115 contrarium.
547 2077 793 2114 Conceditur
827 2077 931 2114 enim
972 2080 1079 2127 quod
1119 2091 1333 2127 peccamus
1373 2078 1561 2116 continue

155 2126 338 2189 F—Olgdum
393 2135 571 2185 aliquam
616 2145 772 2184 partem
820 2136 952 2173 cordis
992 2131 997 2190 Ι
1037 2136 1162 2174 nostri
1215 2138 1265 2174 ad
1312 2136 1559 2186 diligendum

151 2181 213 2215 ¹s9
243 2193 462 2231 Dominum
508 2193 781 2242 dispartimur,
833 2203 869 2231 et
920 2193 975 2231 sic
1020 2196 1136 2232 debet
1181 2194 1291 2243 diligi
1341 2197 1560 2232 secundum

242 2252 430 2289 ultimum
464 2252 649 2301 potencie
682 2261 817 2289 nostre
850 2253 973 2301 lapse,
1009 2254 1076 2290 sed
1117 2265 1206 2290 cum
1247 2253 1334 2301 ipsa
1373 2254 1561 2302 potencia

244 2310 476 2347 debilitatur
514 2323 587 2347 nec
626 2310 848 2347 sufficimus
887 2320 1045 2348 tantum
1086 2314 1213 2348 Deum
1256 2311 1420 2360 diligere
1459 2312 1561 2349 sicut

186 2368 227 2402 35
244 2368 425 2405 Christus
455 2369 517 2405 vel
548 2368 667 2414 beati,
702 2370 752 2406 ad
786 2369 1105 2418 complecionem
1129 2369 1245 2406 huius
1275 2370 1456 2407 mandati
1486 2371 1561 2407 hoc

243 2439 325 2463 non
356 2426 586 2475 requiritur,
621 2426 723 2463 sicut
755 2436 868 2475 pater
892 2440 914 2464 a
937 2427 1020 2464 filio
1053 2441 1125 2464 suo
1159 2428 1309 2465 infante
1341 2429 1402 2465 vel
1434 2441 1560 2477 puero

242 2497 325 2521 non
365 2484 481 2533 exigit
519 2493 675 2522 tantum
715 2485 927 2522 servicium
966 2487 1027 2522 vel
1071 2499 1253 2523 amorem
1298 2486 1399 2523 sicut
1445 2486 1561 2534 exigit

243 2542 330 2591 ipso
370 2543 522 2580 adulto.
562 2543 610 2579 Et
649 2543 704 2579 sic
744 2543 782 2579 in
821 2556 1060 2593 quocunque
1099 2553 1205 2582 statu
1244 2545 1436 2581 fuerimus
1470 2553 1506 2580 et
1540 2557 1561 2581 a

244 2600 464 2638 dileccione
508 2600 642 2637 debita
685 2600 749 2638 isti
796 2602 917 2638 statui
956 2603 1207 2640 convenienti
1247 2602 1467 2648 deficimus,
1514 2604 1561 2639 de

315 2721 335 2739 1.
356 2713 385 2739 A
405 2712 434 2739 in
457 2719 569 2746 marg:
597 2711 734 2738 Primum
756 2711 904 2741 dubium:
936 2712 956 2739 Β
978 2712 1005 2739 in
1030 2721 1143 2747 marg:
1168 2712 1309 2748 Questio.
1435 2722 1464 2747 4.
1488 2713 1509 2739 Β
1531 2713 1558 2739 in

246 2755 359 2781 marg:
383 2747 475 2782 Quod
498 2754 575 2779 non3
604 2746 643 2773 ib.
665 2747 709 2773 A:
731 2750 840 2781 potest.
950 2746 975 2774 5.
997 2748 1041 2774 A:
1064 2748 1122 2774 nisi
1143 2748 1236 2782 quod.
1347 2755 1379 2774 11.
1401 2748 1445 2774 A:
1468 2747 1559 2775 illud:

245 2781 285 2808 ib.
306 2783 335 2809 A
356 2781 385 2808 in
408 2789 522 2819 marg:
544 2781 577 2807 In
598 2781 789 2816 oppositum.
871 2790 897 2808 12
931 2783 975 2809 A:
998 2782 1137 2817 lampsis.
1213 2782 1250 2809 15.
1271 2783 1315 2809 A:
1338 2791 1429 2817 posse
1450 2782 1558 2809 facere.

246 2816 288 2843 16.
311 2816 376 2843 BC:
406 2815 585 2843 defic1end0.
677 2816 716 2843 18.
737 2815 809 2843 AC:
837 2824 904 2851 cap.
925 2817 982 2844 ΙΙΙο
1005 2817 1099 2851 deest,
1123 2821 1200 2844 recte
1221 2817 1258 2852 ΙΙ,
1281 2825 1322 2844 10.
1412 2825 1460 2851 24.
1482 2818 1510 2844 A
1530 2817 1558 2844 in

246 2859 361 2890 marg:
382 2850 572 2886 Responsio;
593 2850 633 2877 ib.
651 2850 673 2877 B
693 2850 723 2877 in
745 2858 860 2886 marg:
882 2851 1017 2879 Solucio.
1058 2850 1176 2886 27-30.
1192 2852 1237 2879 A:
1260 2851 1333 2878 dum
1355 2851 1513 2879 venialiter
1527 2867 1560 2871 —-

245 2890 390 2913 contmue
410 2885 504 2913 deest.
596 2893 643 2924 29.
665 2885 687 2912 Β
707 2884 738 2912 in
760 2893 874 2921 marg:
902 2886 1028 2914 Solucio
1049 2891 1117 2913 ante
1131 2886 1157 2919 (Ι)
1179 2886 1370 2922 oppositum.
1456 2885 1498 2915 35.
1520 2887 1558 2914 A.

246 2925 274 2948 et
295 2920 383 2948 beati.
458 2919 504 2956 39.
526 2921 571 2948 A:
593 2919 688 2947 divini
709 2919 777 2954 isti;
804 2920 843 2947 ib.
867 2920 932 2948 BC:
955 2921 1147 2948 convenienti
1170 2921 1264 2948 deest.
