2017 3353
113 317 191 343 210
700 315 922 347 JOHANNIs
942 315 1127 347 Wthir
1147 316 1402 348 SERMONUM
1437 302 1588 359 [SERMO
1605 313 1712 340 XXXI-

397 422 622 466 audierunt;
666 430 702 458 et
740 421 805 457 ille
837 433 969 457 sermo
1002 434 1084 458 non
1117 430 1174 457 est
1206 421 1354 458 Christi
1387 423 1454 457 sed
1489 421 1713 469 unigenitus

399 479 471 515 Dei
502 479 640 527 patris.
660 479 840 515 Christus
873 479 978 515 enim
1001 492 1082 515 non
1106 488 1163 515 est
1187 481 1234 515 de
1257 478 1507 527 possessione
1532 479 1713 527 propria,

397 539 465 573 sed
498 546 611 585 pater
643 536 710 585 qui
741 536 847 572 misit
880 549 970 573 eum
1003 539 1222 573 secundum
1255 536 1547 573 humanitatem
1581 536 1711 585 ipsum

398 595 573 643 possidet
590 604 626 631 et
641 596 859 631 secundum
877 594 1065 631 deitatem
1086 596 1311 631 naturalem
1335 594 1461 630 filium
1483 594 1557 631 sibi
1579 596 1711 631 habet.

118 662 249 689 clu-isi's
269 661 373 688 words
454 655 535 689 Nec
574 662 631 689 est
668 652 743 689 ista
775 652 918 689 diffusa
952 652 1098 689 Christi
1132 653 1288 689 locucio
1321 652 1587 698 frustratoria,
1622 658 1745 690 cum5

108 701 381 766 12¹ff11¹1³2²¹t³2¹1¹2¹1¹1ss1¹12
397 710 446 746 sit
491 712 540 747 ad
585 710 810 747 doctrinam
856 710 1027 758 Spiritus
1065 711 1201 747 Sancti
1245 710 1312 759 qui
1361 719 1417 747 est
1464 710 1714 747 humanitate

131 767 165 793 “f
182 767 230 793 1¹¹0
251 767 357 802 Spirit.
397 768 545 805 Christi
589 768 773 805 subtilior
817 768 1067 816 preparacio,
1112 768 1213 805 sicut
1251 769 1291 805 in
1342 768 1482 805 ordine
1535 768 1713 805 discendi

397 836 556 875 oportet
594 826 826 875 premittere
864 826 1112 874 rudimenta;
1162 827 1252 863 ideo
1292 826 1387 863 dicit
1433 828 1566 875 quoad
1611 828 1713 863 hanc

397 884 642 921 doctrinam:
688 885 771 920 Hec
815 884 963 921 locutus
1004 897 1089 921 sum
1134 885 1238 921 vobis
1280 886 1385 934 apud
1432 897 1498 921 vos
1543 898 1711 921 manens.

397 944 510 979 Hanc
542 942 647 979 enim
682 941 908 979 doctrinam
947 943 1105 979 locutus
1143 951 1201 979 est
1238 951 1281 979 ut
1319 942 1464 979 ostium
1498 944 1559 979 vel
1592 942 1770 980 ostia-10

396 1000 489 1047 rius,
524 1002 620 1036 dum
653 1000 727 1036 fuit
759 999 952 1048 apostolis
983 1000 1064 1037 suis
1096 1001 1218 1037 frater
1251 1000 1474 1037 amicabilis
1507 1001 1712 1049 proximus

396 1067 433 1095 et
470 1058 612 1105 viator,
650 1060 719 1095 sed
751 1059 994 1105 consolator,
1033 1059 1201 1108 Spiritus
1234 1059 1410 1106 Sanctus,
1443 1071 1533 1096 cum
1568 1058 1617 1095 sit
1651 1071 1713 1095 me

395 1116 577 1164 superior
608 1116 852 1163 humanitus,
882 1117 946 1153 ille
969 1128 1035 1153 vos
1058 1117 1205 1153 docebit
1226 1117 1351 1153 omnia
1373 1118 1489 1165 longe
1515 1116 1712 1163 subtilius,

396 1174 506 1210 cuius
539 1174 720 1211 doctrine
751 1187 833 1211 non
856 1174 947 1210 estis
971 1175 1101 1211 adhuc
1125 1187 1304 1223 capaces,
1339 1187 1429 1211 cum
1458 1174 1607 1211 timetis
1630 1184 1712 1211 tam

395 1234 443 1269 de
476 1242 605 1269 morte
638 1245 726 1269 mea
759 1245 879 1281 quam
912 1241 1042 1269 vestra
1077 1234 1131 1279 (et
1164 1232 1255 1269 estis
1283 1234 1462 1269 carnales
1495 1245 1565 1281 per
1598 1239 1769 1281 argu-15

396 1300 529 1327 menta
558 1290 867 1327 resurreccionis
891 1300 928 1327 et
951 1290 1029 1327 alia
1052 1303 1122 1339 per
1145 1290 1375 1327 missionem
1392 1290 1563 1339 Spiritus
1579 1290 1714 1328 Sancti

394 1349 670 1397 preparatorie
702 1348 962 1397 instruendi);
1001 1358 1307 1397 verumptamen
1340 1348 1511 1397 Spiritus
1545 1351 1713 1386 Sanctus

396 1407 492 1443 mihi
546 1407 585 1443 in
630 1416 714 1443 toto
760 1420 959 1443 consonus
1003 1406 1223 1444 declarabit
1267 1406 1451 1443 subtilius
1496 1419 1713 1456 quecunque

394 1466 533 1501 dixero
572 1466 686 1501 vobis.
732 1468 833 1502 Nam
871 1464 912 1501 in
950 1464 1139 1501 missione
1171 1464 1307 1502 Sancti
1339 1464 1510 1513 Spiritus
1544 1474 1581 1501 et
1612 1478 1712 1501 sono

393 1523 498 1559 facto
532 1525 579 1559 de
612 1524 697 1559 celo
731 1536 849 1571 quem
883 1523 1046 1559 auribus
1068 1531 1332 1571 perceperunt
1356 1532 1394 1558 et
1416 1523 1561 1571 illapsu
1582 1522 1710 1559 tocius
1727 1540 1770 1563 20

392 1580 600 1617 Trinitatis
634 1583 809 1630 quadam
843 1580 1090 1629 proprietate
1122 1582 1290 1630 Spiritus
1323 1581 1486 1617 Sanctus
1528 1582 1710 1632 suggerit

393 1639 469 1675 illis
501 1639 626 1675 omnia
659 1652 735 1688 que
768 1638 898 1687 prima
930 1638 1089 1676 Christo
1123 1638 1345 1675 didicerant
1380 1638 1420 1675 in
1454 1640 1632 1685 confuso,
1673 1648 1710 1675 et

393 1698 753 1745 correspondentes
785 1697 886 1733 sicut
918 1696 1055 1733 sentiri
1088 1698 1204 1733 debet
1243 1699 1290 1733 de
1329 1698 1606 1745 apostolorum
1638 1709 1710 1733 no-

393 1754 487 1791 ticia
525 1755 580 1791 sic
619 1756 666 1791 de
705 1767 815 1803 pace.
861 1757 962 1791 Nam
996 1767 1138 1804 pacem⁷
1172 1768 1285 1791 suam
1320 1755 1428 1792 dedit
1461 1755 1641 1792 Christus
1674 1764 1711 1791 et

393 1813 553 1861 reliquit
591 1813 783 1861 apostolis
822 1814 891 1849 sed
928 1812 1030 1849 sicut
1062 1812 1288 1849 doctrinam
1321 1813 1376 1850 sic
1410 1822 1447 1849 et
1479 1826 1619 1861 pacem
1653 1825 1711 1849 se·
1727 1820 1767 1853 25

394 1873 569 1907 cundum
613 1872 781 1919 gradum
827 1870 1142 1919 disposicionum
1191 1871 1484 1919 imperfectum.
1538 1871 1711 1920 Reliquit

393 1938 526 1965 autem
566 1929 759 1977 apostolis
798 1941 939 1977 pacem
978 1929 1018 1965 in
1057 1930 1250 1977 exemplo,
1291 1931 1359 1966 sed
1392 1939 1482 1978 post
1514 1942 1713 1966 resurrec-

392 1986 548 2023 cionem
595 1987 704 2023 dedit
747 1999 887 2035 pacem
933 1986 1134 2023 efficacius
1173 1986 1213 2023 in
1250 1989 1384 2033 verbo,
1431 1989 1525 2023 dum
1571 1989 1711 2023 crebro

114 2053 215 2091 inibe
237 2053 366 2092 missipn
392 2044 487 2081 dixit
520 2054 610 2093 post
642 2044 982 2081 resurreccionem
1018 2046 1105 2081 Pax
1138 2046 1252 2081 vobis.
1288 2047 1365 2082 Sed
1388 2045 1512 2082 tercio
1546 2045 1586 2081 in
1618 2045 1711 2081 mis-

133 2088 351 2157 (ἔῃᾞζῒῖξζᾞῖ
391 2102 501 2139 sione
525 2102 696 2151 Spiritus
721 2103 856 2139 Sancti
880 2103 988 2139 dedit
1013 2102 1066 2139 eis
1095 2100 1099 2155 Ι
1128 2116 1269 2150 pacem
1299 2105 1517 2139 secundum
1541 2105 1709 2151 gradum
1727 2087 1810 2148 Ff'lg

142 2165 336 2191 peaccmore
391 2160 558 2196 tercium
599 2162 687 2208 plus
726 2161 959 2208 perfectum.
1006 2160 1116 2196 Sicut
1156 2161 1259 2197 enim
1294 2174 1369 2209 pax
1402 2170 1458 2197 est
1490 2163 1709 2197 secundum
1731 2137 1791 2167 ὠ)

123 2192 358 2253 purgat-gethan
390 2218 657 2266 Augustinum
696 2218 965 2267 tranquillitas
1009 2217 1160 2254 ordinis
1205 2232 1280 2267 que
1325 2228 1455 2267 potest
1500 2218 1710 2267 tripliciter

390 2276 548 2321 variari,
595 2278 689 2312 dum
736 2286 791 2312 est
836 2289 910 2325 pax
955 2275 1127 2312 hominis
1173 2278 1222 2312 ad
1262 2279 1402 2322 Deum,
1442 2276 1615 2313 hominis
1660 2278 1709 2313 ad

391 2333 616 2381 proximum
662 2343 698 2370 et
743 2334 916 2370 hominis
955 2336 1005 2370 ad
1044 2346 1084 2370 se
1123 2332 1267 2381 ipsum.
1314 2336 1361 2370 Et
1400 2343 1485 2371 tota
1523 2334 1598 2371 ista
1635 2347 1710 2383 pax

391 2391 572 2427 consistit
604 2391 643 2427 in
676 2391 935 2428 observancia
968 2393 1252 2428 mandatorum
1287 2405 1363 2440 que
1391 2392 1461 2428 fuit
1485 2392 1525 2428 in
1549 2392 1708 2429 Christo
1727 2398 1766 2431 35

391 2448 522 2497 primo
556 2450 860 2497 quodammodo
894 2449 1125 2486 humanitus
1159 2449 1406 2497 imperfecta,
1441 2451 1509 2486 sed
1532 2452 1708 2486 secundo

390 2516 480 2555 post
520 2506 861 2543 resurreccionem
901 2507 1092 2555 preterita
1131 2508 1306 2554 perfecta
1345 2510 1412 2544 sed
1452 2517 1541 2556 post
1573 2521 1708 2545 ascen-

460 2617 484 2646 3.
505 2620 550 2645 A:
572 2618 673 2654 ipsum
696 2618 788 2645 deest.
855 2629 884 2652 4.
907 2618 973 2645 BC:
995 2623 1021 2645 ct
1043 2619 1135 2645 deest.
1203 2619 1226 2647 5.
1248 2620 1291 2646 A:
1313 2620 1474 2650 frustrata:
1503 2619 1541 2646 B:
1563 2619 1707 2646 frustrata

390 2657 462 2680 tota.
526 2662 550 2688 7.
572 2655 615 2680 A:
638 2652 865 2691 preparatoria:
887 2653 926 2680 ib.
948 2654 991 2680 A:
1014 2653 1150 2681 discendi
1174 2655 1266 2681 dcc-st.
1341 2654 1366 2680 δ’.
1388 2655 1432 2681 A:
1454 2654 1536 2689 quod
1558 2653 1594 2680 ad
1617 2654 1703 2680 hanc.

392 2696 432 2716 10.
451 2696 482 2714 11.
499 2688 542 2714 A:
565 2688 742 2714 hostiarius.
819 2687 858 2714 16.
880 2688 923 2714 A:
945 2688 1003 2714 alia
1024 2693 1101 2714 ante.
1176 2697 1218 2720 Π).
1242 2690 1284 2715 A:
1307 2688 1409 2715 Sancti
1432 2688 1532 2717 deest:
1557 2688 1596 2714 ib.
1612 2689 1656 2715 A:
1679 2692 1705 2714 ct

391 2731 446 2749 suo
467 2722 513 2749 dc.
582 2730 624 2749 22.
647 2721 687 2749 C:
709 2722 845 2749 confuse.
917 2722 959 2749 23.
981 2724 1024 2749 A:
1046 2722 1270 2761 consequenter
1291 2723 1377 2750 sicut.
1445 2724 1492 2750 20.
1515 2722 1580 2749 BC:
1602 2723 1706 2757 dispo-

391 2757 494 2783 situm.
567 2756 610 2784 32.
633 2757 654 2783 Β
675 2757 703 2783 in
727 2765 840 2791 marg:
862 2757 922 2783 Pax
943 2762 987 2784 est
1007 2758 1211 2792 tranquillitas
1230 2757 1349 2784 ordinis
1371 2758 1538 2784 seeundum
1559 2757 1706 2792 Augusti-

391 2800 474 2818 num.
498 2791 666 2826 Quomodo
709 2800 792 2818 acem
814 2791 957 2818 Christus
979 2792 1099 2826 reliquit
1120 2792 1260 2819 similiter
1280 2797 1307 2818 et
1327 2792 1510 2819 doctrinam.
1574 2791 1615 2818 33.
1632 2792 1702 2818 Ain

391 2834 503 2860 marg:
538 2826 597 2852 l'ax
629 2825 688 2860 trip
704 2826 788 2852 iciter
820 2826 984 2860 accipitur:
1018 2826 1056 2853 ib.
1080 2827 1101 2853 Β
1134 2827 1163 2854 in
1198 2835 1311 2861 marga
1335 2826 1417 2860 Quid
1444 2835 1502 2861 pax
1535 2827 1702 2853 secundum

390 2860 610 2894 Augustinum.
683 2859 731 2888 36.
753 2859 796 2894 [³7.
818 2861 861 2887 A:
885 2861 1018 2887 secundo
1041 2866 1131 2894 patet.

464 2931 515 2963 32.
544 2932 728 2975 Augustini
757 2932 849 2975 Opp.
878 2939 964 2964 torn.
994 2933 1065 2971 Vll,
1095 2933 1170 2975 557.

2003 1243 2017 1276 Β(
2003 1194 2017 1235 ’Ἅ-
2005 1083 2017 1186 ean—nu
2004 906 2017 1077 nanuum-ann»
2014 872 2017 877 ,

2008 1648 2013 1653 π
2000 1346 2017 1630 e-o›m··m<ffl-N.u1
2006 1286 2017 1331 ’.ι-α

1985 3175 2017 3353 ww„
