2017 3353
200 925 266 952 The
293 930 353 952 two
382 934 473 959 peuce

236 969 286 987 arc
307 960 439 987 Christ's

211 1004 327 1029 power.
349 995 462 1021 human

241 1030 298 1057 aud
321 1030 433 1057 divine.

205 1625 320 1658 Amica!
342 1629 370 1651 lo
389 1625 424 1651 all
445 1630 473 1651 [υ

219 1660 320 1686 follow
343 1660 456 1687 Christ.

260 2204 327 2231 Tllk:
349 2209 408 2231 [wo

220 2247 350 2273 powers,
375 2239 451 2272 regal

206 2273 264 2300 aud
287 2273 466 2302 sacerdotal,

231 2316 281 2335 are
302 2312 354 2335 not
376 2315 444 2334 now

221 2343 324 2370 united
346 2343 375 2370 in
396 2351 454 2369 one

273 2385 396 2413 person.

788 290 1011 322 JOHANNIS
1031 290 1212 323 WYCLIF
1232 289 1486 321 SERMONUM
1534 274 1686 331 [SERMO
1708 285 1789 314 XLV

492 398 731 435 medicinam
773 397 1022 446 spiritualem
1061 396 1308 444 pungitivam
1349 403 1383 432 et
1428 396 1565 442 oleum,
1611 397 1685 432 hoc
1730 405 1799 434 est.

491 456 731 493 medicinam
777 464 916 492 contra
956 454 1125 491 crimina
1157 454 1374 499 lenitivam,
1415 463 1456 490 ut
1495 462 1603 501 patet
1641 454 1680 490 in
1726 454 1801 490 illis

489 514 617 551 verbis
651 527 727 562 que
761 513 941 550 Christus
974 525 1112 560 aspere
1147 521 1287 549 contra
1319 521 1551 560 peccatores
1590 520 1626 548 et
1666 512 1800 548 electis

489 572 661 609 suaviter
699 580 755 608 est
794 573 962 607 locutus.
1010 571 1195 620 Imposuit
1238 579 1370 607 autem
1417 582 1539 618 genus
1579 571 1799 606 humanum

488 631 523 666 in
569 631 775 666 iumentum
821 642 950 671 suum,
1002 630 1163 677 quando
1211 640 1371 665 carnem
1418 636 1664 676 assumptam
1711 627 1801 664 fecit

489 701 572 724 esse
611 687 775 724 humani
816 686 970 735 generis
1009 686 1246 735 participem
1292 695 1329 722 et
1373 686 1428 722 sic
1466 698 1589 733 genus
1628 685 1803 734 prevari-

489 759 582 782 cans
615 745 902 793 supportative,
939 753 975 781 et
1009 745 1120 781 duxit
1152 745 1188 780 in
1219 745 1425 789 stabulum,
1465 745 1626 792 quando
1658 743 1802 780 virtute

488 804 705 840 divinitatis
758 816 826 839 sue
878 802 1120 839 assecuravit
1172 815 1294 850 genus
1346 804 1567 839 humanum
1621 801 1803 850 quietans

489 862 619 910 ipsum
660 862 699 897 in
739 861 1041 898 reconciliatam
1077 861 1299 906 ecclesiam,
1341 870 1377 896 et
1410 860 1638 896 ordinando
1671 872 1802 896 sacra-

491 929 625 956 menta
664 933 709 956 ac
749 919 825 956 alia
866 919 1080 955 carismata
1120 919 1283 955 humani
1327 918 1481 966 generis
1526 931 1659 954 curam
1705 918 1804 968 egit,-

490 986 525 1014 οἵ
562 979 686 1014 altera
727 978 798 1021 die,
839 977 932 1025 quia
971 986 1060 1025 post
1101 985 1270 1013 mortem
1311 989 1423 1013 suam
1464 989 1582 1024 super
1614 989 1801 1013 occasum

491 1038 720 1075 ascendens,
750 1036 916 1085 protulit
949 1036 1044 1071 dnos
1077 1035 1269 1080 denarios,
1309 1034 1401 1083 quia
1441 1043 1521 1071 tam
1562 1043 1801 1082 potestatem

489 1107 556 1130 sue
591 1093 808 1130 divinitatis
842 1106 961 1141 quam
996 1093 1257 1129 humanitatis
1280 1105 1459 1129 reserans
1492 1092 1665 1129 ostendit
1698 1092 1803 1140 ipsas

490 1165 600 1188 more
634 1152 787 1188 denarii
821 1151 1026 1188 circularis
1065 1164 1147 1187 esse
1181 1150 1369 1187 infinitas.
1408 1151 1461 1186 Et
1493 1151 1596 1187 dedit
1634 1150 1803 1186 stabula-

490 1211 561 1255 rio,
594 1211 669 1246 hoc
703 1219 773 1253 est,
809 1209 964 1246 custodi
999 1209 1163 1246 ecclesie
1197 1217 1413 1257 potestates
1451 1208 1545 1245 istas
1584 1209 1634 1244 ad
1674 1216 1804 1244 custo-

490 1268 679 1305 diendum
720 1269 894 1304 futuram
935 1268 1157 1307 ecclesiam,
1197 1280 1278 1303 non
1312 1276 1353 1303 ut
1386 1267 1693 1315 parificarentur
1731 1265 1804 1302 sibi

490 1326 529 1362 in
554 1335 763 1374 potestate,
799 1339 919 1374 quam
945 1325 1061 1362 titulo
1086 1325 1323 1362 donacionis
1348 1334 1383 1361 et
1408 1324 1804 1361 accommodacionis

491 1386 675 1426 habeant,
718 1393 754 1420 et
788 1397 877 1420 cum
912 1383 952 1419 in
986 1383 1134 1419 iudicio
1169 1383 1277 1419 finali
1312 1383 1486 1425 redierit,
1524 1383 1659 1419 reddet
1691 1395 1803 1419 servo

487 1443 605 1487 fideli,
645 1442 800 1478 custodi
841 1442 1019 1487 ecclesie7
1066 1442 1249 1490 quidquid
1291 1454 1410 1489 super
1449 1450 1652 1477 executam
1692 1449 1803 1489 pote-

489 1509 630 1536 statem
666 1500 813 1537 Christi
857 1500 1213 1549 supererogaverit,
1265 1500 1372 1547 quod
1417 1512 1498 1535 non
1538 1508 1594 1535 est
1626 1498 1700 1534 nisi
1734 1511 1802 1547 ap-

490 1558 660 1606 plicacio
695 1558 809 1594 huius
844 1557 1013 1605 duplicis
1047 1557 1269 1605 potestatis,

546 1618 600 1651 Ex
644 1616 727 1651 istis
772 1624 881 1663 patet
925 1617 1032 1664 quod
1078 1616 1207 1651 solum
1242 1614 1422 1651 Christus
1467 1616 1514 1650 de
1553 1613 1636 1650 istis
1677 1614 1802 1649 tribus

489 1674 559 1710 fuit
593 1674 796 1722 proximus
831 1673 869 1709 in
904 1674 1060 1710 affectu.
1097 1674 1188 1709 Ideo
1213 1672 1440 1721 quicunque
1465 1685 1507 1708 ex
1532 1672 1648 1708 titulo
1672 1671 1802 1720 proxi-

489 1732 638 1768 mitatis
678 1732 733 1768 vis
773 1731 978 1780 possidere
1019 1731 1307 1767 beatitudinem
1346 1731 1448 1766 Vade
1487 1738 1521 1766 et
1548 1731 1622 1779 fac
1655 1729 1693 1765 in
1726 1729 1801 1765 vir-

488 1799 571 1826 tute
604 1789 719 1826 huius
753 1789 997 1826 Samaritani
1036 1789 1214 1825 similiter
1252 1789 1291 1824 in
1324 1788 1480 1831 affectu,
1520 1801 1601 1824 non
1634 1787 1801 1824 omnino

488 1848 608 1893 idem,
644 1861 734 1884 cum
768 1860 849 1884 non
883 1847 934 1883 sis
959 1850 1063 1884 Deus
1098 1856 1134 1883 et
1168 1848 1302 1889 homo,
1327 1848 1395 1882 sed
1430 1845 1624 1894 quidquid
1647 1845 1799 1891 feceris,

487 1906 548 1942 fac
582 1907 631 1942 ad
665 1905 967 1942 edificacionem
1003 1905 1167 1941 ecclesie
1200 1914 1236 1941 et
1270 1905 1308 1941 in
1340 1904 1485 1941 virtute
1518 1903 1633 1940 huius
1662 1905 1800 1940 Sama-

488 1963 606 2000 ritani
663 1964 766 2000 idem
829 1963 1071 2011 pai-cialiter,
1131 1972 1173 1998 ut
1225 1962 1276 1998 sis
1327 1962 1521 1999 veraciter
1572 1963 1795 1998 membrum

489 2021 650 2058 Christi.
683 2023 731 2058 Et
764 2030 872 2069 patet
905 2023 1013 2069 quod
1046 2022 1174 2057 solum
1200 2021 1263 2057 ille
1288 2029 1344 2057 est
1378 2020 1636 2056 effectualiter
1669 2019 1798 2067 proxi-

491 2093 577 2116 mus
618 2080 703 2116 celo
743 2079 883 2127 dignus
923 2079 989 2127 qui
1029 2079 1134 2115 iuvat
1175 2079 1377 2115 Christum
1419 2080 1467 2114 ad
1513 2078 1831 2125 complenduns‘

490 2138 637 2174 dictam
675 2137 991 2174 misericordiam
1026 2137 1065 2173 in
1098 2145 1277 2173 sanctam
1313 2144 1481 2172 matrem
1515 2135 1736 2172 ecclesiam.

548 2196 587 2232 Si
621 2204 754 2232 autem
795 2208 865 2243 per
903 2196 990 2231 illas
1028 2203 1245 2243 potestates
1279 2193 1552 2241 intelligantur
1592 2193 1732 2241 regalis
1767 2202 1803 2229 et

490 2253 750 2290 sacerdotalis
790 2262 965 2301 potestas
1005 2262 1041 2289 et
1080 2265 1149 2301 per
1182 2252 1443 2289 stabularium
1478 2251 1706 2300 quicunque
1739 2263 1803 2287 rex

489 2312 549 2348 vel
574 2320 733 2347 curatus
757 2311 1051 2359 predestinatus
1075 2320 1111 2347 et
1135 2323 1205 2358 per
1238 2309 1638 2358 supererogacionem
1673 2317 1801 2345 totum

492 2369 756 2406 ministerium
782 2382 918 2405 eorum
955 2369 994 2405 in
1027 2368 1190 2405 nomine
1212 2370 1302 2404 Jesu
1334 2368 1497 2409 factum,
1532 2380 1611 2404 non
1646 2376 1803 2403 contra-

491 2427 594 2473 dico,
640 2440 730 2463 cum
776 2428 850 2463 hoc
884 2429 991 2475 quod
1031 2439 1124 2463 sane
1164 2425 1408 2473 intelligatur
1441 2438 1529 2462 cum
1571 2424 1804 2462 habitudine

492 2493 576 2522 tota
620 2485 779 2521 residua
819 2494 854 2520 et
895 2485 1061 2521 omnino
1101 2485 1207 2532 quod
1249 2485 1386 2520 eadem
1428 2483 1595 2531 simplex
1633 2495 1803 2531 persona

493 2542 709 2580 christiana
760 2555 841 2579 non
894 2543 1038 2579 habeat
1091 2542 1130 2578 in
1183 2555 1222 2578 se
1275 2541 1489 2578 subiective
1544 2542 1613 2577 has
1666 2541 1804 2577 ambas

561 2684 585 2703 2.
608 2677 645 2703 12:
667 2675 808 2709 lenitiva3
839 2676 879 2702 C:
902 2675 983 2702 lenit.
1093 2674 1116 2701 1⁴.
1142 2675 1206 2702 BC:
1235 2674 1337 2702 clectis
1358 2674 1450 2701 deest.
1560 2673 1587 2700 6.
1611 2674 1675 2701 BC:
1703 2675 1802 2706 aenei-i

494 2713 638 2739 humanm.
722 2719 747 2745 7.
771 2710 809 2737 C:
833 2714 1076 2745 supportantcm.
1160 2718 1196 2744 17.
1218 2710 1261 2736 A:
1284 2709 1426 2744 quamxis
1447 2708 1543 2736 titulo.
1624 2708 1662 2735 18.
1686 2702 1803 2736 (jada..-

496 2747 622 2772 lizibeaul
653 2746 706 2772 hcc
733 2750 759 2772 et
789 2746 895 2772 Deum.
1004 2752 1050 2774 2⁴1.
1073 2744 1140 2770 ,xizz
1170 2744 1327 2779 possidere
1353 2744 1444 2770 deest.
1554 2743 1593 2770 25.
1616 2744 1659 2770 A:
1687 2744 1802 2770 ellectu.

492 2789 535 2815 27.
558 2781 625 2807 AB:
662 2780 690 2807 iu
719 2780 811 2806 deest.
922 2787 969 2813 25).
993 2779 1013 2805 13
1034 2778 1062 2805 iu
1087 2787 1198 2813 marg:
1231 2778 1308 2811 Quis
1337 2778 1495 2813 proximus·
1522 2782 1565 2804 cst
1593 2778 1655 2804 celo
1683 2777 1802 2811 dignus.

492 2814 536 2842 30.
561 2815 597 2841 13:
620 2814 847 2849 complendam.
952 2812 994 2839 32.
1016 2814 1042 2839 A
1065 2813 1092 2839 iii
1116 2822 1229 2846 maru:
1259 2813 1337 2839 Nota
1360 2821 1413 2847 pro
1437 2821 1514 2847 papa
1535 2817 1559 2839 ei
1583 2817 1688 2839 conisa
1710 2820 1804 2838 noxus

493 2854 598 2876 sectas.
707 2849 753 2883 34.
781 2850 825 2876 A:
855 2856 907 2883 pei·
935 2847 1035 2877 deest:
1068 2847 1106 2874 ib.
1130 2848 1151 2875 13
1182 2848 1210 2875 in
1243 2856 1356 2881 marg:
1387 2847 1496 2874 Utrum
1530 2846 1662 2881 religiosi
1694 2846 1801 2881 privati

491 2883 605 2922 aliquid
629 2888 827 2918 supererogat
846 2883 923 2909 ultra
944 2883 1039 2915 legem
1062 2882 1187 2909 Christi.
1303 2882 1346 2917 37.
1370 2882 1406 2909 13:
1429 2885 1457 2908 ct
1476 2880 1579 2909 animo
1600 2881 1680 2917 quod
1703 2880 1799 2910 cidem

492 2919 631 2954 Simplex.
705 2918 748 2946 38.
772 2918 837 2946 BC:
860 2916 1025 2946 subiectivc
1048 2917 1141 2945 deest.

1818 629 1834 662 5

1822 929 1860 951 XO

1823 1210 1859 1242 15

1820 1509 1862 1531 20

1818 1787 1858 1820 25

1819 2371 1858 2403 35
