2017 3353
223 278 250 315 4
810 269 1034 303 JOHANNIS
1061 269 1244 302 WYCLlF
1272 268 1532 301 SERMONUM
1618 252 1771 312 [SERMO
1794 263 1816 291 1-

511 378 692 426 parando
718 377 964 413 mundanam
990 375 1204 422 fabricam;
1242 384 1279 412 et
1305 383 1471 412 currunt
1497 374 1588 410 hinc
1616 373 1709 410 inde
1738 371 1818 408 evi-

512 435 652 472 dencie
687 448 731 472 ex
766 435 966 483 scriptura
999 434 1098 474 Gen.
1133 434 1265 482 primo
1301 441 1340 471 et
1368 432 1476 470 alibi.

240 491 337 519 Some
356 498 410 526 ⁵³5
429 490 479 518 ²¹¹⁹-
570 494 647 530 Sed
683 506 756 541 pro
792 495 867 530 hoc
895 492 1017 528 dubio
1052 493 1277 528 notandum
1313 492 1420 539 quod
1456 490 1634 527 stulticia
1661 488 1818 526 asinina
1866 514 1942 546 Fol-

224 527 322 554 world
338 534 401 553 was
416 533 497 553 crea-

243 562 290 589 ted
324 565 354 588 at
385 568 478 593 once;
511 552 614 588 foret
646 552 851 588 hominem
881 547 886 605 Ι
914 550 1156 599 profundare
1182 563 1222 587 se
1245 550 1285 586 in
1308 550 1384 586 hoc
1408 548 1543 595 dubio,
1579 547 1655 584 nisi
1678 559 1819 584 secun-
1869 558 1948 602 1421>

247 597 350 624 others
371 596 401 623 in
422 595 469 622 six

319 634 403 667 days.
513 611 608 646 dum
662 609 978 658 metaphysicam
1032 608 1141 656 prius
1193 607 1423 656 cognoverit
1464 605 1700 655 quiditatem
1742 604 1853 641 diei5

513 667 708 716 temporis
745 676 865 715 atque
895 666 972 703 diei
1002 666 1155 703 ordinis
1187 679 1278 704 cum
1314 665 1403 702 aliis
1439 663 1722 712 metaphysicis
1759 675 1818 699 re-

236 723 486 787 {iggtwwvirhfftugt
514 726 684 774 quisitis.
728 727 832 762 Nam
866 724 992 774 grossi
1028 737 1108 760 non
1150 724 1439 772 distinguentes
1476 732 1635 770 tempus
1670 733 1692 758 a
1727 722 1818 757 sub—

299 795 359 829 day
379 795 415 822 is.
511 784 630 830 iecto‚
656 784 726 820 sed
756 792 951 831 ponentes
975 783 1260 830 quodcumque
1288 793 1529 830 permanens
1553 792 1637 816 esse
1660 788 1819 826 tempus

513 843 659 879 debent
704 842 835 878 dicere
871 853 962 878 cum
997 840 1223 888 Augustino
1268 840 1376 888 quod
1420 839 1549 875 solum
1593 837 1817 874 secundum

513 900 595 937 dies
638 899 791 936 ordinis
833 899 906 935 fuit
948 907 1055 934 totus
1100 898 1272 934 mundus
1316 897 1449 934 subito
1485 904 1733 944 procreatus,
1782 902 1876 930 et1o

511 957 569 994 illi
616 957 744 1006 ignari
792 957 860 1005 qui
910 956 1048 992 dicunt
1095 957 1204 1003 quod
1248 955 1404 991 nullum
1452 963 1610 1002 tempus
1658 962 1716 990 est
1756 951 1817 989 vel

513 1024 648 1063 potest
691 1027 775 1052 esse
818 1022 968 1063 negant
1010 1013 1197 1061 inprimis
1241 1013 1360 1049 fidem
1405 1012 1604 1060 scripture
1647 1008 1817 1048 dicentis

512 1075 619 1121 quod
658 1073 741 1109 dies
776 1081 813 1109 et
847 1081 1031 1119 tempora
1066 1071 1144 1108 alia
1179 1080 1295 1108 sunt:
1331 1071 1422 1108 ideo
1458 1070 1560 1107 inter
1593 1082 1733 1107 omnes
1758 1069 1816 1105 in-

512 1140 626 1179 eptos
673 1130 862 1168 tractatui
897 1129 1014 1166 huius
1063 1129 1229 1166 materie
1277 1129 1341 1166 isti
1382 1128 1456 1165 sibi
1493 1128 1589 1176 ipsis
1625 1125 1816 1164 contrarii

512 1198 604 1226 sunt
638 1189 780 1226 ceteris
816 1188 906 1236 plus
942 1186 1080 1235 inepti.
1837 1188 1874 1220 15

221 1241 496 1311 Issgssebiiiaiotiilssss'
570 1247 845 1295 Supponendo
870 1255 1003 1282 autem
1030 1244 1239 1293 antiquam
1275 1244 1448 1293 logicam
1473 1252 1510 1281 et
1545 1244 1665 1280 fidem
1690 1242 1815 1290 scrip-

223 1319 273 1338 are
296 1312 371 1345 days
392 1311 430 1350 ot
445 1318 494 1338 or·
512 1315 612 1351 ture,
637 1304 794 1341 videtur
824 1303 921 1340 mihi
945 1303 1149 1340 sentencia
1172 1303 1383 1352 Augustini
1408 1302 1497 1351 plus
1521 1301 1814 1350 philosophica,

223 1347 289 1379 der,
304 1345 492 1373 mmmmm·
511 1362 667 1400 facilior
701 1371 738 1399 et
773 1362 969 1410 scripture
1016 1361 1106 1409 plus
1149 1374 1347 1408 consona3
1382 1373 1455 1409 pro
1491 1373 1569 1408 qua
1611 1358 1817 1396 sentencia

510 1421 665 1457 facilius
713 1421 944 1468 exponenda
991 1428 1243 1467 supponatur
1286 1420 1395 1467 quod
1434 1418 1598 1467 spiritus
1653 1426 1815 1455 sanctus

510 1478 703 1515 intellexit
737 1479 777 1514 in
811 1491 883 1514 suo
919 1476 1104 1514 ministro
1139 1479 1278 1526 Moyse
1312 1490 1383 1526 per
1416 1476 1512 1514 istos
1548 1489 1613 1513 sex
1639 1476 1722 1512 dies
1751 1476 1815 1522 (de
1833 1488 1874 1509 20

512 1536 656 1585 quibus
692 1537 788 1572 Gen.
825 1535 971 1587 primo)
1007 1548 1072 1571 sex
1105 1535 1189 1572 dies
1224 1535 1389 1582 ordinis,
1427 1535 1481 1572 ita
1517 1535 1624 1582 quod
1659 1533 1813 1582 primus

511 1595 593 1631 dies
629 1594 781 1631 ordinis
826 1594 899 1630 fuit
942 1594 1041 1630 ordo
1085 1593 1188 1630 inter
1223 1602 1348 1630 totam
1394 1592 1642 1630 materialem
1679 1604 1812 1628 essen-

512 1652 615 1689 ciam
653 1662 690 1689 et
725 1665 838 1688 suam
875 1652 1072 1698 formam;
1110 1660 1147 1687 et
1181 1651 1238 1688 sic
1281 1652 1321 1688 in
1363 1650 1576 1700 principio,
1614 1650 1724 1698 quod
1760 1658 1818 1686 est

513 1710 690 1758 primum
726 1710 880 1747 instans
905 1709 1100 1758 temporis
1123 1709 1183 1746 vel
1207 1711 1372 1746 verbum
1397 1722 1419 1746 a
1442 1709 1598 1745 dicente
1622 1706 1816 1757 genitum,

222 1769 398 1808 Firstuay:
430 1768 496 1810 Th?-
514 1768 664 1805 creavit
708 1770 814 1806 Deus
861 1777 942 1804 tam
988 1776 1175 1804 naturam
1229 1767 1481 1815 spiritualem
1535 1779 1654 1814 quam
1700 1774 1817 1802 vocat
1834 1767 1873 1799 25

218 1807 497 1878 ffjrtffi‘l‘gssdorfflffg
513 1826 656 1873 celum,
703 1838 824 1874 quam
865 1826 992 1862 eciam
1039 1826 1291 1873 corporalem
1337 1838 1459 1874 quam
1492 1835 1607 1861 vocat
1653 1833 1815 1862 terram.

260 1875 314 1901 ¹¹³¹
337 1879 455 1902 nature.
508 1885 578 1921 Illa
613 1893 749 1921 autem
787 1893 892 1921 terra
926 1886 1100 1932 quadam
1146 1883 1354 1931 prioritate
1390 1882 1556 1931 originis
1592 1882 1664 1919 fuit
1707 1881 1817 1929 prius

508 1942 690 1979 informis
733 1951 770 1978 et
805 1944 852 1978 de
887 1951 998 1979 tanto
1033 1940 1164 1978 inanis
1201 1951 1238 1978 et
1260 1954 1385 1978 vacua
1419 1953 1492 1989 pro
1527 1940 1596 1977 illa
1630 1952 1817 1976 mensura

508 2013 587 2048 qua
621 2013 701 2036 non
729 2000 801 2036 fuit
835 2000 975 2036 formis
1012 1999 1267 2037 sensibilibus
1298 1999 1533 2045 informata3
1574 2007 1610 2034 et
1645 1998 1727 2034 sive
1749 2010 1817 2033 vo-

509 2067 621 2094 cetur
650 2067 756 2094 terra
791 2058 871 2094 sive
902 2070 1006 2105 aqua
1036 2057 1118 2094 sive
1148 2059 1328 2105 abyssus,
1359 2069 1440 2093 non
1481 2065 1539 2092 est
1573 2055 1630 2092 vis
1665 2054 1705 2092 in
1740 2063 1817 2091 ter-
1835 2056 1875 2088 30

509 2115 618 2151 mino
656 2116 724 2151 sed
761 2115 800 2151 in
836 2115 1007 2163 signato,
1044 2115 1113 2151 Ille
1148 2124 1283 2152 autem
1321 2114 1503 2151 carencie
1531 2113 1752 2150 formarum
1777 2112 1816 2148 in

507 2173 575 2210 illa
604 2173 802 2209 materiali
836 2173 1014 2209 essencia
1044 2182 1241 2209 vocantur
1277 2174 1451 2218 tenebre,
1489 2180 1526 2207 et
1555 2171 1721 2219 spiritus
1745 2171 1816 2206 do-

508 2231 605 2266 mini
653 2230 801 2267 dicitur
844 2230 936 2266 ferri
972 2243 1092 2278 super
1126 2231 1238 2267 illam
1278 2229 1528 2267 materialem
1577 2228 1813 2274 essenciam,

506 2290 667 2336 quando
704 2288 934 2325 eternaliter
975 2288 1125 2336 cogitat
1169 2288 1353 2325 ordinem
1389 2300 1468 2335 quo
1502 2287 1680 2335 disponit
1711 2288 1814 2323 hanc

575 2395 595 2414 1.
616 2388 661 2415 A:
695 2388 766 2415 hinc
788 2393 815 2415 et
836 2387 918 2415 inde.
1044 2386 1068 2414 3.
1099 2389 1127 2414 A
1149 2387 1178 2414 in
1201 2395 1321 2422 marg:
1355 2386 1539 2422 Responsio.
1573 2386 1615 2413 B:
1640 2386 1672 2413 in
1694 2394 1813 2420 marg:

503 2423 640 2450 Solucio.
732 2423 758 2450 3.
778 2424 807 2450 A
826 2423 855 2449 in
877 2430 974 2457 marg.
996 2431 1081 2458 sup.:
1109 2421 1175 2450 Fol.
1198 2423 1281 2455 142b:
1315 2421 1392 2449 Ecce
1412 2430 1467 2449 rex
1484 2425 1553 2450 tuus
1572 2421 1662 2455 venit,
1684 2420 1813 2448 Matthei

505 2457 586 2485 XXI.
611 2457 683 2492 Regi
704 2458 856 2491 triplicem
877 2458 1028 2484 debemus
1058 2458 1205 2485 timorem
1228 2458 1352 2484 racione
1373 2465 1427 2483 sue
1455 2457 1629 2492 potestatis,
1660 2457 1812 2483 honorem

506 2493 631 2520 racione
651 2500 706 2519 sue
728 2492 902 2519 nobilitatis
923 2497 949 2519 et
971 2500 1109 2519 amorem
1130 2492 1258 2520 racione
1279 2500 1334 2519 suc
1354 2492 1548 2525 humilitatis,
1570 2496 1603 2518 ut
1622 2490 1739 2518 scilicet
1758 2498 1813 2524 po-

506 2528 581 2554 tenti
611 2528 785 2554 serviamus
814 2535 885 2554 cum
916 2528 1041 2560 timore,
1071 2527 1205 2554 venienti
1236 2534 1440 2554 occurramus
1461 2534 1532 2554 cum
1563 2526 1680 2553 honore
1701 2529 1731 2552 et
1755 2525 1813 2552 cle-

504 2562 598 2589 menti
619 2562 826 2589 adhereamus
846 2569 918 2588 cum
939 2569 1056 2589 amore.
1165 2560 1189 2588 3.
1214 2560 1259 2589 C:
1281 2561 1415 2588 stulticia
1437 2568 1569 2589 summa.
1685 2559 1710 2587 5.
1731 2560 1760 2587 A
1780 2560 1811 2587 in

505 2604 620 2629 marg:
648 2596 720 2623 Dies
735 2597 848 2631 duplex
863 2598 1025 2632 temporis,
1039 2596 1168 2623 ordinis.
1198 2595 1235 2622 B:
1259 2595 1313 2623 Dei
1328 2597 1489 2630 temporis.
1594 2603 1629 2622 11.
1644 2595 1692 2621 A:
1713 2595 1812 2630 ignari

503 2646 537 2650 —
557 2636 585 2658 et
606 2636 746 2666 tempora
766 2631 907 2658 omitted.
999 2630 1036 2658 13.
1059 2630 1100 2658 C:
1122 2633 1223 2666 aliqua
1244 2635 1326 2658 sunt.
1434 2639 1475 2663 14.
1497 2629 1535 2658 C:
1556 2629 1683 2656 tractavi
1703 2629 1810 2662 istius3

505 2666 544 2693 B:
566 2666 655 2693 istius
676 2666 812 2693 materie.
951 2667 992 2694 16.
1014 2668 1042 2694 A
1063 2667 1093 2692 in
1115 2674 1231 2700 marg:
1253 2665 1345 2694 Nota,
1371 2664 1409 2691 B:
1430 2666 1460 2692 in
1482 2672 1598 2699 marg.:
1620 2664 1700 2691 Nota
1723 2665 1809 2691 bene.

506 2699 546 2739 ¹8.-
570 2699 636 2728 BC:
657 2700 832 2735 scripturis.
961 2709 1003 2733 ιο.
1025 2701 1070 2728 A:
1093 2699 1223 2727 faciliter
1245 2721 1252 2727 .
1274 2721 1281 2727 .
1303 2700 1502 2740 supponitur.
1590 2706 1636 2726 20.
1660 2698 1700 2726 C:
1722 2699 1758 2726 de
1778 2714 1811 2718 —

504 2735 570 2762 dies
585 2735 725 2762 omitted.
807 2743 851 2768 27.
873 2734 915 2762 C:
933 2735 1065 2768 originis
1080 2735 1110 2762 fit
1127 2736 1212 2770 prior
1226 2734 1370 2762 informis
1384 2744 1391 2768 ;
1407 2734 1445 2761 B:
1462 2735 1518 2761 fuit
1533 2734 1629 2768 prior.
1703 2732 1748 2760 28.
1764 2734 1809 2760 A:

504 2775 532 2797 et
552 2770 590 2796 de
609 2774 695 2797 tanto
717 2785 746 2789 —
768 2777 830 2797 non
852 2770 909 2797 fuit
929 2770 1068 2797 omitted.
1092 2769 1135 2797 C:
1156 2777 1251 2797 vacua
1272 2770 1311 2796 fit.
1434 2776 1480 2802 29.
1501 2769 1546 2796 A:
1567 2775 1658 2804 quam
1679 2767 1809 2799 formis:

504 2805 614 2832 formis
633 2820 666 2824 —
686 2805 853 2832 informata
867 2805 1025 2832 corrected
1046 2804 1075 2831 in
1100 2805 1222 2839 margin
1237 2805 1296 2831 and
1312 2812 1386 2832 over
1400 2811 1535 2831 erasure.
1557 2803 1577 2829 B
1592 2812 1598 2829 ε
1613 2802 1809 2830 informatur.

574 2887 605 2920 9.
633 2876 848 2919 Augustinus
875 2877 896 2908 l.
924 2887 952 2908 c.
