2017 3353
216 584 240 603 2.
264 576 390 612 hearing
409 574 466 602 His

287 611 401 646 words,

207 982 230 1010 3
253 984 348 1019 doing
368 983 460 1010 them.

797 287 1019 319 JOHANNIS
1037 288 1220 319 wvcmr
1241 287 1495 320 SERMONUM
1563 274 1715 332 [SERMO
1735 284 1812 312 LIX-

493 394 691 430 virtuosus
727 392 946 429 salvabitur
983 405 1055 429 nec
1095 393 1239 442 aliquis
1279 393 1518 430 christianus
1558 401 1689 440 potest
1729 403 1811 428 esse

492 451 692 488 virtuosus
728 450 802 487 nisi
836 450 1015 487 imitatus
1047 451 1164 487 fuerit
1198 451 1317 487 istum
1353 452 1508 496 ducem,
1543 459 1651 498 patet
1682 448 1812 498 prima

494 509 713 546 conclusio.

551 569 598 603 Et
643 568 817 604 secunda
868 579 911 603 ex
961 567 1036 603 hoc
1081 566 1208 603 evidet
1259 568 1366 616 quod
1411 566 1577 615 quilibet
1622 564 1813 601 articulus

495 625 585 662 fidei
633 635 689 662 est
730 637 861 662 sermo
896 624 1057 671 Christi,
1097 627 1163 661 sed
1208 638 1327 662 nemo
1372 634 1503 673 potest
1549 622 1693 660 salvari
1738 622 1845 659 nisi5

493 683 583 720 talis
617 696 748 720 sermo
787 683 853 731 qui
893 692 950 719 est
990 684 1188 719 credenda
1225 684 1371 720 veritas
1411 683 1551 719 saltem
1593 680 1812 717 intellectui

494 741 694 778 interioris
718 740 890 777 hominis
915 740 1030 776 fuerit
1055 741 1263 787 revelatus,
1289 754 1382 790 ergo
1410 742 1543 777 nullus
1574 738 1813 776 christianus

494 808 623 847 potest
657 798 801 835 salvari
833 798 908 835 nisi
942 799 1082 834 saltem
1116 798 1155 835 in
1188 799 1393 836 intellectu
1423 797 1619 836 audiverit
1648 798 1812 833 verbum

494 857 654 893 Christi.
696 856 814 893 Surdi
858 869 1032 905 namque
1071 869 1093 892 a
1131 857 1339 894 nativitate
1384 857 1415 894 si
1460 857 1719 893 salvabuntur
1758 854 1812 890 sic

493 915 673 952 audiunt.
1833 929 1870 950 10

552 975 599 1009 Et
632 972 757 1009 tercia
789 972 995 1009 conclusio
1034 981 1143 1020 patet
1182 985 1227 1009 eo
1261 974 1369 1021 quod
1403 981 1562 1021 oportet
1595 970 1812 1020 quemlihet

494 1033 729 1068 salvandum
762 1031 964 1067 fructuose
997 1031 1126 1066 facere
1157 1031 1401 1067 sentenciam
1433 1030 1542 1067 verbi
1575 1029 1736 1074 Christi,
1767 1041 1813 1064 eo

494 1091 600 1137 quod
640 1090 805 1126 verbum
845 1102 960 1125 suum
999 1088 1039 1124 in
1078 1088 1160 1125 eius
1200 1088 1459 1136 generalitate
1492 1087 1660 1124 includit
1700 1086 1812 1135 quid-

493 1147 589 1183 libet
614 1148 723 1195 quod
746 1148 958 1183 salvandus
983 1148 1099 1183 debet
1128 1147 1270 1183 facere.
1303 1148 1417 1184 Unde
1440 1145 1607 1183 Matthei
1629 1147 1734 1189 VIIO⁷
1761 1154 1803 1180 21

494 1205 589 1241 dicit
624 1204 823 1241 Christus:
859 1206 944 1240 Nan
978 1205 1100 1241 omnis
1130 1205 1194 1254 qui
1225 1206 1315 1241 dicit
1347 1205 1442 1241 mihi
1462 1205 1627 1240 Domine
1649 1203 1814 1238 Domine
1835 1208 1868 1238 15

493 1264 650 1298 intrabit
672 1264 707 1299 in
734 1276 898 1314 regnum
928 1263 1099 1299 celorum
1123 1264 1191 1299 sed
1219 1263 1283 1312 qui
1299 1263 1404 1312 facit
1433 1263 1665 1298 voluntatem
1685 1261 1813 1310 patris

494 1322 568 1357 mei
597 1322 660 1369 qui
690 1321 725 1356 in
759 1321 850 1357 celis
880 1329 946 1357 est.
979 1321 1174 1357 Voluntas
1207 1330 1340 1357 autem
1373 1320 1502 1357 tocius
1524 1318 1732 1356 Trinitatis
1756 1327 1812 1354 est

495 1380 601 1427 quod
636 1380 757 1415 homo
791 1392 916 1427 usque
950 1378 989 1414 in
1024 1379 1141 1415 finem
1172 1387 1402 1415 constanter
1434 1378 1474 1414 in
1507 1378 1583 1414 fide
1614 1376 1812 1414 catholica

494 1445 730 1484 perseveret.
753 1436 896 1472 Venire
917 1445 1050 1473 autem
1075 1438 1124 1473 ad
1148 1437 1351 1473 Christum
1375 1445 1507 1485 potest
1529 1448 1612 1473 esse
1634 1447 1812 1471 momen-

493 1504 669 1540 taneum,
703 1494 884 1543 quamvis
922 1494 1055 1542 previe
1089 1495 1286 1542 exigatur:
1321 1494 1458 1530 audire
1495 1495 1660 1530 verbum
1695 1505 1809 1528 suum
1828 1507 1870 1528 20

494 1561 625 1600 potest
654 1552 695 1588 in
725 1552 801 1588 fine
831 1552 1021 1598 excidere,
1054 1553 1233 1601 quamvis
1264 1562 1450 1600 oporteat
1480 1553 1588 1601 quod
1618 1552 1809 1588 addatur:

494 1613 561 1646 sed
585 1610 754 1646 tercium
779 1609 978 1646 connectit
1005 1610 1296 1658 perfeccionem
1320 1610 1518 1655 ultimam,
1549 1623 1639 1646 cum
1662 1608 1811 1645 faciens

495 1668 549 1704 sic
583 1681 786 1705 sermones
820 1668 967 1704 Christi
1002 1668 1230 1714 deificatum
1264 1668 1353 1704 ideo
1387 1667 1483 1704 dicit
1514 1669 1618 1704 Luce
1650 1668 1713 1712 XI,
1740 1667 1810 1702 28:

494 1727 608 1762 Beati
633 1727 696 1775 qni
727 1727 887 1762 audiunt
922 1727 1078 1762 verbum
1115 1726 1192 1762 Dei
1217 1733 1251 1762 et
1279 1726 1497 1762 custodiunt
1530 1726 1637 1761 illud.
1669 1725 1812 1760 Similis

495 1784 690 1833 (inquam)
732 1792 788 1820 est
825 1785 914 1820 talis
947 1785 1092 1820 homini
1121 1784 1314 1834 edfficanti
1345 1785 1499 1820 domum
1539 1784 1603 1833 qui
1627 1783 1737 1832 fodit
1775 1782 1868 1818 in25

494 1843 614 1878 altum
665 1849 700 1878 et
743 1843 875 1891 posuit
907 1842 1210 1891 fundamentum
1261 1854 1380 1891 supra
1419 1849 1587 1891 petram.
1640 1842 1810 1877 Omnem

497 1900 602 1936 enim
631 1900 866 1936 salvandum
895 1908 1054 1947 oportet
1084 1901 1230 1936 habere
1258 1899 1298 1936 in
1327 1899 1389 1936 via
1419 1901 1583 1936 domum
1606 1899 1811 1943 virtutum,

497 1971 617 2006 quam
648 1957 830 1994 Christus
860 1959 965 1994 Luce
994 1959 1100 1994 XIV0
1131 1967 1248 1995 vocat
1277 1958 1432 2005 turrim,
1466 1967 1502 1994 et
1534 1970 1624 1994 cum
1652 1965 1812 2005 oportet

497 2016 624 2064 ipsam
655 2028 779 2064 usque
810 2017 859 2052 ad
889 2029 1089 2052 summum
1120 2016 1228 2063 erigi,
1261 2024 1370 2064 patet
1405 2017 1512 2064 quod
1540 2015 1580 2051 in
1610 2027 1655 2051 ea
1683 2014 1813 2063 requi-

497 2074 598 2110 ritur
630 2073 827 2110 stabilitas
856 2073 1118 2110 fundamenti.
1149 2070 1152 2127 Ι
1182 2076 1229 2109 Et
1264 2087 1353 2110 cum
1375 2074 1679 2123 fundamentum
1708 2072 1815 2110 aliud

497 2144 605 2168 nemo
632 2139 760 2181 potest
786 2144 933 2181 ponere
965 2139 1102 2181 preter
1134 2132 1173 2167 id
1204 2133 1306 2181 quod
1336 2132 1505 2181 positum
1539 2138 1594 2167 est
1636 2131 1815 2168 Christus

495 2190 618 2235 Jesus,
651 2189 718 2238 qui
762 2198 845 2226 tam
879 2191 1018 2226 crebro
1052 2189 1198 2225 dicitur
1231 2190 1341 2239 lapis,
1374 2198 1482 2238 patet
1515 2189 1623 2238 quod
1655 2196 1815 2238 oportet

497 2256 539 2283 ut
581 2247 756 2295 quelibet
794 2247 885 2284 talis
925 2260 1044 2296 super
1083 2247 1285 2284 Christum
1332 2247 1508 2295 lapidem
1547 2246 1596 2283 sit
1635 2247 1812 2284 fundata.

497 2307 545 2340 Et
575 2314 684 2353 patet
710 2306 914 2353 quomodo
947 2307 1165 2341 secundum
1195 2305 1403 2341 veritatem
1434 2304 1626 2353 evangelii
1654 2314 1814 2353 oportet

498 2364 605 2411 quod
639 2362 805 2411 quilibet
839 2363 929 2399 talis
963 2363 1153 2399 edificans
1186 2363 1311 2399 fodiat
1344 2362 1383 2398 in
1416 2363 1673 2411 profundum.
1709 2365 1814 2399 Deus
1832 2366 1870 2399 35

498 2420 602 2457 enim
644 2422 764 2456 modo
806 2433 885 2468 quo
925 2429 981 2456 est
1027 2421 1249 2468 profundus
1294 2420 1532 2468 profundior
1571 2429 1629 2457 est
1668 2420 1812 2465 abisso,

498 2491 588 2515 cum
620 2477 659 2513 in
692 2477 779 2526 ipso
812 2478 887 2514 ista
919 2487 1093 2526 quatuor
1131 2488 1439 2515 connectuntur:
1475 2478 1660 2524 latitudo,
1689 2478 1814 2526 longi-

1832 2055 1906 2086 Fol.

1831 2099 1909 2132 235⁰

568 2609 587 2628 1.
609 2602 652 2628 A:
676 2604 789 2636 posset.
859 2610 888 2635 4.
911 2600 950 2628 C:
974 2600 1003 2627 iu
1025 2600 1091 2638 hoc.
1162 2600 1188 2627 6.
1212 2600 1251 2627 E:
1274 2600 1442 2627 secundum
1464 2600 1662 2627 intellectum.
1730 2609 1756 2636 7.
1772 2600 1812 2628 E:

499 2636 666 2663 revolutus.
734 2635 761 2662 8.
783 2634 853 2662 AE:
877 2635 906 2662 in
928 2635 1028 2665 deest:
1050 2635 1089 2661 ib.
1107 2635 1147 2662 D:
1171 2635 1308 2662 audiunt.
1378 2643 1418 2662 10.
1440 2635 1478 2661 E:
1501 2635 1630 2662 audiunt
1649 2635 1812 2663 intellectu.

500 2678 533 2697 11.
556 2670 596 2697 C:
620 2669 723 2697 tercio.
804 2678 845 2703 14.
867 2669 909 2696 D:
931 2669 1019 2696 Unde
1040 2669 1117 2696 inter
1137 2670 1203 2696 alia.
1284 2678 1322 2704 17.
1343 2669 1368 2696 E
1388 2670 1417 2696 in
1440 2678 1552 2705 marg:
1573 2669 1725 2697 Voluntas
1744 2669 1814 2697 Tri-

499 2705 612 2731 nitatis.
704 2712 745 2739 19.
769 2704 789 2730 Β
811 2704 840 2731 in
863 2712 975 2739 marg:
999 2703 1081 2739 Quid
1104 2709 1148 2731 est
1169 2704 1270 2731 venire
1290 2704 1326 2731 ad
1350 2703 1519 2731 Christum.
1611 2712 1657 2731 20.
1679 2705 1722 2731 A:
1752 2705 1812 2732 exi-

499 2744 619 2774 gantur.
721 2746 764 2765 22.
786 2740 829 2766 A:
852 2738 1017 2766 committit
1038 2738 1270 2773 perfeccionem.
1372 2737 1414 2765 23.
1438 2738 1557 2766 BCDE:
1581 2738 1695 2766 Christi
1717 2739 1810 2766 deest.

499 2782 546 2806 24,
568 2774 611 2801 25.
634 2774 675 2800 D:
698 2773 815 2801 Similis
837 2777 882 2800 est
901 2773 952 2808 qui
973 2777 1033 2806 θεῖς
1060 2773 1099 2800 E:
1121 2773 1171 2808 qui
1193 2778 1238 2800 est
1257 2778 1311 2800 etc.
1410 2773 1452 2801 25.
1474 2773 1542 2800 DE:
1565 2773 1692 2809 inquam
1715 2773 1808 2800 deest.

500 2816 545 2845 27.
562 2809 600 2835 (j.-
624 2808 748 2835 Domini
768 2807 933 2842 virtutum:
954 2807 978 2834 E
998 2807 1027 2846 in
1049 2815 1160 2847 marg:
1183 2808 1302 2835 Domus
1322 2808 1481 2835 virtutum.
1524 2815 1572 2843 29.
1588 2808 1627 2835 B:
1649 2808 1685 2835 ad
1708 2807 1809 2835 finem.

499 2841 546 2870 30.
568 2844 613 2870 A:
641 2847 685 2869 est
705 2842 800 2869 deest.
871 2842 916 2877 37.
936 2842 979 2869 D:
1003 2850 1034 2869 in
1055 2841 1191 2870 Christo.

571 2901 622 2935 25.
649 2903 764 2934 Lucae
791 2903 848 2942 VI,
871 2903 931 2944 48.
1030 2902 1082 2935 28.
1109 2903 1224 2935 Lucae
1252 2903 1343 2943 XIV,
1370 2901 1424 2934 28.
