2017 3353
241 253 376 283 SERMO
393 245 493 299 xiv]
749 254 887 286 PRIMA
916 253 1042 287 PARS.

744 372 838 407 SER
847 371 920 406 ΜΟ
953 370 1052 405 XIV.

299 477 432 513 Simile
462 484 516 513 est
549 488 713 527 regnum
746 475 915 512 celorum
947 473 1091 510 homini
1111 473 1175 522 qui
1194 473 1396 510 seminavit
1419 474 1554 510 bonum

240 547 365 571 semen
399 536 434 570 in
465 548 567 585 agro
598 546 680 574 suo.
716 532 882 570 Matthei
916 533 1037 577 xmo,
1072 541 1138 577 24.

300 595 387 629 Hoc
421 605 588 641 regnum
623 591 803 628 celorum
839 599 897 627 est
931 589 970 626 in
1012 589 1294 638 predicacione
1333 590 1554 626 secundum

209 655 225 688 5
243 650 463 687 essenciam
490 663 554 687 rex
578 662 729 698 regum,
754 649 945 685 dominus
966 649 1079 683 Jesus
1101 647 1298 685 Christus,
1322 649 1398 684 Iste
1421 657 1555 684 autem

242 710 291 745 ad
316 709 492 746 litteram
520 718 578 745 est
601 720 715 745 verus
736 708 873 753 homo,
891 706 986 755 quia
1002 705 1142 742 habitu
1158 705 1344 742 inventus
1360 714 1402 741 ut
1418 706 1555 751 homo,

242 777 279 803 et
313 767 371 804 sic
403 767 625 804 secundum
660 765 912 802 divinitatem
949 773 1007 800 est
1040 763 1186 799 similis
1210 763 1383 810 homini3
1421 776 1556 800 semen

243 835 378 862 autem
404 835 463 862 est
496 824 593 861 fides
618 836 695 873 que
719 822 929 860 constituit
952 821 1057 857 filios
1090 821 1200 869 regni
1233 830 1270 858 et
1303 821 1341 857 in
1374 821 1557 869 predica—

243 884 359 920 cione
383 884 604 920 secundum
630 881 850 919 essenciarn
876 889 934 917 est
958 879 1034 928 ipsi
1059 879 1142 926 filii,
1167 888 1211 915 ut
1234 879 1331 916 dicit
1354 879 1556 916 Dominus

190 942 283 978 1oin
308 943 451 978 eodem
475 940 696 989 evangelio.
728 941 816 976 Hoc
846 947 980 976 autern
1006 950 1142 974 semen
1174 947 1231 974 est
1263 939 1429 983 bonum,
1464 937 1558 986 quia

243 1000 390 1037 veritas
435 1011 674 1047 exsuperans
719 998 952 1043 falsitatem,
999 1005 1036 1033 et
1083 997 1305 1032 secundum
1354 996 1557 1032 racionem

243 1057 478 1095 seminalem
513 1058 688 1094 filiorum
723 1055 890 1092 ecclesie
919 1054 1169 1103 gignitivum.
1204 1054 1316 1090 Sicut
1349 1063 1482 1090 autem
1518 1053 1557 1089 in

243 1117 395 1153 semine
435 1124 595 1164 oportet
633 1116 728 1151 dare
772 1114 963 1150 virtutem
1004 1112 1307 1149 informativam
1349 1113 1395 1148 de
1441 1112 1558 1148 cuius

243 1174 441 1223 quiditate
475 1174 727 1211 contendunt
759 1170 1010 1220 philosophi,
1050 1170 1104 1206 ita
1138 1178 1270 1217 preter
1301 1171 1404 1206 hanc
1439 1170 1558 1206 fidem

191 1237 226 1269 15
243 1242 402 1281 oportet
447 1233 541 1269 dare
587 1231 760 1279 primam
807 1230 997 1266 virtutem
1043 1228 1338 1265 informativam
1381 1241 1458 1276 que
1502 1236 1561 1264 est

247 1291 318 1327 Dei
353 1291 495 1336 virtus,
542 1289 734 1326 dominus
772 1290 884 1325 Jesus
930 1287 1125 1323 Christus.
1170 1288 1270 1322 Nam
1305 1296 1439 1333 preter
1472 1286 1559 1322 illas

244 1350 431 1386 veritates
472 1349 511 1385 in
556 1358 689 1385 mente
735 1346 916 1395 cognitas
958 1355 993 1382 et
1033 1345 1196 1381 habitus
1236 1345 1327 1381 fidei
1369 1354 1405 1381 et
1448 1354 1560 1381 actus

245 1408 320 1444 nisi
354 1407 437 1455 ipse
460 1407 579 1443 fuerit
602 1406 769 1454 illapsus
799 1415 837 1442 et
868 1413 1042 1440 mentem
1071 1403 1284 1450 irradians,
1318 1403 1560 1439 christianus

246 1478 327 1502 non
359 1465 539 1514 gignitur
571 1463 711 1501 fidelis.

1584 597 1710 624 Parable
1731 597 1766 624 os
1782 597 1830 624 tlie

1664 637 1755 660 tates.

1601 829 1670 857 The
1691 837 1761 856 man
1784 830 1809 856 is

1598 865 1687 892 ,lesus
1708 864 1821 892 Christ.

189 1537 231 1559 20
303 1525 409 1572 Ager
452 1532 585 1560 autem
627 1527 685 1569 (ut
729 1521 827 1557 dicit
870 1520 1039 1565 Veritas)
1088 1528 1145 1556 est
1192 1520 1366 1555 mundus
1405 1518 1472 1567 qui
1512 1519 1644 1555 adTlie
1664 1526 1850 1554 fieldisthe

247 1595 409 1619 sensum
443 1582 565 1618 alium
600 1589 733 1630 potest
766 1578 844 1616 dici
879 1578 1067 1627 ecclesia3
1101 1578 1158 1614 sic
1192 1577 1297 1613 enirn
1323 1577 1421 1613 dicit
1445 1589 1561 1613 evan-

247 1640 395 1688 gelium
428 1639 621 1676 Johannis
660 1640 740 1685 XII,
789 1650 833 1684 19
875 1638 984 1686 quod
1023 1644 1127 1673 totus
1166 1637 1330 1671 mundus
1356 1643 1445 1685 post
1478 1648 1562 1671 eum

247 1700 349 1735 abiit.
383 1701 432 1735 Et
462 1697 657 1735 Johannis
691 1699 740 1742 10,
778 1708 824 1732 10
859 1696 1022 1731 mundus
1054 1708 1138 1731 eum
1171 1707 1244 1730 non
1277 1694 1472 1745 cognovit,
1495 1693 1563 1729 ubi

248 1770 329 1793 non
363 1757 464 1794 foret
500 1756 702 1805 pertinens
726 1754 839 1803 loqui
864 1755 911 1790 de
940 1754 1092 1789 mundo
1125 1752 1200 1788 nisi
1233 1753 1281 1788 de
1304 1751 1564 1788 universitate

190 1815 474 1852 25hominum.
509 1816 596 1850 Hoc
635 1822 768 1850 autern
817 1824 953 1848 semen
994 1811 1084 1846 fidei
1118 1810 1331 1847 seminavit
1366 1809 1564 1846 Dominus

247 1874 286 1909 in
331 1874 407 1909 hoc
451 1886 547 1921 agro
586 1873 635 1908 ad
674 1870 942 1907 edificandum
984 1869 1057 1905 sibi
1098 1868 1322 1914 ecclesiam,
1366 1867 1422 1904 sic
1455 1868 1565 1916 quod

249 1931 432 1968 homines
466 1932 658 1968 habentes
692 1929 802 1978 prius
836 1940 920 1965 esse
953 1927 1136 1964 naturale
1175 1926 1363 1963 viciatum
1407 1934 1444 1961 et
1477 1938 1564 1973 per-

250 1990 378 2027 ditum
419 1989 511 2026 facti
552 1998 645 2025 sunt
685 1987 755 2024 filii
795 1986 867 2023 Dei
910 1999 980 2034 per
1019 1985 1194 2033 graciam
1243 1985 1361 2021 huius
1402 1982 1565 2020 seminis

249 2048 304 2084 sic
344 2047 528 2094 immissi,
562 2045 762 2083 dormicio
806 2044 1020 2081 hominum
1061 2053 1118 2081 est
1163 2042 1367 2091 negligens
1413 2042 1566 2078 desidia

194 2106 496 2154 30prelatorum
541 2105 601 2141 vel
646 2113 689 2140 ut
733 2103 862 2151 placet
905 2102 1005 2149 aliis,
1053 2110 1111 2138 est
1159 2101 1286 2137 eciam
1336 2099 1565 2148 speculacio

250 2163 679 2212 contemplativorum3
713 2175 807 2199 nam
840 2161 931 2198 talis
955 2160 1127 2197 ebrietas
1152 2159 1243 2196 facit
1269 2158 1565 2196 ecclesiasticos

250 2222 342 2259 licet
374 2234 523 2270 paucos
556 2234 578 2258 a
611 2234 706 2258 cura
738 2220 799 2256 sui
824 2218 1028 2268 regiminis
1051 2217 1192 2256 ociari.
1226 2217 1416 2254 Inimicus
1441 2218 1564 2253 homo

252 2291 309 2318 est
343 2281 425 2328 ipse
458 2279 644 2316 diabolus
678 2278 746 2327 qui
779 2286 927 2315 terram
961 2277 1125 2313 comedit
1156 2277 1301 2312 cunctis
1333 2276 1462 2312 diebus
1494 2275 1568 2311 vite

322 2422 346 2442 2.
369 2414 408 2442 B:
429 2415 459 2442 in
474 2422 592 2449 marg:
613 2422 655 2448 14.
717 2421 745 2449 2,
759 2412 784 2441 3.
800 2415 845 2441 A:
868 2413 982 2441 bonum
1004 2420 1135 2439 semum.
1202 2412 1227 2439 3.
1249 2411 1276 2438 A
1291 2411 1322 2438 in
1338 2418 1437 2445 marg.
1451 2419 1457 2436 :
1473 2409 1566 2437 Nota.

245 2458 280 2484 4.
307 2450 346 2477 B:
374 2454 419 2477 est
444 2458 543 2484 en1m3
569 2451 613 2477 A:
635 2449 807 2476 secundum
829 2449 978 2476 essencia.
1088 2447 1116 2474 6.
1137 2447 1181 2474 A:
1202 2445 1309 2474 habitu
1329 2450 1358 2473 et
1377 2447 1520 2473 inventus
1540 2448 1569 2471 et

253 2491 285 2514 ut
305 2487 416 2519 liomo;
438 2485 478 2513 B:
501 2489 529 2512 et
549 2486 704 2512 inventus.
802 2492 828 2519 7.
850 2483 916 2511 BC:
941 2483 1102 2516 deitatem3
1210 2482 1250 2508 ib.
1271 2482 1299 2508 A
1319 2481 1350 2508 in
1372 2488 1469 2515 marg.
1498 2487 1568 2514 sup.

251 2522 303 2548 tol.
326 2520 401 2548 1510:
431 2518 499 2547 Non
528 2520 637 2547 bonum
662 2527 762 2547 semen
791 2518 951 2546 seminasti
978 2517 1105 2545 Matthei
1130 2515 1211 2544 xm.
1239 2516 1361 2543 Bonum
1389 2522 1493 2543 semen
1522 2520 1567 2541 est

250 2558 333 2591 tipus
352 2555 482 2590 pietatis,
497 2555 625 2582 verbum
641 2555 786 2587 veritatis,
809 2555 915 2590 passio
929 2553 1103 2585 salvatoris,
1119 2559 1198 2586 pena
1219 2551 1408 2585 peccatoris;
1430 2551 1566 2585 primum

252 2599 357 2618 semen
381 2591 549 2618 mundatur
569 2599 584 2616 a
606 2590 714 2624 paleis,
737 2597 800 2616 non
822 2589 983 2616 extollatur
1004 2588 1176 2620 favoribus,
1199 2586 1370 2613 secundum
1399 2589 1566 2621 purgatum

252 2635 268 2653 a
295 2627 423 2653 zizaniis
450 2633 488 2652 ne
516 2625 691 2652 involvatur
717 2624 888 2657 erroribus,
917 2622 1051 2650 tercium
1079 2622 1211 2649 moritur
1238 2621 1267 2647 in
1295 2620 1470 2655 suppliciis,
1492 2620 1566 2646 dum

253 2662 423 2688 seminatur
446 2660 623 2692 doloribus,
645 2664 790 2694 quartum
819 2659 944 2686 metitur
970 2657 999 2684 in
1029 2657 1176 2689 tristiciis‚
1205 2656 1279 2683 dum
1300 2655 1447 2690 irrigatur
1469 2662 1566 2680 mero-

253 2696 349 2723 ribus.
446 2703 475 2729 9.
500 2694 565 2721 BC:
588 2694 740 2721 Dominus
762 2694 856 2721 deest.
950 2700 987 2719 12.
1010 2693 1055 2719 A:
1077 2691 1294 2726 gingnitivum.
1387 2698 1429 2725 19.
1452 2690 1498 2716 A:
1523 2688 1567 2715 in-

253 2730 406 2763 fidelium;
428 2730 448 2756 B
471 2729 500 2757 in
522 2729 638 2763 fideli53
661 2727 695 2755 C.
717 2729 746 2755 in
768 2728 878 2755 fidelis.
988 2735 1034 2754 20.
1055 2727 1101 2754 A:
1122 2726 1206 2761 quod
1226 2725 1275 2752 ad.
1396 2732 1434 2758 21,
1456 2731 1499 2750 22.
1519 2724 1568 2750 A:

252 2766 423 2827 {vangelim
461 2772 505 2792 22.
527 2764 568 2792 C:
589 2763 740 2791 ,Iohannis
755 2764 850 2790 deest.
889 2770 937 2796 29.
958 2761 1026 2790 BC:
1047 2761 1165 2789 diffidia
1186 2760 1355 2795 negligens.
1401 2757 1446 2786 30.
1468 2760 1512 2786 A:
1535 2762 1568 2784 ut

275 2805 347 2828 eest.

329 2883 359 2916 3.
387 2882 438 2915 Cf.
464 2882 630 2926 Wyclif's
656 2883 825 2914 Sermons
851 2881 906 2913 ed.
933 2881 978 2924 by
1005 2881 1136 2913 Arnold
1164 2881 1188 2921 Ι,
1214 2879 1268 2922 95.

1657 1562 1767 1588 world.

1607 2048 1676 2076 The
1697 2049 1780 2083 sleep
1802 2047 1825 2075 is

1593 2085 1691 2112 either
1711 2084 1791 2110 sloth
1813 2083 1847 2110 of

1623 2120 1756 2154 prelates
1780 2126 1815 2144 oi·

1589 2154 1844 2189 contemplation.
