2017 3353
225 222 360 251 suffito
382 210 459 267 1.x.]
731 221 873 252 PRIMA
900 219 1026 250 PARS.

226 331 315 368 liter
347 329 497 366 faciunt
529 340 653 376 opera
686 326 846 364 Christo
877 325 1046 361 vivendo
1079 322 1340 360 conformiter
1372 324 1421 359 ad
1455 334 1542 371 pre-

228 398 342 437 cepta
374 400 458 433 sua,
493 385 586 436 quia
618 383 903 434 sophisticacio
938 383 1142 418 mundana
1183 389 1240 417 est
1278 381 1395 417 fallax
1434 393 1542 417 com-

230 446 404 484 muniter
438 454 475 482 et
508 444 563 481 sic
596 452 705 480 recta
737 454 860 491 opera
893 441 1045 490 populo
1079 439 1197 476 fidem
1233 440 1385 475 darent.
1428 439 1542 475 Unde

231 507 289 551 (ut
322 504 486 553 quidam
520 503 677 549 notant)
713 499 839 537 nostri
874 498 1065 547 episcopi,
1101 496 1168 546 qui
1201 498 1420 533 succedunt
1454 497 1541 532 loco

194 561 376 600 §Christi
421 562 567 598 habent
606 559 809 596 racionem
856 556 1071 605 duplicem,
1114 568 1205 592 curn
1244 554 1322 591 sint
1362 553 1543 590 homines

228 630 264 658 et
298 619 447 657 diaboli
480 617 692 655 incarnati.
728 616 768 653 Si
801 615 907 652 enim
933 615 1062 651 forent
1097 625 1140 650 ex
1164 615 1261 659 Deo,
1296 612 1543 648 dimitterent

227 679 344 716 istam
370 678 617 714 mundanam
642 673 996 712 conversacionem
1021 671 1284 720 sophisticam
1310 679 1346 707 et
1367 669 1544 706 viverent

228 736 388 774 Christo
422 733 683 772 conformiter
715 745 839 781 opera
871 743 942 768 sua
975 730 1146 767 fideliter
1178 729 1375 766 faciendo.

285 797 366 832 Iam
420 793 525 829 enim
577 800 614 828 et
663 791 743 827 fere
788 791 836 827 ab
882 787 1172 826 Innocencio
1218 789 1287 823 IIIO
1336 785 1546 835 pullulavit

172 866 211 888 ιο
228 851 375 890 heresis
409 852 456 888 de
488 858 743 887 sacramento
777 847 926 893 altaris,
961 847 1068 896 quod
1103 854 1160 882 est
1195 844 1379 894 qualitas,
1421 857 1546 893 quan-

227 911 318 948 titas
351 909 431 946 sive
463 908 598 954 nichil,
633 916 669 944 et
693 908 801 956 quod
833 906 887 942 ibi
910 918 991 942 non
1014 913 1071 941 est
1093 912 1390 941 sacramentum
1415 911 1548 951 preter

227 969 325 1005 illud
365 968 473 1017 quod
512 975 569 1003 est
615 965 851 1002 naturaliter
891 976 1037 1012 corpus
1070 961 1237 1007 Christi3
1284 970 1320 997 et
1359 960 1414 997 ita
1455 973 1547 997 con—

227 1035 439 1076 sequenter
484 1033 632 1073 negant
676 1023 856 1060 infideles
895 1023 1003 1071 quod
1035 1033 1179 1070 panem
1213 1032 1332 1069 quem
1367 1018 1547 1056 Christus

229 1085 333 1134 cepit
365 1084 405 1120 in
439 1083 624 1120 manibus
655 1081 748 1118 fecit
771 1093 854 1118 esse
876 1078 1224 1117 sacramentaliter
1247 1090 1392 1126 corpus
1416 1090 1545 1113 suum.

175 1146 210 1179 15
228 1146 277 1180 Et
308 1155 390 1179 non
422 1143 608 1179 obstante
641 1141 748 1189 quod
781 1139 856 1175 ista
889 1137 1038 1175 heresis
1071 1137 1120 1173 sit
1153 1136 1193 1172 in
1224 1135 1396 1184 Anglia
1430 1134 1548 1171 hodie

229 1203 329 1238 adeo
363 1200 542 1245 dilatata,
576 1207 711 1236 tamen
743 1197 920 1246 episcopi
944 1195 1071 1232 nostri
1095 1196 1144 1232 ad
1168 1194 1273 1231 istud
1295 1193 1547 1231 subditorum

229 1259 453 1308 periculum
507 1270 590 1294 non
642 1257 866 1301 attendunt,
920 1255 980 1291 vel
1025 1253 1119 1302 quia
1163 1252 1238 1301 ipsi
1282 1261 1325 1288 ut
1370 1251 1550 1287 infideles

231 1318 415 1366 ignorant
456 1315 666 1353 materiam
698 1315 759 1351 vel
793 1313 886 1363 quia
919 1322 1121 1349 terrenum
1156 1311 1312 1347 lucrum
1347 1318 1383 1346 et
1418 1309 1550 1357 singu-

230 1376 330 1413 laria
362 1374 529 1423 negocia
562 1372 687 1421 magis
721 1380 884 1417 curant;
919 1370 1100 1408 Christus
1134 1378 1269 1406 tamen
1304 1368 1444 1405 Matth.
1480 1368 1551 1404 IV0

174 1451 213 1472 20
230 1433 434 1483 pacienter
466 1431 651 1468 toleravit
685 1432 782 1467 duas
807 1428 1069 1466 humanitatis
1093 1439 1161 1464 sue
1195 1426 1375 1472 iniurias,
1411 1426 1479 1462 sed
1512 1425 1551 1461 in

230 1491 354 1529 tercia
387 1489 605 1527 divinitatis
638 1501 706 1526 sue
739 1487 885 1525 iniuria
908 1487 1118 1524 sathanam
1153 1484 1382 1522 acutissime
1416 1496 1552 1532 repro-

232 1549 352 1596 bavit,
404 1549 587 1586 docendo
639 1548 747 1596 quod
799 1545 943 1595 prelati
994 1544 1185 1593 precipue
1230 1543 1360 1580 facere
1406 1543 1551 1578 debent

232 1607 428 1653 similiter,
468 1607 536 1643 sed
575 1605 676 1642 sicut
719 1605 897 1653 ipsorum
945 1614 1130 1652 perversa
1178 1610 1235 1638 est
1281 1599 1550 1645 conversacio,

233 1666 288 1703 sic
331 1678 470 1702 eorum
512 1676 698 1713 perversa
747 1671 804 1699 est
853 1673 1064 1699 causarum
1114 1658 1374 1708 ponderacio.
1429 1659 1550 1694 Suam

176 1731 216 1763 25
234 1724 339 1761 enim
388 1722 578 1759 iniuriam
622 1730 659 1758 et
701 1720 799 1757 illud
848 1720 955 1769 quod
999 1719 1155 1755 lucrum
1196 1718 1258 1754 vel
1302 1717 1550 1753 mundanum

234 1784 429 1819 honorem
475 1788 632 1829 saperet
684 1778 880 1816 attencius
932 1785 1231 1826 prosequuntur
1275 1776 1343 1812 sed
1389 1787 1551 1811 causam

235 1840 306 1877 Dei
351 1852 396 1877 ac
441 1838 524 1875 eius
568 1839 763 1875 honorem
804 1846 841 1874 et
878 1835 1093 1872 utilitatem
1134 1833 1298 1871 ecclesie
1342 1842 1551 1881 tamquam

235 1897 505 1935 Antichristus
538 1896 701 1933 indubie
734 1895 866 1932 minus
899 1901 1052 1931 curant.

292 1956 471 1993 Audiunt
506 1955 612 1991 enim
636 1953 878 2002 scripturam
903 1965 1058 1989 sacram
1083 1963 1160 2000 que
1183 1958 1241 1987 est
1263 1949 1361 1986 fides
1386 1947 1552 1986 ecclesie

179 2023 219 2055 30
234 2028 340 2052 nunc
372 2022 555 2062 negatam
592 2021 628 2049 et
661 2025 766 2049 nunc
789 2021 998 2060 tamquam
1023 2021 1179 2046 summe
1203 2007 1421 2045 hereticam
1446 2007 1553 2043 defa-

236 2082 400 2118 matam‚
434 2080 470 2109 et
503 2080 638 2108 tamen
662 2070 755 2119 quia
777 2071 877 2106 tales
901 2068 1065 2105 heretici
1089 2080 1132 2104 ex
1155 2075 1269 2116 parte
1292 2065 1370 2103 alia
1393 2065 1553 2114 placent

235 2130 312 2167 illis
343 2131 404 2167 vel
436 2129 543 2178 ipsos
576 2129 709 2165 fovent
753 2129 813 2164 vel
851 2127 890 2164 in
931 2139 1051 2163 causa
1084 2125 1155 2163 Dei
1195 2133 1328 2162 tacent
1365 2124 1427 2160 vel
1459 2122 1554 2160 resi-

235 2197 381 2225 stentes
414 2188 468 2225 eis
502 2186 777 2235 multipliciter
807 2185 1092 2223 scandalizant.
1127 2184 1204 2221 Sed
1237 2182 1462 2219 timendum
1496 2190 1553 2218 est

236 2248 344 2296 quod
377 2255 482 2282 secte
520 2245 675 2282 novelle
716 2253 753 2281 et
786 2245 962 2281 fautores
1002 2255 1139 2279 earum
1179 2240 1257 2278 sint
1296 2240 1338 2277 in
1377 2239 1554 2288 capitulo

180 2306 452 2346 35Judeorum
486 2303 708 2340 infidelium
743 2315 843 2352 quos
876 2300 1057 2339 Christus
1091 2300 1130 2337 in
1162 2301 1238 2336 hoc
1269 2297 1474 2346 evangelio
1498 2297 1554 2334 sic

235 2362 398 2400 affatur:
423 2362 500 2398 Sed
522 2374 589 2398 vos
612 2374 684 2397 non
708 2361 877 2407 creditis,
902 2360 988 2410 quia
1011 2372 1083 2396 non
1106 2359 1195 2395 estis
1217 2369 1268 2394 ex
1289 2357 1420 2393 ovibus
1443 2356 1556 2400 meis,-

236 2433 325 2458 oves
368 2432 448 2456 mee
483 2432 611 2456 vocem
647 2432 770 2456 meam
801 2419 974 2464 audiunt,
1009 2425 1044 2454 et
1077 2430 1151 2468 ego
1186 2427 1378 2467 cognosco
1413 2427 1477 2451 eas
1521 2421 1556 2450 et

237 2486 450 2529 sequuntur
479 2490 549 2515 me.

307 2598 327 2621 ι,
349 2597 374 2616 2.
397 2589 493 2617 BDE:
516 2593 659 2624 precepta
680 2588 735 2616 sui.
799 2596 824 2616 2.
847 2588 890 2615 A:
913 2595 967 2615 sua
987 2587 1082 2614 deest.
1138 2584 1163 2613 3.
1185 2586 1232 2613 A:
1255 2585 1299 2613 sic
1319 2584 1418 2619 deest;
1448 2584 1488 2612 ib.
1510 2585 1553 2612 A:

239 2628 364 2660 propter
384 2624 493 2657 fidem3
523 2623 564 2651 ib.
584 2623 609 2651 Ε
628 2623 659 2651 in
680 2631 796 2658 marg.:
817 2622 910 2650 Nota.
1015 2621 1043 2649 6.
1065 2622 1104 2649 A:
1127 2625 1154 2647 ct
1174 2621 1267 2647 deest.
1371 2627 1409 2647 12.
1432 2618 1552 2646 BCDE:

238 2659 319 2695 quod
342 2658 436 2698 deest.
494 2666 601 2692 12—14.
623 2658 663 2685 B:
685 2662 713 2685 et
732 2658 773 2685 ita
793 2674 827 2677 —
846 2665 960 2693 corpus
981 2665 1070 2684 suum
1092 2656 1122 2683 in
1144 2659 1227 2682 textu
1248 2655 1332 2691 dupl.
1391 2661 1429 2686 12,
1453 2652 1489 2681 13.
1510 2653 1552 2680 D:

238 2698 454 2721 communiter.
529 2692 566 2720 15.
589 2693 632 2720 A:
655 2701 716 2720 non
737 2692 832 2720 deest.
904 2692 944 2719 16.
968 2691 1007 2719 C:
1030 2691 1132 2718 dilata.
1207 2697 1254 2717 20.
1276 2690 1314 2717 B:
1338 2688 1554 2716 humanitates.

237 2736 284 2767 21..
299 2736 341 2755 22.
364 2729 406 2756 A:
429 2728 610 2763 exprobavit
629 2727 770 2755 dicendo.
835 2734 881 2758 24·
903 2726 1028 2754 ACDE:
1052 2725 1129 2752 sicut
1150 2725 1379 2760 episcoporum.
1445 2723 1487 2750 25.
1509 2723 1553 2750 A:

239 2771 320 2790 emm
341 2763 435 2790 deest.
532 2762 578 2790 26.
601 2762 639 2790 E:
663 2762 753 2797 sapit.
852 2769 895 2796 27.
917 2762 962 2788 A:
984 2765 1012 2788 et
1033 2761 1097 2787 eius
1119 2760 1267 2787 honorem
1289 2767 1332 2786 ac.
1417 2757 1463 2785 3ο.
1484 2757 1553 2785 DE:

238 2802 377 2833 negatam
408 2802 435 2824 et
467 2805 547 2824 nunc
572 2801 634 2824 tam
660 2805 729 2823 uam
761 2800 787 2822 ct
816 2804 912 2829 nuno:
935 2797 978 2823 A:
1002 2803 1082 2822 nunc
1103 2803 1132 2821 se
1159 2794 1241 2821 uitur
1265 2794 1338 2827 lac.;
1361 2797 1500 2828 negatam
1522 2808 1555 2812 —

236 2837 395 2895 t}mquam
417 2832 510 2859 deest.
578 2830 624 2865 34.
674 2831 765 2858 odd.:
788 2839 905 2858 eorum.
967 2829 1010 2858 35.
1033 2829 1070 2856 B:
1092 2828 1128 2856 Ju
1154 2836 1260 2856 eorum
1283 2828 1375 2856 deest.
1438 2826 1484 2856 36.
1506 2827 1551 2855 A:

237 2876 251 2895 e
277 2872 354 2895 atur.

1583 780 1699 815 Hercsy
1721 788 1757 805 on
1780 779 1829 816 the

1591 818 1762 841 sacrament
1784 818 1813 840 ot

1623 849 1672 876 the
1694 849 1778 875 altar.

1612 1186 1645 1213 In
1666 1185 1804 1220 England

1567 1220 1845 1282 bishopsittolerate
