2017 3353
205 236 342 265 semro
368 223 436 281 nt]
718 236 859 267 PRIMA
883 236 1007 269 PARS.
1754 227 1802 278 57

207 344 447 382 cerimonias
487 343 584 390 legis
616 341 757 378 veteris
791 353 873 377 non
907 342 1021 378 decet
1054 341 1259 378 Christum
1292 341 1352 377 vel
1385 342 1515 388 Bapti-

206 412 308 440 stam
352 414 473 438 novas
518 399 692 448 antiquis
738 399 968 447 adiungere,
1016 401 1125 449 quod
1171 399 1352 435 Christus
1398 400 1517 435 docet

206 460 420 497 efficaciter
452 459 489 495 in
524 457 703 505 exemplo
729 457 878 505 duplici
912 459 1045 506 quoad
1070 457 1317 494 intellectum
1342 465 1379 492 et
1401 457 1515 493 affec-

206 528 304 555 tum.
359 516 471 554 Sicut
503 516 606 553 enim
648 515 686 551 in
718 528 852 563 panno
886 515 1007 551 veteri
1040 527 1119 552 non
1154 514 1327 551 insuitur
1358 527 1516 562 pannus

173 582 344 621 5n0vus‚
379 587 427 611 ne
461 574 542 610 eius
577 573 806 621 pulcritudo
840 573 1006 609 tollatur
1038 582 1076 609 et
1109 573 1237 609 maior
1276 581 1441 620 ruptura
1474 585 1517 609 ex

205 633 415 682 fragilitate
453 632 574 680 panni
611 631 753 667 veteris
786 630 992 677 efficiatur,
1027 631 1082 668 sic
1105 632 1153 667 ad
1177 630 1414 667 cerimonias
1447 643 1516 666 an-

206 691 336 740 tiquas
356 690 497 727 veteris
522 690 617 738 legis
641 689 701 725 vel
722 688 964 725 tradiciones
988 697 1198 737 corruptas
1217 698 1254 725 et
1276 688 1518 736 pharisaicas

205 762 287 786 non
311 750 424 785 decet
446 748 649 784 Christum
673 748 854 795 putando
878 759 1073 784 consuere
1102 747 1229 795 legem
1264 759 1391 792 suam,
1427 759 1516 782 cum

206 807 344 844 exhinc
379 807 506 854 legem
541 818 652 842 suam
687 804 867 842 inficeret
898 805 958 841 vel
993 814 1202 853 rupturam
1245 805 1440 841 maiorem
1476 816 1519 840 ex

153 872 190 893 ¹0
206 864 536 902 monstruositate
569 864 725 900 faceret.
756 865 805 899 Et
836 863 891 900 sic
923 873 1119 912 quantum
1155 864 1205 899 ad
1245 862 1446 899 racionem
1482 871 1519 899 et
1566 870 1700 909 Chrisi's
1722 877 1788 907 new

205 923 451 959 intellectum
486 930 644 970 oportet
677 920 774 969 legis
807 934 908 958 nove
942 921 1180 958 cerimonias
1225 933 1296 969 per
1327 933 1368 956 se
1401 930 1518 966 stare,
1535 906 1808 968 Ιζνζηξὲἓέξζζῗοῖῐὸ

205 990 243 1017 et
276 989 470 1030 quantum
504 981 551 1017 ad
597 979 783 1016 affectum
817 979 879 1016 vel
913 979 1174 1016 devocionem
1209 979 1519 1015 christianorum
1632 975 1709 1002 nies.

206 1052 325 1088 quam
365 1038 501 1074 vinum
536 1051 686 1074 novum
724 1037 865 1085 signat,
906 1046 1015 1085 patet
1048 1039 1157 1086 quod
1203 1037 1306 1073 sicut
1339 1037 1379 1073 in
1412 1045 1520 1072 utres

205 1105 356 1133 veteres
401 1109 483 1133 non
522 1096 660 1132 vinum
709 1108 858 1131 novum
911 1097 1130 1143 prudenter
1174 1094 1413 1143 imponitur,
1465 1094 1521 1130 sic

152 1166 188 1199 15
205 1155 341 1191 vinum
376 1154 609 1191 devocionis
654 1153 817 1201 spiritus
851 1153 977 1190 sancti
1023 1153 1200 1189 infusum
1237 1152 1385 1189 Christi
1427 1152 1522 1188 fide-

207 1213 310 1249 libus
343 1225 424 1249 non
458 1214 575 1249 debet
607 1212 646 1248 in
680 1211 865 1259 antiquas
900 1211 1135 1247 cerimonias
1170 1211 1325 1247 infundi
1360 1211 1429 1246 sed
1463 1223 1522 1246 se-

208 1272 386 1307 cundum
420 1283 547 1307 novos
583 1270 680 1307 ritus
715 1278 753 1306 et
783 1282 906 1317 puros
931 1269 1185 1317 evangelicos
1210 1267 1436 1316 adimpleri.
1474 1271 1523 1304 Et

206 1328 281 1365 ista
324 1337 383 1365 est
426 1328 628 1365 sentencia
672 1327 843 1375 apostoli
890 1329 939 1364 ad
985 1327 1148 1364 Galatas
1194 1328 1241 1363 de
1294 1325 1524 1363 cessacione

206 1386 408 1435 legalium.
473 1386 584 1423 Sicut
631 1385 735 1422 enim
788 1385 1097 1422 calciamentum
1147 1393 1206 1421 est
1256 1384 1396 1432 religio
1447 1397 1524 1433 qua

149 1455 191 1477 20
206 1444 371 1482 affeccio
411 1453 604 1490 servatur,
652 1443 706 1480 sic
747 1443 883 1480 tunica
925 1452 962 1480 et
1001 1451 1109 1480 utres
1143 1451 1235 1479 sunt
1274 1442 1412 1490 religio
1447 1455 1523 1491 qua

206 1502 432 1539 intelleccio
477 1511 514 1539 et
561 1501 723 1539 affeccio
768 1501 947 1538 fidelium
981 1509 1282 1538 conservantur.
1323 1503 1372 1537 Et
1415 1508 1525 1548 patet

207 1574 325 1609 quam
360 1560 529 1609 turpiter
562 1569 600 1597 et
633 1568 892 1596 monstruose
924 1560 1064 1596 fratres
1098 1568 1300 1596 consuunt
1338 1558 1398 1595 vel
1442 1558 1523 1606 pic-

207 1627 291 1656 tant
329 1631 400 1656 sua
438 1619 528 1656 ficta
574 1617 785 1655 mendacia
823 1619 871 1654 ad
918 1617 1151 1665 religionem
1186 1630 1307 1665 quam
1342 1616 1524 1653 Christus

206 1676 379 1713 instituit
411 1686 448 1713 et
479 1676 605 1714 voluit
639 1685 683 1712 ut
715 1688 893 1724 pannum
927 1688 1077 1712 novum
1111 1684 1348 1723 perpetuum
1382 1687 1452 1722 per
1484 1686 1524 1710 se

149 1736 189 1768 25
207 1734 472 1772 sufficientem
508 1744 544 1771 et
577 1734 799 1782 simplicem
834 1746 919 1770 esse
952 1734 1111 1770 fortem.
1153 1736 1201 1769 Et
1233 1733 1307 1770 ista
1340 1732 1524 1769 conside-

209 1793 315 1829 racio
351 1792 499 1829 Christi
532 1794 644 1829 daret
676 1804 746 1839 per
778 1804 817 1828 se
850 1791 969 1827 fidem
1004 1791 1200 1837 fidelibus,
1235 1803 1283 1827 ne
1316 1790 1526 1838 paciantur

205 1850 299 1899 fingi
331 1851 370 1886 in
402 1850 494 1898 ipsis
529 1860 655 1887 sectas
679 1849 868 1896 novellas,
903 1849 996 1896 quia
1025 1849 1187 1885 indubie
1222 1858 1355 1885 totum
1387 1860 1524 1895 aggre-

206 1918 342 1957 gatum
375 1921 419 1945 ex
449 1908 543 1956 ipsis
576 1907 750 1944 inficitur
782 1917 819 1944 et
852 1907 1068 1944 christiana
1100 1906 1239 1954 religio
1273 1907 1524 1953 deturpatur.

711 2032 905 2073 SERMO
938 2033 1009 2074 IX.

151 2142 192 2174 30
273 2140 377 2177 Venit
423 2141 534 2177 Jesus
578 2153 600 2176 α
652 2140 805 2177 Galilea
853 2141 888 2176 in
936 2140 1149 2177 Jordanem
1197 2139 1249 2174 ad
1294 2139 1522 2176 ιῙοΙιαηηεηι.
1572 2158 1675 2186 Christ
1695 2165 1782 2184 came

207 2199 372 2236 Matthei
406 2200 490 2245 1110,
532 2199 594 2235 13.
1558 2193 1583 2221 Ι.
1605 2200 1793 2256 ιῧοῗιῗὶρὸτονε

264 2259 307 2293 In
339 2258 416 2294 hoc
449 2255 654 2304 evangelio
701 2256 917 2304 replicatur
957 2255 1162 2293 sentencia
1201 2255 1306 2291 dicta
1343 2254 1525 2302 proximo
1585 2266 1783 2305 preaching„

207 2328 393 2352 sermone
425 2316 473 2351 de
506 2315 866 2362 solempnisacione
912 2315 1037 2351 altera
1081 2314 1198 2350 huius
1244 2313 1345 2350 festi.
1408 2299 1642 2362 Venitsshtgss’
1665 2301 1819 2373 ῑξξῃζξὲἶ

209 2382 343 2410 autem
394 2375 508 2410 Jesus
561 2383 605 2410 ut
660 2375 904 2421 approbaret
941 2372 1134 2409 Johannis
1186 2370 1523 2419 predicacionem,
1638 2370 1719 2398 tism.

151 2433 191 2465 35
210 2441 252 2468 ut
285 2441 395 2468 tactu
448 2443 517 2467 sue
562 2431 827 2468 mundissime
880 2430 1011 2467 carnis
1057 2430 1250 2467 tribueret
1291 2441 1393 2477 aque
1446 2428 1523 2465 vim

277 2528 302 2547 2.
323 2520 367 2547 A:
389 2519 485 2546 decet.
589 2517 616 2547 3.
637 2521 684 2546 A:
706 2527 768 2551 quo
789 2519 988 2546 intellectum.
1087 2517 1114 2545 5.
1136 2519 1181 2545 A:
1204 2522 1235 2544 ut
1255 2518 1332 2544 eius.
1442 2517 1470 2543 6.
1502 2518 1523 2543 Β

208 2557 238 2583 in
261 2563 380 2589 marg:
401 2553 501 2581 Nemo
521 2554 659 2582 immittit
679 2555 920 2582 commissuram
943 2553 1106 2589 quomodo
1128 2552 1320 2586 intelligitur.
1406 2560 1432 2582 7.
1455 2552 1522 2579 BC:

207 2596 236 2617 et
255 2590 359 2622 deest;
379 2590 423 2617 A:
440 2590 647 2624 pharaseicas.
739 2589 766 2615 8.
784 2589 821 2615 B:
843 2596 905 2616 non
926 2596 1089 2616 consuere.
1164 2595 1192 2622 9.
1214 2589 1259 2614 A:
1276 2587 1460 2614 interficeret
1481 2592 1522 2613 ut.

209 2633 250 2652 ιο.
266 2625 311 2652 B:
333 2624 597 2651 menstruositate.
683 2623 720 2651 13.
736 2623 775 2650 B:
798 2631 890 2659 quam
913 2623 1012 2656 deest;
1037 2622 1078 2650 C:
1124 2630 1177 2654 ue;
1198 2622 1238 2649 ib.
1259 2623 1304 2649 A:
1327 2623 1406 2648 sicut
1428 2621 1523 2649 deest.

209 2659 249 2693 15,
269 2659 312 2686 16.
333 2661 377 2686 A:
399 2660 442 2686 sic
462 2661 492 2686 in
514 2658 699 2686 cerimonias
722 2664 858 2691 veteres;
880 2658 901 2685 Β
923 2659 952 2685 in
974 2665 1092 2692 marg.:
1144 2659 1231 2684 inum
1253 2665 1366 2683 novum
1388 2664 1417 2683 in
1441 2661 1523 2683 utres

208 2700 327 2722 veteres
347 2693 437 2721 fundi
457 2694 530 2729 quid
554 2699 609 2720 est.
684 2692 720 2720 15.
741 2694 786 2720 A:
802 2692 917 2721 Christi
936 2693 1031 2720 deest.
1117 2699 1161 2719 22.
1182 2691 1248 2719 BC:
1271 2692 1352 2726 quod
1374 2691 1522 2725 μυρίκη

209 2729 250 2757 ib.
270 2728 407 2757 Azfines
427 2733 585 2755 consuunt
605 2728 649 2755 vel
671 2732 790 2763 putant.
874 2728 916 2756 25.
931 2729 978 2755 A:
999 2728 1044 2755 vel
1066 2726 1250 2761 simplicem.
1340 2726 1387 2753 26.
1402 2727 1445 2753 A:
1470 2733 1524 2758 per

209 2772 243 2791 se
263 2764 357 2791 deest.
439 2771 484 2798 27.
505 2765 549 2791 A:
573 2763 603 2790 in
624 2763 720 2798 ipsas.
793 2770 839 2798 27,
859 2762 904 2790 28.
925 2763 969 2790 A:
991 2762 1190 2797 agricultum.
1231 2795 1235 2799 ⁴
1280 2759 1329 2787 28.
1349 2760 1386 2787 B:
1419 2761 1523 2787 detur-

211 2803 300 2833 patur
320 2803 378 2826 elc.
484 2798 531 2826 30.
552 2797 593 2826 C:
615 2798 653 2825 ad
673 2797 845 2825 Johannem
867 2798 963 2825 deest.
1071 2796 1114 2825 35.
1134 2798 1178 2824 A:
1199 2796 1350 2822 tribuerit.

279 2857 332 2891 29.
361 2846 412 2879 Cf.
430 2846 591 2890 Wyclif's
618 2846 785 2878 Sermons
804 2846 828 2886 I,
856 2847 876 2878 l.
904 2856 932 2878 c.
960 2856 1036 2889 pag.
1057 2843 1209 2877 80-83.
