2017 3353
141 273 159 298 t.)

172 264 187 298 'ai

199 274 218 298 [ό

705 272 926 304 JOHANNts
949 271 1127 303 WYcLiF
1147 272 1404 304 stfiauouuu
1436 259 1586 315 [SERMO
1603 270 1739 297 xxxiv.

428 389 485 415 est
518 379 673 426 aliquos
706 378 862 417 salvari.
897 379 965 413 sed
997 379 1151 414 nullum
1176 378 1380 414 hominem
1415 379 1513 416 citra
1538 379 1740 416 Christum

428 450 587 473 necesse
632 446 687 472 est
733 436 889 472 salvari.
935 438 1015 472 Nec
1058 437 1161 472 valet
1199 436 1274 473 ista
1315 449 1499 473 cecorum
1547 437 1742 474 instancia

428 508 506 543 qua
539 494 717 531 obiciunt
751 495 871 541 quod,
906 494 937 529 si
971 506 1109 530 omnes
1143 494 1323 531 homines
1358 496 1556 531 collectim
1591 495 1743 543 possint

427 553 583 597 salvari,
618 562 711 588 tunc
745 565 832 588 cum
868 552 1012 587 infiniti
1041 551 1222 588 homines
1246 562 1411 600 possunt
1436 566 1518 589 esse
1542 553 1743 601 quantitas

428 611 592 647 ecclesie
637 609 935 657 triumphantis,
983 610 1129 657 poterit
1182 623 1264 647 esse
1317 610 1484 657 infinita,
1539 611 1631 659 quia
1683 615 1775 648 tex—5

428 670 625 717 pectanda
651 669 751 704 foret
781 667 897 703 huius
926 668 1079 704 solucio
1109 681 1316 717 quousque
1346 669 1603 717 probaverint
1636 671 1743 718 quod

429 727 632 775 quantitas
668 725 830 762 humani
864 725 1018 773 generis
1050 728 1269 774 procedere
1292 736 1425 775 posset
1459 727 1498 763 in
1528 727 1742 764 infinitum.

428 788 508 821 Nec
541 793 748 832 expectare
787 797 999 831 possumus
1033 797 1241 832 quousque
1274 787 1407 833 quoad
1448 786 1522 822 hoc
1555 794 1640 822 tota
1674 785 1744 822 Dei

428 842 614 891 potencia
647 842 696 878 sit
730 843 931 878 exhausta.

487 902 630 946 Quoad
675 901 893 936 secundum
935 899 1168 936 conceditur
1214 901 1418 937 conclusio
1463 903 1570 950 quod
1608 901 1803 938 omniaio

427 958 652 995 necessario
694 958 874 994 evenient
914 967 949 994 et
983 967 1067 994 tum
1102 958 1469 1006 contingentissime
1502 969 1538 995 et
1577 959 1632 996 sic
1664 972 1745 996 non

427 1016 653 1053 necessario
693 1017 875 1052 absolute
914 1018 981 1052 sed
1019 1016 1256 1053 necessitate
1295 1029 1338 1053 ex
1378 1017 1661 1066 supposicione
1704 1026 1747 1053 ut

428 1074 491 1111 hic
535 1074 787 1123 supponitur,
822 1076 889 1110 sed
935 1074 1149 1110 difficultas
1195 1084 1251 1111 est
1294 1075 1334 1111 in
1372 1075 1625 1121 affirmativa,
1672 1089 1747 1124 que

429 1145 565 1169 earum
600 1141 690 1168 sunt
723 1131 988 1180 impossibilia
1021 1133 1221 1175 absolute;
1261 1142 1394 1168 utrum
1435 1135 1482 1169 de
1514 1133 1586 1169 Dei
1619 1133 1747 1170 omni-

428 1190 616 1239 potencia
649 1200 815 1238 possunt
848 1199 929 1227 tam
966 1191 1137 1226 mundus
1162 1204 1281 1238 quam
1307 1191 1474 1227 ecclesia
1498 1204 1581 1228 esse
1606 1191 1747 1237 maior,
1771 1194 1805 1226 15

141 1253 200 1280 We
226 1257 338 1297 cqnnpt
364 1253 413 1291 tell
430 1258 466 1285 et
498 1258 656 1285 tenetur
688 1248 952 1296 probabiliter
984 1249 1024 1285 in
1058 1248 1194 1284 multis
1226 1249 1371 1285 talibus
1395 1262 1487 1297 pars
1510 1249 1749 1286 affirmativa

141 1288 301 1350 xx·l1{*i¹12}{>gl
314 1288 413 1349 fiigwffl
431 1316 467 1343 et
499 1316 667 1355 negatur
690 1319 900 1354 processus
923 1306 963 1343 in
986 1306 1199 1343 infinitum.
1225 1308 1302 1343 Sed
1326 1316 1571 1344 reservatum
1594 1307 1750 1344 videtur

221 1365 335 1392 power.
430 1366 514 1401 Deo
567 1364 667 1401 scire
721 1377 881 1401 causam
936 1377 1059 1412 quare
1117 1374 1252 1413 posset
1310 1366 1533 1413 producere
1592 1374 1748 1403 tantum

429 1435 642 1459 numerum
683 1431 719 1459 et
758 1435 838 1459 non
872 1422 1080 1468 maiorem,
1122 1423 1212 1459 ideo
1246 1422 1394 1460 instant
1429 1423 1592 1471 quidam
1627 1436 1749 1471 quare

430 1481 469 1517 in
515 1480 649 1528 aliquo
695 1480 808 1517 finito
846 1493 1015 1517 numero
1055 1480 1103 1517 sit
1142 1480 1371 1517 instandum
1407 1481 1502 1529 quin
1535 1495 1605 1529 per
1644 1482 1748 1518 idem
1767 1493 1807 1514 20

430 1539 470 1575 in
503 1538 591 1574 isto.
632 1540 708 1575 Sed
747 1548 873 1575 totam
916 1538 1032 1575 istam
1068 1539 1277 1575 materiam
1313 1539 1496 1587 relinquo
1535 1539 1623 1575 aliis
1657 1552 1749 1576 con-

432 1597 547 1633 fitens
581 1609 710 1633 meam
752 1596 1025 1644 ignoranciam
1062 1598 1108 1632 de
1142 1609 1311 1632 numero
1349 1597 1549 1645 sapiencie
1583 1597 1748 1634 infinite.

141 1659 208 1687 The
221 1658 371 1698 qxistence
386 1658 420 1685 01*
490 1655 632 1700 Quoad
657 1654 824 1690 tercium
852 1654 997 1691 dicitur
1021 1656 1278 1691 concedendo
1303 1655 1614 1692 conclusionem.
1643 1655 1750 1692 Licet

154 1694 403 1763 tileamgrggfioffl
432 1711 537 1748 enim
584 1712 744 1760 presciti
784 1714 832 1749 ad
872 1721 1030 1760 tempus
1067 1722 1213 1749 nocent
1254 1713 1431 1759 ecclesie,
1472 1722 1639 1761 prosunt
1676 1713 1750 1749 sibi

168 1764 226 1825 {RS
244 1771 391 1824 {ffilfflfffi
432 1779 567 1806 tamen
613 1770 798 1816 finaliter3
845 1783 935 1806 cum
976 1783 1020 1806 ex
1060 1783 1199 1807 eorum
1240 1771 1533 1819 dampnacione
1566 1771 1605 1807 in
1638 1781 1751 1819 parte
1767 1773 1807 1806 25

180 1833 373 1860 themselves.
432 1829 606 1876 gaudent
640 1828 745 1864 beati
777 1837 813 1864 et
837 1837 922 1865 tota
946 1828 1183 1865 universitas
1217 1831 1436 1865 secundum
1463 1842 1545 1865 esse
1567 1830 1749 1866 naturale

431 1888 743 1934 dampnatorum
778 1886 984 1934 perficitur
1007 1895 1044 1922 et
1077 1886 1254 1934 undique
1279 1887 1350 1923 Dei
1379 1887 1506 1935 gloria
1540 1887 1748 1934 dilatatur;

430 1957 502 1980 nec
536 1945 683 1980 habent
717 1944 925 1992 dampnati
956 1957 1118 1981 causam
1149 1953 1288 1981 contra
1312 1946 1453 1991 Deum,
1485 1945 1577 1993 quia
1610 1958 1748 1981 eorum

431 2014 514 2038 esse
553 2002 735 2038 naturale
776 2004 882 2050 quod
923 2011 1117 2051 appetunt
1159 2011 1214 2039 est
1256 2002 1477 2050 perfeccius
1517 2016 1636 2051 quam
1668 2016 1749 2040 non

432 2072 527 2105 esse,
573 2059 663 2096 ideo
698 2061 841 2096 debent
886 2061 933 2096 de
972 2069 1084 2097 tanto
1123 2061 1287 2097 laudare
1326 2061 1502 2108 graciam
1544 2061 1747 2097 creatoris.
1766 2062 1808 2094 30

432 2120 512 2154 Nec
559 2117 723 2154 dubium
771 2117 866 2166 quin
910 2118 941 2154 si
988 2127 1139 2155 starent
1183 2118 1223 2154 in
1267 2118 1402 2166 gracia
1447 2119 1575 2155 finalis
1620 2132 1750 2167 perse-

431 2175 628 2221 verancie,
684 2175 794 2212 cuius
847 2177 1022 2212 defectus
1075 2176 1149 2224 ipsi
1193 2184 1284 2212 sunt
1336 2189 1468 2218 causa,
1522 2177 1651 2213 forent
1703 2178 1751 2213 de

433 2246 602 2270 numero
646 2234 949 2279 salvandorum-13
996 2243 1032 2270 et
1077 2234 1132 2270 sic
1171 2234 1262 2270 licet
1301 2243 1488 2270 uxoratus
1528 2234 1634 2271 dicat
1673 2234 1750 2270 sin-

431 2290 621 2339 gulariter
653 2293 760 2339 quod
793 2304 866 2327 non
893 2304 1050 2341 possum
1090 2292 1231 2337 venire,
1263 2300 1397 2328 tamen
1441 2293 1625 2329 omnibus
1664 2304 1751 2340 pre-

504 2421 523 2440 1.
539 2420 563 2439 2.
580 2414 622 2439 A:
645 2413 695 2439 sed
713 2414 829 2439 nullum
846 2430 877 2432 ἡ
895 2414 1003 2440 salx-ari
1020 2414 1113 2440 deest.
1171 2422 1194 2440 2.
1213 2415 1304 2443 valet:
1326 2415 1353 2441 A
1369 2419 1407 2445 ult
1424 2415 1571 2449 saepius1:
1593 2415 1748 2445 videlicet:

433 2447 472 2473 ib.
495 2448 537 2474 A:
559 2452 740 2474 ceterorum.
814 2447 839 2474 3.
863 2448 927 2475 13‹j:
950 2448 1076 2475 collecti.
1151 2457 1176 2483 7.
1194 2450 1236 2476 A:
1259 2449 1414 2483 quantitas
1436 2449 1535 2479 deest:
1558 2450 1596 2476 ib.
1614 2451 1657 2476 A:
1679 2458 1749 2484 pro-

433 2481 542 2508 duceio
564 2482 661 2516 possit
683 2490 843 2516 procreare
858 2483 1020 2509 inlinitum.
1096 2491 1135 2509 lo.
1152 2484 1179 2509 Α
1196 2483 1224 2509 in
1243 2492 1355 2519 marga
1377 2492 1408 2514 2:
1430 2484 1468 2510 ib.
1485 2485 1528 2511 A:
1549 2498 1559 2511 t
1573 2484 1619 2511 uia
1635 2484 1748 2511 omnia.

435 2515 471 2542 13.
496 2516 560 2543 BC:
591 2516 798 2545 affirmativis:
830 2517 870 2543 ib.
892 2518 919 2544 A
941 2517 969 2543 in
992 2525 1105 2552 marg:
1136 2518 1351 2545 Necessarium
1380 2519 1507 2553 duplex:
1538 2493 1685 2548 absolute,
1715 2528 1747 2546 ex

435 2559 490 2585 sup
518 2550 663 2577 osicione.
714 2560 754 2584 14.
773 2551 812 2578 C:
836 2551 871 2578 de
893 2551 986 2578 deest.
1039 2560 1077 2588 17.
1101 2552 1137 2579 131:
1161 2557 1302 2580 neuetur:
1325 2553 1364 2579 ib.
1380 2555 1424 2580 A:
1447 2554 1475 2580 in
1498 2553 1590 2580 deest.
1641 2562 1681 2583 ω.
1704 2554 1747 2580 A:

435 2590 461 2612 et
489 2559 588 2615 „let-st:
619 2585 658 2612 ib.
682 2585 703 2612 Β
724 2585 752 2612 in
775 2594 870 2624 marg.
892 2586 944 2613 inf.
968 2586 1017 2613 1‘01.
1040 2587 1111 2613 08⁶¹:
1141 2573 1228 2614 Unde
1259 2587 1369 2622 triplex
1399 2593 1442 2614 est
1472 2586 1662 2616 neces-sitas?
1679 2592 1749 2623 puta

434 2620 617 2649 eoaccionis,
634 2620 868 2647 consecucionis
888 2625 913 2647 et
935 2621 1081 2648 naturalis
1096 2621 1324 2651 inclinacitmis:
1346 2622 1425 2649 unde
1446 2631 1517 2657 ergo
1539 2623 1679 2649 voluntas
1701 2631 1749 2649 ne-

434 2654 595 2681 cessitatur
616 2664 630 2681 a
652 2655 715 2681 beo
742 2654 778 2681 ad
807 2655 880 2682 bene
908 2655 1085 2685 volendum.
1113 2656 1183 2691 quia
1210 2665 1269 2683 non
1299 2661 1398 2692 potest
1419 2657 1580 2684 convenire
1601 2657 1747 2684 voluntati

435 2689 536 2716 divine
556 2694 583 2716 et
605 2689 674 2725 quia
695 2690 777 2716 Deus
798 2690 858 2716 vult
887 2689 968 2716 illam
997 2690 1070 2717 bene
1099 2690 1182 2720 velle,
1210 2699 1281 2725 ergo
1308 2691 1513 2718 necessarium
1541 2696 1585 2718 est
1611 2700 1676 2718 eam
1706 2692 1749 2718 >ic

436 2724 518 2752 velle,
547 2724 597 2750 sed
627 2732 685 2750 non
714 2723 851 2759 sequitur
878 2724 958 2759 quod
987 2733 1058 2759 ergo
1085 2726 1222 2752 absolute
1245 2734 1366 2752 necesse
1387 2731 1430 2752 est
1451 2734 1514 2752 eam
1538 2726 1581 2753 sic
1601 2727 1674 2752 velle
1696 2726 1746 2752 =<ed

436 2759 534 2784 solum
557 2758 725 2785 secundum
747 2758 819 2793 quid
841 2763 868 2785 et
888 2768 922 2785 ex
944 2760 1173 2793 supposicione,
1201 2764 1226 2786 et
1255 2760 1313 2787 hoc
1340 2765 1383 2786 est
1411 2761 1575 2787 necessitas
1603 2761 1748 2787 constitu-

435 2792 543 2828 ciouis,
571 2801 630 2819 non
652 2793 842 2821 coaccionis:
864 2793 906 2819 sic
927 2801 998 2827 ergo
1019 2799 1062 2820 est
1084 2803 1187 2821 verum
1210 2795 1291 2829 quod
1314 2795 1471 2821 Christum
1494 2795 1654 2829 oportebat
1676 2794 1746 2829 pati.

435 2827 555 2854 2513&
572 2827 767 2861 simpliciter:
784 2827 858 2854 itmss
874 2828 901 2854 iu
920 2836 1031 2861 marga
1049 2828 1211 2855 Multitudo
1227 2829 1463 2863 dampnatorum
1479 2838 1537 2855 non
1551 2829 1745 2864 dampnitieat

434 2862 590 2888 ecclesiam
609 2862 636 2888 in
650 2862 750 2896 aliquo
763 2862 813 2888 sed
829 2863 956 2889 multum
971 2862 1098 2889 editicat.
1137 2862 1182 2889 30,
1197 2864 1222 2890 A
1235 2874 1240 2890 .·
1255 2864 1433 2890 Salvatoris.
1472 2863 1510 2892 31.
1523 2863 1565 2890 32.
1581 2864 1616 2890 13:
1633 2864 1746 2897 imper-

434 2896 615 2924 severaneie.
671 2895 713 2924 33.
736 2896 802 2924 BC:
824 2897 1026 2931 salvatorumg
1049 2898 1087 2924 ib.
1106 2897 1169 2925 BC:
1192 2898 1235 2925 sie
1256 2898 1350 2925 deest.
1405 2897 1450 2932 34.
1466 2899 1509 2926 A:
1533 2898 1632 2925 venire
1650 2898 1744 2925 deest.
