2017 3353
162 314 236 359 148

158 540 334 567 Clu-istun>
345 538 432 565 silent

179 584 213 612 as
232 580 262 601 to
285 573 373 612 being
394 581 409 599 a

202 611 385 638 Samaritani,

167 1120 216 1145 but
245 1118 352 1145 denied
375 1118 438 1144 that

168 1155 203 1180 lie
231 1153 289 1180 liad
311 1162 326 1180 a
347 1153 436 1180 dcxii.

241 1750 285 1777 (jn
292 1750 313 1777 ri
320 1750 372 1776 st's

170 1786 349 1813 scn'dei'encc
380 1792 442 1810 was

171 1821 216 1848 for
237 1821 285 1847 the
309 1820 388 1853 good
413 1818 447 1845 of

205 1857 254 1883 tlie
275 1854 408 1883 Cliurcli.

740 314 964 348 JOHANNIS
992 311 1176 343 WYCLIF
1202 309 1460 341 SERMONUM
1490 293 1640 351 [SERMO
1662 301 1756 330 XXII.

447 434 516 469 est,
551 422 830 460 demoniacum
874 429 910 456 et
950 417 1137 455 demonio
1176 416 1432 459 servientem3
1478 414 1545 449 sed
1579 411 1760 448 Christus

446 482 570 519 tacuit
603 478 919 529 responsionem,
955 478 1004 513 ad
1044 475 1218 523 primum
1259 486 1349 509 cum
1391 471 1461 507 fuit
1502 469 1655 506 mistice
1695 469 1760 504 ille

448 539 724 577 Samaritanus
759 536 843 585 (qui
876 536 1162 582 interpretatur
1195 533 1342 578 custos)
1380 529 1592 565 infundens
1624 527 1759 563 vinum

448 608 485 635 et
517 599 649 635 oleum
683 596 723 632 in
760 595 926 631 vulnera
964 590 1141 629 semivivi
1174 593 1233 638 (ut
1265 598 1374 637 patet
1408 590 1512 624 Luce
1545 588 1629 633 XO),
1670 597 1760 621 cum

448 657 554 693 iuxta
588 653 786 704 principia
820 652 1137 688 mundanorum:
1172 648 1250 696 ‘qui
1279 654 1377 682 tacet
1411 645 1625 682 consentire
1658 643 1794 678 vide-5

448 712 538 753 tur':
569 714 636 749 sed
670 712 890 749 secundum
926 720 1106 756 expresse
1138 705 1295 753 negavit
1327 704 1609 752 postponendo
1634 710 1760 738 artem

448 771 709 820 sophisticam
734 778 769 806 et
794 767 1052 815 intelligendo
1076 765 1295 801 secundum
1320 774 1576 798 communem
1602 771 1761 796 sensum

450 843 567 878 quem
602 830 810 876 loquentes
843 838 933 862 cum
967 825 1053 872 ipso
1088 824 1327 859 habuerant
1363 820 1623 857 Contendunt
1656 816 1761 853 enim

450 887 627 936 sophiste
651 887 772 934 quod,
798 897 887 921 cum
913 882 1094 919 Christus
1117 880 1166 916 sit
1190 878 1386 916 Dominus
1409 887 1445 914 et
1470 880 1586 917 Deus,
1613 876 1762 912 habens

451 945 671 994 quamlibet
705 952 943 982 creaturam,
983 939 1246 986 diabolusque
1278 949 1359 973 non
1392 944 1525 984 posset
1559 946 1654 976 esse,
1687 931 1821 968 nisi10

451 1003 569 1040 fuerit
608 1011 810 1041 creatura:
850 998 1028 1047 sequitur
1066 1010 1159 1044 ergo
1193 996 1301 1044 quod
1334 993 1513 1030 Christus
1547 993 1665 1029 habet
1699 992 1764 1026 de-

454 1061 635 1098 monium
669 1069 706 1096 et
739 1057 966 1095 evidencius
1000 1054 1232 1091 demonium
1267 1053 1398 1089 habet.

511 1118 692 1155 Christus
715 1125 846 1154 autem
873 1113 1064 1151 intellexit
1087 1121 1129 1148 ut
1154 1111 1302 1153 debuit,
1336 1109 1416 1146 sive
1439 1109 1595 1145 dicatur
1618 1108 1764 1143 habere

454 1176 686 1213 demonium
720 1175 799 1211 sive
833 1171 1065 1209 demonium
1099 1171 1258 1209 habere,
1292 1168 1380 1204 illos
1413 1166 1631 1214 intelligere
1663 1164 1767 1200 inter

453 1235 583 1283 ipsum
624 1242 661 1270 et
700 1235 926 1276 demonem,
974 1230 1193 1266 secundum
1234 1226 1438 1263 racionem
1484 1236 1561 1273 qua
1606 1220 1822 1261 demon,15

455 1292 731 1329 habitudinem
779 1289 999 1329 relativam,
1054 1295 1090 1323 et
1137 1286 1193 1322 sic
1240 1283 1396 1332 negavit
1444 1281 1679 1319 demonium
1726 1292 1767 1315 se

455 1352 613 1392 habere,
660 1357 867 1386 mansuete
910 1356 1059 1386 tamen,
1105 1344 1191 1393 quia
1236 1355 1319 1379 cum
1360 1341 1659 1377 malediceretur
1695 1350 1767 1374 non

455 1409 706 1444 maledicebat
751 1408 809 1452 (ut
853 1404 999 1441 dicitur
1038 1405 1072 1439 1²¹
1113 1400 1217 1438 Petri
1256 1402 1323 1448 10).
1383 1400 1476 1436 Ideo
1520 1397 1625 1434 enim
1672 1395 1767 1431 dixit

455 1466 549 1502 illis:
584 1464 800 1502 Alentimini
821 1464 881 1499 vel
903 1462 991 1499 estis
1013 1459 1244 1501 demoniacis
1275 1460 1342 1494 sed
1376 1456 1579 1493 humiliter
1610 1453 1768 1501 negavit

455 1524 669 1560 falsitatem
703 1521 873 1558 diaboli:
907 1521 1012 1570 Ego,
1045 1517 1187 1566 inquit,
1222 1516 1438 1552 demonium
1471 1527 1543 1550 non
1577 1513 1707 1548 habeo.
1784 1521 1826 1543 20

514 1584 562 1617 Et
594 1589 703 1629 patet
736 1588 930 1628 quantum
965 1576 1035 1613 filii
1068 1574 1216 1612 diaboli
1249 1587 1271 1610 a
1303 1574 1412 1610 scola
1436 1570 1582 1608 Christi
1616 1568 1768 1606 exorbi-

456 1649 555 1685 tant,
590 1639 657 1687 qui
689 1646 855 1686 propter
889 1635 1040 1672 crimen
1074 1633 1127 1670 eis
1160 1631 1394 1680 impositum
1429 1630 1521 1666 licet
1552 1640 1642 1664 vere
1676 1639 1769 1663 con-

457 1706 620 1735 sumunt
651 1696 783 1732 invide
816 1693 953 1731 omnia
986 1705 1056 1729 sua
1088 1689 1329 1738 temporalia
1361 1698 1398 1725 et
1430 1701 1470 1724 se
1502 1687 1623 1735 ipsos.
1669 1686 1770 1721 Cum

457 1756 638 1793 Christus
657 1754 719 1791 cui
739 1754 866 1789 clerus
884 1763 977 1787 suus
1001 1747 1319 1786 maliciosissime
1343 1745 1546 1782 maledixit
1568 1743 1772 1792 pacienter

459 1813 645 1851 sustinuit
679 1821 715 1848 et
745 1824 834 1847 cum
860 1807 1136 1846 moderamine
1159 1805 1316 1853 negavit
1339 1804 1550 1841 falsitatem
1577 1809 1772 1850 quantum
1790 1800 1829 1832 25

460 1871 640 1920 oportuit
679 1871 729 1907 ad
768 1881 869 1916 opus
909 1866 1073 1903 ecclesie
1113 1864 1238 1912 magis
1278 1861 1572 1899 edificatoriam
1612 1867 1772 1907 proten-

461 1931 606 1971 dendo,
641 1937 677 1965 et
710 1929 785 1964 hoc
818 1925 989 1974 pertinet
1021 1925 1070 1960 ad
1104 1921 1321 1971 quemlibet
1354 1921 1621 1957 orthodoxum
1646 1919 1773 1953 Deum

462 1987 592 2024 debite
638 1987 925 2022 honorantem:
976 1982 1066 2018 ideo
1110 1980 1313 2028 signanter
1358 1977 1534 2014 annectit
1578 1974 1774 2011 Dominus

461 2047 542 2082 ‘sed
579 2044 789 2094 honorifico
825 2049 978 2091 patrem
1017 2035 1152 2075 memn'
1194 2047 1230 2074 et
1269 2035 1449 2083 adiungit
1493 2033 1771 2071 condicionem

464 2103 638 2140 filiorum
663 2100 830 2138 diaboli:
863 2100 949 2145 Vos,
972 2097 1114 2146 inquit,
1145 2094 1403 2131 inhonorastis
1425 2106 1494 2129 me.
1530 2094 1631 2128 Nam
1664 2090 1773 2126 scola
1789 2090 1831 2123 30

464 2161 611 2197 Christi
645 2169 702 2196 est
735 2160 853 2195 docta
887 2170 908 2193 a
940 2165 1025 2192 tota
1056 2153 1253 2191 Trinitate
1287 2153 1394 2200 quod
1428 2152 1550 2186 homo
1584 2148 1773 2185 continue

464 2219 583 2255 faciat
616 2219 665 2254 ad
700 2216 771 2253 Dei
804 2213 1160 2252 honorificenciam
1202 2209 1326 2257 magis
1365 2210 1531 2245 bonum.
1580 2209 1627 2242 Et
1666 2206 1774 2242 scola

465 2276 613 2313 diaboli
662 2284 718 2311 est
767 2274 873 2322 quod
922 2273 1044 2308 homo
1091 2281 1183 2317 sepe
1228 2267 1354 2315 magis
1398 2268 1505 2303 bono
1550 2263 1775 2313 postposito

465 2335 684 2370 secundum
733 2331 965 2368 instinctum
1015 2328 1116 2375 regis
1163 2325 1348 2374 superbie
1390 2325 1545 2360 laboret
1588 2335 1661 2370 pro
1705 2333 1777 2356 sua

465 2393 572 2428 fama
603 2392 664 2427 vel
697 2389 955 2429 exaltacione,
989 2387 1080 2423 licet
1112 2385 1162 2421 sit
1194 2382 1429 2430 simpliciter
1462 2381 1593 2417 minus
1621 2379 1717 2415 utile
1741 2387 1778 2414 et
1794 2377 1834 2410 35

466 2449 521 2485 sic
555 2449 685 2484 minus
718 2446 983 2483 honorificum
1019 2447 1103 2479 Deo
1136 2455 1220 2478 suo.
1266 2443 1314 2476 Et
1346 2440 1386 2476 in
1425 2440 1541 2476 istam
1583 2437 1777 2474 caribdim

467 2507 603 2555 legiste
637 2515 673 2542 et
705 2504 904 2552 sapientes
937 2501 1059 2539 seculi
1092 2502 1390 2547 demerguntur.
1778 2543 1780 2546 v
1810 2526 1832 2556 F
1864 2526 1869 2555 1

525 2567 573 2600 Et
618 2572 727 2612 patet
766 2563 873 2610 quod
914 2560 1094 2597 Christus
1133 2559 1172 2594 in
1221 2557 1403 2593 faciendo
1444 2554 1637 2590 miracula
1676 2536 1883 2613 n011215072

468 2623 541 2659 fuit
573 2620 846 2665 demoniacus,
881 2618 974 2667 quia
1007 2617 1046 2653 in
1069 2615 1247 2665 quolibet
1270 2613 1339 2651 tali
1362 2625 1482 2661 opere
1506 2609 1781 2660 principaliter

540 2742 559 2760 1.
583 2732 623 2760 C:
651 2731 792 2760 demoni:
818 2731 845 2757 A
873 2729 901 2756 in
929 2737 1042 2763 marg:
1072 2737 1092 2755 1.
1201 2726 1228 2754 S.
1250 2726 1293 2753 A:
1320 2725 1528 2759 colloquentes
1554 2730 1622 2749 cum
1645 2721 1778 2749 Christo.

471 2778 500 2798 (ι.
523 2767 589 2795 BC:
612 2767 649 2794 sit
670 2767 752 2794 Deus
773 2770 800 2792 et
820 2764 921 2792 omnis
943 2764 1042 2791 habet.
1109 2771 1149 2789 10.
1170 2763 1214 2788 A:
1237 2760 1344 2795 possit.
1414 2767 1447 2786 11.
1469 2757 1529 2785 BC:
1551 2756 1688 2818 sexiitur
1708 2764 1779 2816 erjxo

471 2804 564 2830 deest.
648 2809 683 2833 ιι,
707 2809 744 2828 12.
766 2801 811 2827 A:
834 2800 1011 2826 demonum.
1096 2796 1136 2824 ιζ).
1158 2797 1202 2823 A:
1231 2793 1443 2825 relax-ermini.
1528 2800 1565 2827 17.
1627 2801 1632 2806 ·
1655 2790 1731 2817 male
1757 2790 1779 2816 i-

472 2842 589 2864 cei‘etur
609 2841 663 2863 etc.
749 2842 788 2863 21.
810 2842 853 2861 22.
874 2834 918 2860 A:
941 2831 1134 2859 exorbitanti.
1220 2838 1263 2857 22.
1285 2828 1327 2856 23.
1350 2829 1393 2855 A:
1415 2831 1635 2854 consuniernnt
1656 2823 1778 2851 munde.

471 2871 518 2898 26.
535 2870 600 2898 BC:
622 2870 659 2897 ad
675 2869 902 2896 edificacionem
924 2866 1129 2906 procedendo⁴
1187 2873 1234 2900 29.
1257 2863 1322 2891 HC:
1339 2862 1391 2890 sed
1409 2862 1508 2889 deest:
1529 2862 1572 2888 A:
1589 2865 1632 2890 et:
1654 2859 1694 2886 ib.
1713 2859 1733 2886 B
1749 2858 1778 2884 in

473 2914 586 2939 mai-¹4:
616 2904 701 2931 Ordo
723 2904 854 2931 filiorum
877 2903 929 2929 Dei
954 2901 1117 2936 oppositus
1138 2899 1206 2926 filiis
1227 2897 1352 2925 diaboli.
1466 2895 1505 2923 31.
1528 2895 1593 2922 ssC:
1621 2898 1666 2921 est
1686 2894 1778 2921 deest.

472 2940 514 2968 32.
535 2934 578 2967 A:
601 2939 687 2966 facit:
709 2939 749 2965 ib.
772 2939 814 2966 A:
837 2937 873 2964 ad
896 2937 975 2964 fidei.
