2017 3353
109 285 178 321 182

167 685 268 713 There
288 684 314 711 is

174 719 314 755 culpable

99 755 268 790 *ignorance
289 753 318 781 in
339 754 376 780 all

144 790 193 816 the
214 788 341 816 wicked.

107 1322 210 1350 Christ
235 1323 260 1349 is
283 1330 299 1348 a
326 1330 381 1348 sun

120 1358 184 1384 that
205 1357 309 1384 shines
329 1364 368 1383 on

141 1393 178 1419 all
199 1392 270 1419 who
291 1390 352 1418 will

154 1426 269 1453 receive
290 1425 337 1452 his

202 1461 286 1496 light.

681 292 903 324 JOHANNIS
922 290 1106 322 WYCLIF
1127 290 1384 323 SERMONUM
1413 275 1564 333 [SERMO
1580 287 1704 314 XXVII.

390 401 535 436 timore
569 398 700 435 servili
733 398 773 434 in
807 398 882 433 fide
917 395 1171 444 culpabiliter
1203 395 1472 444 trepidabant.
1508 397 1556 431 Et
1588 395 1703 432 istam

392 457 696 494 distinccionem
730 454 962 504 ignorancie
990 454 1050 489 vel
1081 452 1303 490 nesciencie
1337 454 1458 502 (quod
1493 462 1549 489 est
1581 453 1704 501 idem)

392 529 437 552 ac
470 515 679 552 veritatem
721 515 768 549 de
808 513 926 561 culpa
965 511 1112 548 Christi
1152 511 1442 560 discipulorum
1484 512 1600 547 docet
1633 510 1708 548 ista

392 572 616 621 geminacio
662 584 825 608 suorum
871 571 1084 607 verborum
1131 578 1168 606 et
1211 582 1282 617 per
1336 581 1585 618 consequens
1629 581 1709 606 non

393 640 450 668 est
483 631 642 667 frustra.
1751 631 1766 662 5

451 690 562 725 Illam
597 696 730 724 autem
754 685 1029 734 ignoranciam
1054 684 1333 733 disposicionis
1361 684 1560 721 credimus
1584 684 1710 721 inesse

392 746 555 795 singulis
600 744 838 783 criminosis,
885 756 975 781 cum
1020 744 1238 779 secundum
1283 743 1538 780 Aristotelem
1591 743 1713 778 omnis

394 806 519 840 malus
550 805 750 854 ignorans.
805 801 1014 839 Credimus
1053 800 1198 837 iterum
1233 802 1340 849 quod
1372 800 1623 849 impossibile
1655 809 1712 837 est

394 862 603 899 veritatem
637 860 811 909 primam
845 859 1020 896 lucidam
1054 857 1269 906 capacibus
1301 858 1403 895 vasis
1435 858 1514 895 suis
1542 860 1591 895 ab
1614 857 1712 895 irra-

395 919 578 957 diacione
612 919 794 963 deficere,
837 930 927 954 cum
961 918 1021 954 sol
1053 916 1272 953 materialis
1303 916 1476 954 vicissim
1510 915 1642 953 oriens
1676 924 1712 952 et
1732 931 1770 953 10

395 977 581 1015 occidens
621 989 701 1013 non
739 984 871 1024 potest
909 988 931 1012 a
970 974 1121 1011 lumine
1160 974 1330 1011 deficere
1369 975 1502 1023 quoad
1535 973 1710 1010 medium

396 1044 685 1084 presentatum.
721 1035 938 1079 Quomodo
971 1045 1064 1081 ergo
1098 1032 1285 1069 deficeret
1307 1033 1366 1068 sol
1390 1031 1457 1081 qui
1479 1045 1561 1068 non
1583 1040 1713 1080 potest

396 1093 580 1130 occidere
613 1093 674 1129 vel
707 1091 825 1128 alicui
859 1090 992 1128 anime
1025 1091 1158 1139 quoad
1190 1099 1374 1127 naturam
1410 1103 1523 1127 suam
1563 1091 1712 1135 abesse,

398 1165 488 1188 cum
534 1150 583 1187 sit
621 1149 857 1187 naturaliter
896 1149 986 1186 licet
1030 1147 1254 1185 voluntarie
1293 1160 1447 1184 summe
1491 1147 1714 1185 communi-

399 1209 550 1246 cativus
583 1221 650 1245 sue
683 1206 854 1245 noticie‘?
889 1209 930 1243 In
963 1206 1039 1243 illis
1073 1219 1166 1254 ergo
1199 1218 1275 1255 que
1308 1215 1398 1242 sunt
1431 1205 1549 1242 saluti
1581 1218 1715 1242 neces·
1735 1211 1771 1243 15

398 1267 503 1304 saria
536 1279 708 1315 quorum
743 1264 1083 1314 inpresenciarum
1118 1277 1241 1312 capax
1274 1273 1330 1300 est
1364 1263 1510 1310 anima,
1556 1272 1716 1311 oportet

399 1327 506 1373 quod
539 1324 629 1361 talis
661 1322 891 1371 ignorancie
925 1324 1039 1371 culpe
1072 1323 1217 1358 nebula
1248 1321 1296 1358 sit
1329 1321 1368 1357 in
1392 1334 1523 1358 causa.
1562 1322 1715 1372 Cogno-

400 1384 450 1419 vit
494 1395 588 1430 ergo
630 1382 741 1419 lesus
786 1381 900 1429 plene
940 1380 1228 1428 discipulorum
1268 1393 1431 1416 suorum
1472 1381 1573 1416 hanc
1606 1378 1716 1427 igno-

398 1440 575 1477 ranciam
609 1449 728 1488 atque
762 1452 923 1475 causam
958 1447 994 1475 et
1027 1439 1129 1487 quod
1162 1438 1335 1474 volebant
1359 1450 1442 1474 eum
1467 1438 1717 1487 interrogare

395 1498 503 1535 verbi
542 1497 602 1534 sui
643 1496 919 1534 declaracione
959 1498 1009 1532 ad
1048 1495 1258 1532 minimum
1296 1494 1342 1543 (si
1377 1497 1592 1542 audebant)
1630 1507 1715 1542 pre·
1732 1509 1772 1532 20

395 1556 501 1593 venit
534 1568 613 1599 eos,
649 1556 830 1591 docendo
864 1555 970 1602 quod
1004 1553 1043 1590 in
1076 1553 1185 1590 omni
1219 1552 1382 1590 accione
1416 1562 1596 1589 creature
1630 1565 1717 1600 pre-

395 1613 501 1650 venit
541 1614 580 1649 in
619 1622 762 1649 natura
802 1621 838 1649 et
877 1613 983 1660 quod
1027 1620 1212 1659 prompte
1245 1624 1290 1647 ac
1324 1624 1421 1659 pure
1454 1624 1524 1658 per
1557 1624 1595 1646 se
1629 1609 1715 1646 illu-

398 1672 521 1708 minat
573 1670 821 1707 intellectum
876 1669 1120 1718 possibilem,
1180 1678 1373 1717 quantum
1427 1667 1594 1717 requirit
1646 1680 1715 1704 sua

397 1728 599 1777 capacitas
641 1728 925 1776 cuiuscunque,
970 1736 1247 1763 verumtamen
1288 1726 1488 1762 illuminat
1528 1739 1594 1762 eos
1637 1738 1717 1761 non

398 1786 697 1823 illuminacione
731 1785 965 1829 clarissima,
1005 1798 1094 1822 cum
1130 1784 1318 1832 magister
1350 1783 1526 1832 optimus
1559 1796 1716 1831 semper
1734 1789 1773 1821 25

397 1846 615 1881 secundum
651 1842 959 1891 congruenciam
995 1852 1031 1879 et
1062 1841 1326 1890 capacitatem
1358 1842 1519 1890 dignam
1544 1840 1717 1889 discipli-

398 1902 540 1939 nabilis
574 1901 774 1938 illuminat
807 1903 857 1937 ad
891 1913 1133 1937 mensuram.
1168 1899 1271 1936 Dicit
1302 1913 1394 1947 ergo
1422 1901 1529 1947 quod
1553 1908 1717 1947 propter

399 1960 573 2008 primum
608 1960 796 1995 modicum
832 1958 1004 2007 apostoli
1035 1959 1238 2006 plorarent
1272 1967 1307 1994 et
1343 1958 1483 1994 flerent
1512 1959 1717 1993 subtracto

399 2020 447 2054 ab
481 2017 535 2054 eis
568 2017 728 2054 Christo
761 2029 831 2065 per
864 2016 1091 2064 passionem
1126 2025 1162 2052 et
1187 2024 1371 2052 mortem.
1406 2016 1483 2051 Sed
1505 2014 1618 2050 Judei
1649 2014 1715 2062 qui

399 2088 441 2112 ex
476 2075 629 2123 integro
663 2084 774 2111 erant
809 2076 980 2110 mundus
1014 2075 1061 2110 de
1094 2075 1234 2110 eodem
1268 2082 1450 2121 tempore
1489 2073 1716 2120 gaudebant
1732 2075 1774 2107 30

399 2142 584 2181 putantes
623 2145 663 2169 se
697 2132 899 2169 Christum
941 2144 1079 2168 eorum
1120 2130 1327 2167 inimicum
1372 2130 1609 2178 precipuum
1655 2141 1716 2166 ex-

399 2190 578 2235 tinxissess,
612 2191 678 2226 sed
712 2203 802 2226 cum
836 2189 911 2226 ista
945 2188 1145 2226 contraria
1181 2198 1271 2224 sunt
1305 2186 1551 2224 condicionis
1590 2200 1716 2234 oppo-

399 2248 484 2293 site,
524 2247 625 2284 sicut
665 2250 770 2284 Deus
809 2257 928 2295 atque
968 2246 1164 2292 diabolus,
1204 2254 1363 2294 oportet
1403 2246 1510 2293 quod
1543 2246 1716 2281 habeant

401 2306 496 2341 fines
530 2305 707 2353 dispares
731 2314 1029 2353 consequentes.
1071 2304 1260 2350 Tristicia,
1293 2303 1434 2352 inquit,
1470 2310 1596 2339 vestra
1631 2315 1715 2338 ver-

399 2371 501 2399 tetur
539 2364 574 2398 in
612 2363 812 2413 gaudium.
867 2365 966 2399 Nam
1002 2364 1106 2398 Deus
1142 2371 1178 2398 et
1211 2370 1353 2398 natura
1387 2372 1544 2408 semper
1579 2359 1715 2396 melio·
1733 2364 1772 2397 35

400 2422 526 2457 rando
578 2421 814 2468 procedunt,
869 2420 1050 2457 diabolus
1102 2432 1195 2456 vero
1247 2432 1337 2455 cum
1393 2417 1582 2455 membris
1635 2416 1714 2453 suis

470 2608 488 2626 1.
516 2600 559 2626 A:
589 2599 810 2634 trepidiabant:
846 2599 884 2625 ib.
916 2599 936 2625 Β
964 2598 992 2624 in
1022 2606 1134 2632 marga
1169 2602 1273 2633 Quare
1300 2598 1402 2625 omnis
1430 2598 1529 2624 nialus
1556 2597 1713 2635 ignorans.

401 2634 579 2668 [gnorancia
598 2633 862 2668 indis-posicionis.
954 2632 981 2658 (i.
1004 2634 1046 2659 A:
1074 2632 1266 2667 ignoruncia:
1294 2633 1333 2659 ib.
1358 2632 1421 2659 BC:
1443 2631 1713 2667 indisposicionis:

401 2669 439 2695 ib.
461 2669 504 2696 A:
533 2668 631 2695 inesse
658 2668 750 2694 deest.
812 2676 838 2693 c.
858 2668 902 2694 A:
923 2667 1121 2694 Aristotelem
1149 2667 1249 2695 deest:
1277 2667 1306 2694 iu
1334 2667 1401 2694 cod.
1430 2667 1546 2693 lacuna.
1615 2674 1647 2692 ιι.
1670 2666 1711 2692 A:

401 2712 460 2730 uon
483 2708 581 2738 potest
602 2703 713 2736 alium3
735 2702 772 2729 B:
794 2686 925 2728 aliunde.
1014 2702 1049 2729 15.
1073 2703 1115 2728 A:
1138 2706 1207 2728 sunt
1229 2702 1335 2728 sabati.
1416 2701 1457 2728 16.
1479 2702 1523 2728 A:
1546 2705 1590 2727 est
1611 2700 1711 2728 deest:

401 2738 439 2763 ub.
464 2738 499 2765 B:
522 2742 566 2765 est
586 2737 699 2764 omnia.
774 2745 812 2771 17-
836 2736 872 2763 B:
895 2737 978 2763 tales.
1054 2745 1093 2771 ¹9·
1118 2736 1183 2763 BC:
1205 2736 1286 2771 quod
1309 2736 1402 2763 deest.
1476 2743 1522 2762 20.
1544 2736 1588 2762 A:
1610 2734 1713 2761 audie-

402 2773 482 2799 bant.
538 2780 581 2799 22.
602 2772 646 2799 A:
669 2779 743 2806 pure
765 2777 843 2805 proe.
906 2778 952 2804 ει,
974 2771 1016 2797 A:
1040 2779 1098 2797 uon
1121 2771 1214 2797 deest.
1277 2770 1324 2800 26,
1346 2778 1389 2804 27.
1411 2771 1454 2797 A:
1477 2768 1711 2804 disciplibiliter.

401 2815 446 2841 29.
469 2807 511 2833 A:
535 2815 587 2841 per
608 2806 782 2841 passionem
799 2810 825 2832 et
841 2810 970 2832 mortem
988 2805 1080 2831 deest.
1154 2804 1199 2832 30.
1222 2806 1264 2832 A:
1289 2804 1423 2832 mundus
1439 2804 1562 2837 eodem;
1585 2803 1625 2830 ib.
1643 2802 1710 2830 BC:

400 2846 538 2879 tempore
559 2841 652 2867 deest.
725 2839 767 2867 32.
783 2840 826 2867 A:
850 2840 896 2866 sit.
971 2838 1016 2873 34.
1039 2840 1082 2866 A:
1107 2844 1205 2866 vestra
1226 2845 1297 2866 etc.:
1319 2839 1359 2866 ib.
1375 2839 1404 2866 A
1423 2839 1453 2865 in
1476 2846 1588 2873 marg:
1611 2837 1708 2869 Nota3

401 2876 439 2901 ib.
458 2875 478 2901 Η
500 2884 528 2902 1n
551 2883 663 2909 marg:
685 2875 766 2901 Deus
787 2879 814 2901 et
834 2879 942 2901 natura
963 2882 1084 2908 semper
1104 2874 1295 2901 meliorando
1317 2873 1496 2908 procedunt,
1519 2872 1660 2899 diabolus
1681 2876 1708 2898 et

401 2910 550 2944 reprobus
571 2917 692 2944 semper
712 2909 740 2936 in
763 2909 912 2936 deteriora
935 2908 1169 2943 profundantur.
