2017 3353
264 287 400 317 senno
421 273 546 334 xxvi]
770 286 909 320 PRIMA
937 288 1061 320 PARS.
1794 277 1866 324 Ι75

323 399 377 433 Ex
409 410 487 445 quo
512 395 760 432 convincitur
784 395 891 443 quod
915 407 1053 431 omnes
1078 392 1221 442 prelati
1246 390 1428 428 moderni
1452 391 1580 427 solum
1622 398 1752 425 Premit-s
1767 398 1843 436 'xx-110

266 457 371 492 bona
414 453 654 502 temporalia
698 461 908 501 querentes
948 452 1008 488 vel
1061 464 1105 488 ea
1150 449 1439 499 principaliter,
1492 457 1583 484 sunt
1629 433 1702 499 gfff
1719 432 1838 494 {lgcffffffl

265 513 350 549 falsi
390 511 626 549 mercenarii
660 524 682 548 a
705 510 879 547 Domino
918 508 1255 557 condempnandi,
1295 521 1384 544 cum
1422 514 1584 556 querunt
1609 496 1839 565 cglllggffiifflffib

265 583 334 620 que
365 583 432 606 sua
464 578 564 616 sunt,
597 582 669 605 non
702 581 772 618 que
804 568 1058 604 dominiJesu
1087 567 1243 603 Christi.
1279 566 1319 602 Si
1347 564 1452 602 enim
1477 564 1583 613 prin-
1680 571 1793 599 christ.
1843 545 1862 573 y

233 627 447 676 §cipaliter
490 636 702 676 quererent
740 628 895 663 lucrum
941 625 1112 674 pastoris
1155 623 1314 670 summi,
1355 624 1585 660 laborarent

266 685 461 723 attencius
500 699 572 734 pro
612 685 782 721 utilitate
822 683 987 721 ecclesie
1026 696 1145 732 quam
1193 696 1265 731 pro
1310 680 1585 730 adquisicione

266 744 360 781 boni
400 743 552 792 proprii
591 742 839 791 temporalis.
891 744 939 778 Et
980 742 1106 778 multo
1150 739 1458 777 inexcusabilius
1496 747 1586 775 sunt

265 802 322 838 illi
355 801 602 850 dampnandi
635 801 700 850 qui
739 799 904 837 omnino
944 799 1134 836 deficiunt
1171 799 1211 835 in
1244 811 1341 835 cura
1373 796 1586 846 pastoralis

267 860 402 897 officii.
437 862 484 896 Et
516 868 625 908 patet
659 872 778 908 quam
814 859 955 894 durum
982 856 1175 894 iudicium
1199 856 1276 893 illis
1300 856 1367 892 fiet
1390 855 1457 904 qui
1480 854 1587 903 prin-

214 932 252 954 ιο
269 918 450 966 cipaliter
495 927 659 966 propter
703 917 925 965 temporale
969 915 1212 964 stipendium
1252 915 1371 951 stulte
1409 921 1585 962 presunt.

268 976 326 1012 Illi
366 976 469 1013 enim
510 975 565 1012 sic
604 989 626 1012 a
658 978 742 1012 Deo
781 983 969 1012 cecantur
1008 975 1115 1022 quod
1148 972 1330 1010 nesciunt
1363 971 1588 1008 discernere

267 1034 480 1071 imminens
512 1034 701 1082 luporum
734 1032 970 1082 periculum,
1004 1041 1047 1068 ut
1080 1041 1137 1068 est
1170 1033 1217 1068 de
1250 1029 1498 1067 sensualitati
1523 1030 1588 1065 de-

268 1092 359 1129 ditis
404 1092 471 1141 qui
515 1093 645 1128 solum
690 1091 913 1140 temporale
957 1092 1107 1127 bonum
1147 1089 1415 1135 considerant,
1453 1088 1512 1125 vel
1557 1086 1589 1123 si

268 1150 448 1199 lupinam
487 1150 734 1187 invasionem
772 1149 943 1186 viderint
982 1161 1026 1185 ex
1066 1148 1222 1185 defectu
1261 1145 1438 1184 caritatis
1477 1145 1589 1182 aufu-

215 1208 392 1257 15giunt.
438 1211 486 1244 Et
518 1208 574 1245 sic
606 1209 719 1258 lupus
753 1207 836 1256 (qui
875 1216 933 1244 est
970 1206 1154 1243 diabolus
1185 1206 1245 1242 vel
1274 1206 1456 1241 membra
1489 1203 1586 1251 eius)

270 1267 373 1316 rapit
395 1280 483 1303 oves
506 1279 582 1315 que
606 1275 718 1303 erant
751 1267 798 1302 de
831 1265 924 1302 ovili
948 1264 1096 1301 Christi
1119 1264 1339 1301 secundum
1363 1270 1588 1311 presentem

270 1324 469 1361 iusticiam
503 1332 538 1362 et
571 1324 762 1374 dispergit
791 1323 877 1360 illas
901 1336 971 1371 per
994 1331 1148 1359 meatus
1172 1322 1320 1358 multos
1343 1320 1590 1370 periculosos

270 1392 307 1420 et
345 1383 466 1420 avios.
507 1385 609 1419 Nam
663 1382 846 1419 diabolus
895 1390 963 1418 aut
1014 1381 1195 1417 membra
1235 1379 1317 1416 eius
1356 1378 1488 1428 primo
1521 1391 1591 1426 per

270 1441 480 1478 mendacia
512 1453 583 1477 sua
615 1439 719 1476 inter
752 1439 989 1476 christianos
1017 1437 1309 1475 dissencionem
1332 1436 1531 1474 seminant
1555 1444 1591 1472 et

214 1513 254 1535 20
270 1512 349 1536 una
386 1499 469 1536 ovis
508 1511 696 1547 percussa
733 1497 878 1535 timore
910 1498 999 1545 fuge
1032 1496 1193 1534 alterius
1227 1494 1370 1544 refugit
1402 1496 1451 1532 ab
1484 1493 1590 1540 ovili,

271 1567 307 1594 et
339 1570 432 1606 sepe
466 1556 580 1593 multi
603 1558 650 1593 de
682 1556 833 1593 vocatis
865 1555 1094 1604 pastoribus
1117 1555 1216 1591 fiunt
1247 1553 1344 1604 lupi,
1379 1562 1415 1590 et
1446 1552 1487 1589 in
1516 1554 1591 1589 hoc

270 1615 384 1652 devio
424 1624 557 1652 errant
596 1628 666 1664 per
705 1627 854 1663 pascua
892 1614 1100 1662 paludosa,
1134 1612 1382 1649 incurrentes
1415 1610 1590 1648 scabiem

271 1683 307 1710 et
340 1675 504 1710 morbos
537 1673 636 1710 alios
669 1672 876 1709 infectivos
909 1673 1128 1708 secundum
1169 1684 1268 1720 quos
1302 1669 1474 1706 finaliter
1508 1674 1885 1713 nio-Ma11y{st1·ayinto,

271 1731 439 1768 riuntur.
474 1734 522 1768 Et
556 1740 665 1780 patet
697 1732 805 1779 quod
839 1739 1004 1779 propter
1036 1728 1334 1766 multitudinem
1366 1727 1591 1764 errancium
1607 1710 1881 1772 1¹}ssafflgsssnhffffldot

216 1792 255 1824 25
273 1791 319 1826 de
352 1790 445 1826 ovili
480 1799 656 1826 errantes
689 1797 855 1837 possunt
888 1801 1065 1825 errorem
1100 1787 1308 1836 imponere
1331 1785 1592 1834 pausantibus
1614 1780 1874 1841 ξῧᾮξῇἷὲιζζῃῖἰᾯιθῗξ

272 1847 312 1883 in
335 1847 437 1884 veris
460 1847 618 1896 pascuis
643 1856 679 1883 et
702 1846 810 1895 ipsos
834 1855 1041 1895 tamquam
1067 1845 1264 1882 hereticos
1279 1845 1591 1892 condempnare.
1675 1840 1727 1876 ihc
1748 1853 1814 1876 true

272 1907 375 1942 Vera
408 1914 541 1942 autem
574 1918 723 1954 pascua
755 1914 845 1941 sunt
869 1905 998 1941 solum
1029 1903 1226 1952 scripture
1250 1915 1361 1939 sacre
1385 1911 1422 1938 et
1446 1913 1594 1950 pascua
1651 1883 1846 1954 ῑξιέιᾞζζῗῑέξ

275 1963 480 2000 mortifera
512 1972 602 2000 sunt
635 1962 877 2000 tradiciones
911 1963 1085 1999 humane
1114 1962 1333 1998 secundum
1364 1973 1461 2009 quas
1492 1973 1594 1996 mer-

276 2022 424 2059 cenarii
462 2022 622 2059 ruinant
662 2020 896 2069 diligencius
934 2033 1025 2057 oves
1063 2033 1166 2056 suas.
1212 2021 1311 2056 Cum
1350 2018 1454 2055 enim
1488 2017 1595 2054 iuxta

219 2084 259 2116 30
277 2080 383 2117 dicta
407 2093 525 2117 omne
548 2093 619 2129 per
643 2079 828 2116 accidens
858 2088 895 2115 et
918 2077 1087 2116 errabile
1117 2077 1166 2114 sit
1189 2079 1239 2114 ad
1268 2076 1431 2125 aliquod
1462 2089 1532 2124 per
1554 2089 1594 2112 se

276 2139 425 2175 bonum
451 2151 496 2175 ac
519 2138 665 2174 iustum
700 2136 930 2183 reducibile,
966 2136 1220 2173 manifestum
1255 2144 1312 2172 est
1336 2136 1443 2183 quod
1473 2133 1594 2170 tradi-

186 2196 409 2250 Fchiones
440 2198 613 2233 humane
643 2196 845 2233 erroribus
875 2195 1052 2232 involute
1087 2204 1178 2231 sunt
1215 2195 1265 2231 ad
1295 2192 1399 2241 scrip
1429 2187 1433 2246 Ι
1463 2202 1594 2228 turam

184 2244 260 2278 ¹00⁶
275 2268 430 2292 sacram
463 2254 718 2291 insolubilem
752 2255 991 2291 reducende.

334 2315 381 2349 Et
413 2322 523 2361 patet
555 2322 727 2362 quantus
759 2325 870 2349 error
902 2311 1004 2348 inest
1037 2310 1201 2348 ecclesie
1234 2322 1303 2359 per
1326 2308 1594 2346 minacionem

222 2376 261 2407 35
278 2371 442 2407 ecclesie
495 2384 704 2408 erroneam
756 2369 907 2419 legiferi
960 2368 1207 2406 Antichristi.
1267 2367 1409 2405 Subdit
1461 2376 1594 2403 autem

278 2429 458 2465 Christus
492 2442 653 2466 causam
686 2429 775 2477 fuge
808 2428 902 2464 dicti
937 2426 1192 2464 mercenarii:
1225 2426 1508 2473 Blercenarius,
1539 2425 1596 2460 in-

278 2486 377 2535 quit,
401 2488 529 2538 fugit,
562 2488 647 2536 quia
681 2486 944 2523 mercenarius
976 2493 1031 2522 est
1062 2493 1097 2522 et
1129 2497 1201 2521 non
1229 2485 1398 2534 pertinet
1428 2484 1480 2519 ad
1511 2496 1595 2519 eum

278 2546 324 2581 de
356 2546 498 2582 ovibus.
553 2545 593 2582 Si
632 2544 737 2582 enim
776 2545 877 2581 foret
913 2552 1049 2592 pastor
1087 2545 1227 2589 bonus,
1268 2542 1435 2579 caritate
1468 2540 1597 2577 finalis

278 2602 638 2651 predestinacionis
671 2603 839 2639 induens
873 2604 1006 2639 Jesum
1032 2601 1250 2647 Christum,
1283 2608 1406 2638 staret
1434 2598 1597 2635 indubie

353 2758 372 2777 1.
393 2750 421 2777 A
441 2749 471 2777 in
493 2757 606 2784 marg.:
628 2756 660 2781 2;
680 2748 720 2775 ib.
737 2749 781 2775 A:
803 2757 839 2774 ex
860 2756 920 2783 quo
943 2748 1030 2775 ultra.
1094 2757 1124 2781 4.
1147 2747 1188 2774 C:
1210 2746 1327 2774 domini
1350 2746 1443 2773 deest.
1503 2753 1536 2772 11.
1552 2744 1596 2771 A:

280 2785 331 2820 qni
353 2785 502 2812 nesciunt.
583 2792 621 2815 12,
645 2782 681 2811 13.
703 2784 747 2810 A:
770 2783 966 2810 sensualitate
986 2782 1109 2809 deditis.
1184 2782 1222 2809 15.
1243 2782 1271 2809 A
1292 2781 1321 2808 in
1344 2789 1456 2815 marg:
1479 2780 1595 2814 Lupus.

281 2828 320 2855 17.
341 2821 385 2847 A:
407 2820 486 2846 illm.
544 2827 585 2854 19.
607 2819 651 2845 A:
673 2817 813 2845 seminat.
869 2825 908 2845 21.
930 2818 973 2844 A:
996 2826 1066 2852 sepe
1087 2816 1191 2844 modo.
1246 2824 1289 2843 22.
1312 2816 1350 2842 B:
1378 2815 1407 2842 in
1429 2818 1594 2841 currentes.

280 2863 324 2889 27.
346 2856 375 2882 A
394 2854 425 2882 in
456 2862 557 2889 marg:
588 2853 669 2880 Nota
695 2852 828 2891 optime;
858 2852 898 2879 ib.
928 2853 949 2879 Β
980 2852 1009 2879 in
1038 2860 1151 2887 marg:
1184 2852 1298 2878 Pascua
1328 2858 1398 2877 vera
1427 2858 1486 2884 que
1515 2853 1595 2875 sunt.

281 2891 328 2917 28,
349 2890 393 2916 A:
415 2898 504 2925 quos.
613 2895 660 2923 29.
683 2891 814 2914 sumant.
843 2886 961 2914 Codd.:
989 2886 1116 2914 minant.
1225 2885 1264 2913 31.
1287 2885 1326 2912 C:
1349 2884 1519 2911 notandum
1541 2888 1595 2910 est.

281 2923 323 2952 35.
346 2924 386 2952 C:
408 2924 534 2952 ecclesie
556 2922 651 2950 deest.
725 2921 770 2957 37.
791 2922 835 2949 A:
857 2921 928 2957 quia
949 2926 1006 2949 etc.
