2017 3353
214 266 291 303 366
794 271 1017 305 JOHANNIs
1038 270 1220 303 WYCLIF
1240 270 1498 303 SERMONUM
1563 255 1712 313 [SERMO
1735 265 1812 293 LVI.

263 389 431 458 hlssgclloirx
556 381 770 443 Nunquam
824 377 929 415 enim
982 376 1211 414 invaluisset
1256 375 1490 412 Antichristi
1542 374 1722 411 versucia
1773 373 1812 409 in

263 444 437 485 symm-{gt
499 438 712 474 dotacione
744 436 909 474 ecclesie
943 444 1081 472 contra
1115 434 1331 481 Christum,
1371 433 1445 469 nisi
1485 441 1685 481 regnasset
1717 445 1813 480 ypo-

214 493 472 561 00¹ssllfljmffiltt¹¹i²l¹ff⁶
500 495 611 532 crisis
657 496 696 532 in
740 494 999 543 religionibus
1051 493 1215 541 privatis
1264 501 1300 529 et
1346 490 1509 540 prelatis
1555 489 1728 532 cesariis,
1774 489 1813 525 in

243 556 450 589 endoximeut.
501 553 645 602 quibus
678 553 868 590 sanctitas
901 551 984 588 sine
1009 550 1371 600 correspondencia
1395 548 1539 586 mentis
1573 548 1812 585 extrinsecus

501 611 725 649 simulatur.
766 614 814 647 Et
853 610 1039 647 devocius
1078 609 1266 646 meritum
1306 621 1349 645 ex
1381 606 1618 656 gravacione
1659 608 1846 654 tempo-5

502 669 647 706 ralium
682 679 821 706 contra
853 667 1156 705 ordinacionem
1191 666 1336 704 Christi
1372 665 1545 713 fingitur.

561 731 602 764 In
636 727 821 764 omnibus
855 735 988 764 autem
1022 725 1106 762 istis
1145 726 1301 762 laborat
1334 723 1547 760 infidelitas
1580 720 1814 758 Antichristi

504 794 541 822 et
574 799 619 822 eo
658 786 826 823 validius
866 798 945 835 quo
984 783 1258 832 ypocritarum
1297 781 1477 820 versucia
1518 780 1648 816 minus
1687 778 1814 827 perci-

503 843 610 892 pitur
663 854 699 880 et
752 857 890 881 eorum
944 842 1107 890 argucia
1160 840 1384 878 coloracius
1436 840 1569 888 quoad
1618 838 1812 874 mundum

504 902 743 950 deprimitur
796 912 832 939 et
885 914 1023 939 eorum
1078 899 1267 948 decepcio
1320 899 1538 935 secundum
1592 896 1724 944 plures
1779 903 1872 931 et1o

505 960 677 997 maiores
722 960 961 997 defenditur.
1009 958 1048 995 Si
1094 958 1199 994 enim
1245 956 1371 993 fidelis
1415 957 1464 992 ad
1509 953 1813 991 similitudinem

505 1018 652 1055 Christi
692 1019 851 1055 invehat
891 1026 1031 1055 contra
1072 1016 1182 1058 tales,
1222 1024 1329 1051 totus
1370 1015 1541 1050 mundus
1580 1010 1815 1048 reclamabit

505 1089 594 1113 curn
636 1090 754 1114 carne
793 1090 864 1114 sua
904 1086 941 1113 et
980 1074 1183 1123 sanguine.
1231 1076 1273 1109 In
1311 1070 1533 1109 sanctitatis
1573 1068 1816 1118 apparencia

504 1136 642 1171 oculos
677 1135 885 1172 hominum
909 1134 1028 1171 stulte
1052 1141 1241 1181 pascunt3
1275 1130 1536 1168 exterminant
1568 1128 1664 1165 enim
1686 1127 1816 1176 facies

504 1206 594 1229 suas
639 1196 697 1240 (ut
748 1193 894 1230 dicitur
939 1190 1106 1229 Matthei
1144 1192 1229 1236 VIO,
1283 1191 1344 1236 16>
1398 1197 1434 1224 et
1486 1186 1675 1223 simulant
1718 1184 1873 1221 aliaS15

505 1251 737 1289 sanctitates
771 1253 946 1300 penales,
980 1259 1023 1286 ut
1054 1249 1265 1286 videantur
1298 1245 1527 1283 hominibus
1561 1257 1643 1281 esse
1676 1242 1815 1288 sancti,

507 1319 543 1346 et
576 1310 631 1346 sic
664 1320 706 1346 ut
739 1311 915 1347 clamant
948 1306 1133 1356 discipuli
1156 1304 1404 1351 Antichristi‚
1438 1304 1543 1340 idem
1578 1310 1677 1339 esset
1710 1301 1817 1349 ipsos

506 1367 699 1416 impetere
744 1368 824 1405 sive
868 1366 1054 1417 persequi
1099 1374 1136 1402 et
1189 1363 1367 1401 cruciare
1412 1361 1630 1399 Dominum
1684 1361 1817 1395 Jesum

507 1427 723 1464 Christum.

1000 1548 1192 1590 SERMO
1227 1548 1332 1587 LVI.
1837 1556 1877 1577 20

423 1710 428 1718 ι
567 1663 668 1698 Ecce
694 1661 878 1710 princeps
911 1670 1006 1693 unus
1037 1655 1208 1692 accessit.
1243 1651 1408 1690 Matthei
1442 1652 1526 1697 IX0‚
1558 1649 1617 1686 18.

218 1711 484 1779 ἀιᾟὲᾖῐζζηξζῗῃρ
570 1723 717 1756 Notata
768 1716 936 1754 historia
986 1714 1102 1751 huius
1156 1710 1347 1760 evangelii
1398 1718 1506 1758 patet
1561 1708 1611 1744 ad
1661 1718 1819 1742 sensum

236 1776 351 1843 ᾟῑῃῑὶὲ
371 1780 462 1842 310ἢέ
509 1778 709 1815 misticum
757 1776 962 1825 quomodo
1008 1772 1089 1809 filia
1134 1770 1249 1808 huius
1288 1767 1481 1817 principis
1519 1774 1576 1802 est
1614 1764 1745 1813 prima
1783 1763 1823 1798 in

242 1852 343 1890 whom
366 1834 469 1888 Chi-ist
503 1837 643 1874 ordine
666 1838 712 1872 de
734 1835 860 1871 tribus
877 1831 1045 1869 mortuis
1067 1843 1166 1879 quos
1182 1828 1378 1865 Dominus
1395 1823 1611 1863 suscitavit.
1634 1821 1822 1869 Princeps

220 1886 485 1950 ὃζξῇζζξξὶῂζςῇῃ.
504 1904 636 1944 potest
660 1892 825 1941 intelligi
850 1890 993 1928 mentis
1024 1889 1141 1933 acies,
1167 1900 1241 1936 que
1266 1898 1377 1922 mens
1400 1884 1491 1920 licet
1514 1882 1563 1918 sit
1586 1880 1823 1917 intrinsecus
1841 1881 1879 1913 25

506 1955 639 1990 sedata
677 1951 844 1989 crimine
889 1950 1007 1986 habet
1052 1957 1187 1984 tamen
1231 1956 1455 1981 remorsum
1495 1937 1756 1983 consciencie,
1789 1944 1824 1972 et

508 2019 596 2048 orat
629 2010 841 2048 intrinsece
882 2016 921 2044 ut
946 2007 1036 2057 filia
1077 2017 1145 2041 sua
1186 2005 1235 2040 ad
1276 2002 1380 2038 intra
1411 1999 1617 2037 suscitetur
1649 2004 1820 2032 mortua.

510 2073 551 2106 In
580 2069 766 2106 omnibus
795 2075 927 2104 autem
958 2064 1042 2101 istis
1073 2070 1231 2111 oportet
1261 2068 1401 2096 notare
1431 2056 1602 2105 logicam
1627 2053 1822 2101 scripture

509 2130 559 2164 ad
598 2127 901 2175 intelligendum
942 2125 1014 2159 hos
1053 2133 1189 2158 sensus
1224 2117 1414 2163 misticos,
1449 2115 1580 2163 primo
1614 2112 1820 2161 quomodo

508 2186 683 2234 quelibet
711 2195 884 2234 persona
919 2179 1083 2218 humani
1113 2177 1267 2227 generis
1297 2184 1353 2213 est
1383 2173 1583 2210 masculus
1612 2179 1649 2206 et
1679 2168 1821 2205 mulier
1837 2170 1879 2203 30

506 2245 725 2280 secundum
750 2242 950 2289 disparem
975 2237 1178 2276 racionem
1206 2243 1249 2271 ut
1277 2232 1443 2271 Matthei
1471 2232 1592 2275 XXIO,
1626 2228 1693 2264 50:
1730 2226 1821 2270 Qui-

507 2314 650 2351 cunque
683 2301 829 2350 secerit
874 2298 1106 2334 voluntatem
1146 2293 1274 2344 patris
1319 2291 1392 2327 mei
1435 2289 1498 2338 qni
1540 2288 1575 2323 in
1620 2285 1710 2322 celis
1754 2291 1821 2329 est,

507 2360 586 2409 ipse
615 2371 720 2395 meus
738 2359 890 2407 frater,
913 2368 1029 2391 soror
1056 2361 1091 2390 et
1120 2359 1245 2388 mater
1275 2357 1341 2386 est.
1373 2347 1558 2385 Secundo
1582 2341 1822 2392 supponitur

508 2419 616 2466 quod
650 2418 771 2453 horno
805 2413 970 2450 interior
1010 2411 1077 2461 qui
1118 2418 1176 2446 est
1215 2420 1325 2444 mens
1358 2407 1535 2442 humana
1574 2401 1734 2438 realiter
1766 2400 1821 2435 lo-

508 2475 642 2524 quitur
675 2477 759 2510 Deo
792 2470 1025 2509 abscondite
1058 2468 1277 2505 secundum
1312 2463 1539 2501 mocionem
1574 2456 1878 2496 consciencie35

580 2606 598 2625 1.
621 2598 646 2625 Α
669 2597 698 2624 in
721 2605 834 2631 marg:
862 2595 978 2621 Contra
999 2592 1203 2619 dotacionem.
1323 2597 1348 2615 -.
1372 2587 1392 2614 Β
1416 2586 1445 2613 in
1468 2592 1580 2619 marg:
1609 2579 1820 2609 Antichristus

510 2633 589 2659 unde
611 2633 782 2659 roboratur.
865 2629 892 2659 S,
915 2638 944 2664 ς).
967 2627 1111 2663 parcitur.
1196 2633 1230 2654 11,
1252 2631 1295 2659 12„
1312 2604 1355 2650 Ᾰτ
1380 2621 1412 2649 Si
1434 2620 1514 2647 enim
1533 2634 1567 2655 e
1590 2615 1703 2644 Christi
1725 2615 1818 2641 deest.

510 2666 546 2694 13.
569 2668 611 2694 A:
640 2671 667 2694 et
694 2665 840 2701 sangnine
868 2669 893 2691 et
922 2661 1079 2697 sanguine.
1189 2668 1234 2687 20.
1256 2658 1306 2685 BC
1327 2657 1356 2684 in
1379 2664 1493 2690 marga
1522 2651 1684 2680 hominica
1704 2648 1819 2677 XXIII:

510 2701 548 2729 C:
573 2707 641 2737 post
661 2701 834 2729 Trinitatis,
935 2697 977 2725 23.
1000 2697 1043 2723 A:
1068 2695 1213 2730 primum.
1312 2692 1358 2718 26.
1382 2689 1446 2717 BC:
1471 2694 1642 2715 remorsum
1665 2684 1818 2720 continue:

509 2744 555 2771 29.
578 2738 603 2763 A
626 2737 654 2763 in
676 2744 789 2771 marg:
813 2744 832 2762 1.
889 2732 928 2760 31.
946 2734 973 2759 Α
993 2731 1022 2758 in
1045 2738 1158 2763 marga
1180 2729 1261 2756 Nota
1282 2726 1363 2761 qnod
1386 2723 1519 2759 quelibet
1540 2728 1672 2758 persona
1693 2719 1817 2745 hamam

509 2771 628 2804 generis
648 2776 692 2798 est
714 2770 869 2797 masculus
891 2772 918 2794 et
939 2766 1048 2806 mulier
1069 2764 1237 2791 secundnm
1254 2761 1410 2796 disparem
1428 2758 1599 2786 racionem:
1622 2755 1643 2781 B
1659 2762 1687 2780 1n
1705 2760 1818 2786 marg:

510 2807 651 2840 Qut-libet
674 2813 805 2841 persona
827 2804 951 2830 hnmani
973 2799 1092 2836 generis
1113 2803 1157 2825 est
1179 2797 1334 2824 masculus
1355 2799 1383 2821 et
1404 2793 1512 2820 mulier
1532 2789 1701 2817 secundum
1718 2787 1820 2820 dispa-

511 2849 572 2867 rem
596 2841 749 2867 racionem
772 2838 937 2866 misticam.
1011 2834 1053 2862 32.
1076 2833 1141 2860 BC:
1164 2841 1232 2866 que.
1306 2829 1349 2857 33.
1371 2829 1399 2856 A
1421 2828 1449 2854 in
1472 2834 1584 2860 marg:
1607 2832 1632 2851 2.

583 2914 632 2934 20.
664 2902 714 2934 Cf.
730 2896 896 2941 Wyclis's
924 2897 1089 2928 Sermons
1115 2893 1168 2924 ed.
1196 2892 1239 2933 by
1266 2889 1399 2921 Arnold
1429 2889 1451 2926 I,
1480 2887 1531 2928 59.
