2017 3353
202 274 338 303 SERMO
359 262 497 319 xmus]
704 275 843 307 PR1MA
872 275 1000 306 PARs.

202 396 350 429 suram,
403 395 616 419 numerum
663 391 699 419 et
744 381 925 418 ordinem
981 390 1113 430 partes
1162 382 1342 430 corporis
1388 382 1515 419 cuius-

204 454 373 490 cunque.

260 502 307 536 Et
341 507 535 548 quantum
569 500 618 535 ad
651 498 933 534 vestimentum
967 497 1142 534 hominis
1176 509 1218 534 ex
1251 499 1392 534 eodem
1426 499 1516 536 loco

202 571 224 595 a
258 557 401 594 maiori
434 556 684 594 convincitur
713 557 821 605 quod
854 557 977 592 homo
1011 557 1127 592 debet
1161 557 1293 604 quoad
1317 555 1414 592 illud
1439 557 1516 593 sol-

170 615 450 653 §licitudinem
484 614 754 651 inordinatam
788 614 958 651 abicere.
991 616 1094 650 Nam
1128 615 1233 651 Deus
1266 614 1403 651 onmia
1437 615 1516 650 lilia

202 675 296 725 agri
341 682 378 710 et
411 672 548 710 omnia
602 681 705 709 terre
756 671 968 709 nascencia
1020 671 1136 709 vestit
1179 681 1223 708 ut
1267 673 1380 709 decet
1432 672 1516 709 sine

202 745 340 769 eorum
375 730 644 768 sollicitudine
678 730 784 767 circa
818 743 955 767 eorum
990 730 1180 766 infamem
1214 730 1515 768 laboracionem

200 791 261 827 vel
293 789 532 827 vescionem.
579 790 678 825 Cum
716 801 808 836 ergo
842 789 1025 824 Salomon
1059 788 1094 824 in
1128 789 1233 825 omni
1271 789 1403 839 gloria
1447 802 1516 826 sua

202 848 355 885 nonsit
386 854 591 897 coopertus
634 848 768 895 quoad
813 847 992 883 alborem
1026 845 1195 883 vestium
1240 847 1337 883 sicut
1381 847 1516 893 lilium,

148 906 381 955 iosequitur
432 917 503 954 per
555 905 687 942 locum
733 918 755 942 a
800 904 944 941 maiori
993 905 1100 953 quod
1133 906 1238 941 Deus
1291 904 1517 953 providebit

148 1197 184 1231 15

143 1500 184 1522 20

143 1780 183 1812 25

201 964 350 1001 fabrice
383 976 451 1000 sue
484 963 523 999 in
558 975 746 1000 mensura
779 975 858 1011 qua
892 971 948 999 est
981 962 1055 999 sibi
1088 962 1359 999 necessarium
1405 963 1516 999 indui

201 1021 461 1059 vestimentis.
497 1022 539 1057 Si
569 1029 694 1057 autem
718 1022 858 1070 fenum
891 1021 986 1072 agri
1016 1021 1118 1070 quod
1149 1021 1184 1057 in
1216 1021 1326 1058 brevi
1356 1022 1518 1058 transiet

201 1093 273 1117 non
307 1080 469 1116 ulterius
521 1080 737 1116 rediturum
770 1080 878 1116 Deus
921 1079 975 1116 sic
1020 1079 1143 1126 vestit,
1196 1086 1336 1128 quanto
1390 1080 1518 1130 magis

201 1139 372 1175 homines
404 1138 471 1187 qui
506 1138 724 1174 manebunt
756 1150 890 1174 secum
924 1145 1119 1186 perpetuo
1152 1137 1372 1174 secundum
1408 1150 1517 1174 men-

201 1210 335 1233 suram
381 1196 435 1232 eis
479 1195 746 1232 necessariam
792 1197 841 1232 ad
873 1195 996 1232 vitam
1030 1195 1251 1232 virtuosam
1297 1208 1373 1244 que
1406 1195 1516 1232 ducit

201 1256 250 1292 ad
285 1254 598 1291 beatitudinem?
630 1255 678 1290 Et
711 1254 766 1290 sic
800 1253 976 1290 defectus
1010 1253 1103 1290 fidei
1136 1262 1193 1289 est
1227 1266 1346 1290 causa
1386 1253 1514 1291 tocius

201 1313 316 1349 huius
340 1311 621 1349 sollicitudinis
645 1311 886 1349 inordinate.
920 1313 968 1348 Et
991 1311 1116 1348 tercio
1141 1324 1184 1348 ex
1207 1311 1322 1348 dictis
1347 1311 1514 1348 infertur

201 1370 418 1417 conclusio,
453 1372 561 1419 quod
594 1369 726 1406 omnis
755 1370 885 1407 viator
916 1370 1018 1406 nolit
1052 1382 1134 1406 esse
1166 1369 1360 1406 sollicitus
1408 1370 1515 1407 circa

201 1429 397 1465 cibarium
432 1437 468 1465 et
501 1428 812 1476 operimentum,
865 1437 908 1465 ut
945 1436 1081 1476 gentes
1126 1427 1277 1464 faciunt
1321 1427 1514 1474 infideles,

201 1500 291 1524 cum
325 1487 433 1523 Deus
465 1486 531 1535 qui
566 1499 609 1523 ex
643 1486 719 1522 fide
752 1499 833 1523 non
866 1495 997 1535 potest
1037 1486 1207 1522 deficere
1240 1485 1279 1522 in
1312 1486 1513 1534 potencia,

200 1545 239 1581 in
273 1545 457 1591 sciencia,
489 1545 528 1581 in
552 1545 839 1589 benivolencia,
872 1545 943 1581 scit
975 1557 1046 1593 qua
1081 1556 1261 1580 mensura
1294 1546 1515 1581 secundum

201 1602 435 1651 dignitatem
470 1604 602 1652 quoad
643 1602 933 1639 beatitudinem
968 1603 1028 1639 vel
1068 1602 1405 1650 dampnacionem
1445 1603 1518 1639 hiis

201 1662 374 1697 omnihus
406 1661 598 1712 indigetis.
634 1662 726 1697 Ideo
760 1661 912 1698 debetis
946 1662 1108 1698 credere
1142 1661 1250 1708 quod
1295 1662 1514 1697 secundum

202 1732 431 1756 mensuram
466 1732 544 1768 qua
578 1719 828 1755 ministratur
860 1719 971 1755 vobis
1006 1720 1052 1754 de
1091 1717 1236 1755 talibus
1276 1718 1368 1755 estis
1407 1718 1516 1767 digni

200 1778 261 1814 vel
300 1777 559 1819 beatitudine,
599 1777 807 1825 supposito
853 1779 960 1825 quod
1005 1775 1232 1825 suscipiatis
1271 1778 1318 1813 de
1370 1776 1516 1814 talibus

201 1836 241 1871 in
275 1848 474 1881 mensura,
499 1836 559 1872 vel
583 1835 891 1883 dampnacione,
926 1834 1136 1883 supposito
1166 1835 1274 1883 quod
1299 1836 1346 1871 de
1370 1835 1516 1872 talibus

201 1893 584 1930 immensurabiliter
613 1893 796 1930 sumatis.
827 1893 988 1943 Querite
1020 1906 1116 1943 ergo
1144 1893 1316 1942 primum
1351 1906 1516 1944 regnum

202 1952 278 1988 Dei
308 1959 342 1988 et
376 1952 536 1988 virtutes
569 1964 638 2001 que
669 1959 757 1987 sunt
789 1951 868 1988 eius
911 1951 1058 1988 iusticia
1093 1959 1128 1987 et
1160 1950 1227 1987 hec
1260 1951 1385 1987 omnia
1423 1959 1516 1988 tem-

197 2010 353 2059 poralia
392 2011 608 2046 adicientur
641 2010 745 2046 vobis
777 2011 997 2046 secundum
1032 2021 1261 2045 mensuram
1295 2022 1372 2058 que
1404 2009 1516 2046 vobis

145 2070 186 2102 30
204 2077 259 2104 est
294 2067 503 2116 expediens
538 2069 587 2104 ad
622 2069 726 2104 bunc
751 2067 884 2104 finem.
919 2069 967 2104 Et
999 2076 1109 2115 patet
1142 2067 1348 2104 conclusio
1382 2069 1516 2116 quoad

143 2360 183 2393 35

202 2138 340 2163 omnes
374 2126 469 2162 istos
510 2126 687 2162 defectus
731 2125 771 2162 in
817 2125 1129 2163 conversacione
1160 2125 1362 2162 viancium
1408 2127 1516 2174 quod

202 2193 412 2232 peccatum
449 2184 540 2221 fidei
587 2184 636 2220 sit
680 2183 720 2220 in
754 2196 886 2221 causa.
942 2185 1142 2220 Debemus
1195 2183 1301 2220 enim
1355 2185 1517 2221 credere

202 2244 330 2279 Deum
383 2255 465 2279 esse
527 2242 655 2278 tribus
707 2242 897 2291 predictis
950 2241 1206 2290 passionibus
1264 2243 1515 2288 decoratum,

201 2301 378 2337 secundo
424 2301 614 2337 debemus
659 2301 822 2337 credere
854 2313 928 2337 nos
962 2312 1045 2337 esse
1091 2300 1294 2336 infinitum
1340 2300 1516 2338 abiectas

201 2358 284 2395 eius
318 2367 534 2405 creaturas,
569 2358 712 2407 quibus
746 2358 777 2395 si
799 2371 883 2395 non
906 2371 1104 2407 ponamus
1127 2358 1283 2395 obicem
1307 2358 1517 2407 sapientis—

200 2416 298 2453 sime
317 2416 500 2464 providet
523 2425 717 2465 quantum
743 2425 800 2453 est
822 2416 938 2453 nobis
961 2416 1230 2453 necessarium
1255 2416 1335 2453 sive
1353 2416 1515 2453 iustum.

200 2476 248 2510 Et
280 2474 405 2510 tercio
458 2475 649 2511 debemus
693 2474 882 2522 cogitare,
928 2487 1018 2512 curn
1071 2474 1247 2511 ordinati
1297 2487 1434 2511 sumus
1467 2476 1517 2512 ad

199 2532 322 2569 vitam
357 2532 476 2568 aliam
511 2532 798 2580 sempiternam
846 2535 954 2582 quod
1000 2533 1132 2569 media
1179 2533 1285 2570 circa
1333 2545 1409 2581 que
1454 2532 1517 2570 hic

200 2589 466 2627 sollicitamur
496 2603 579 2627 non
611 2599 702 2627 sunt
733 2590 850 2628 nobis
881 2591 1008 2637 utilia,
1053 2590 1131 2627 nisi
1178 2592 1225 2627 de
1270 2599 1421 2639 quanto
1466 2592 1515 2627 ad

270 2699 295 2727 3.
316 2701 345 2728 A
364 2699 394 2728 in
416 2708 529 2728 marta:
551 2710 583 2735 2;
614 2701 654 2729 ib.
675 2702 719 2729 A:
742 2702 933 2730 vestimenta.
1014 2702 1042 2730 6.
1063 2703 1108 2730 A:
1130 2702 1234 2730 omnia
1255 2702 1349 2729 deest.
1423 2710 1449 2735 7.
1472 2703 1515 2729 A:

200 2736 348 2762 laborem.
432 2735 458 2762 8.
482 2721 521 2763 ὃς
543 2735 713 2763 necionem.
797 2745 826 2772 9.
849 2737 886 2764 B:
908 2741 1088 2772 coapertus:
1116 2736 1155 2765 C:
1177 2741 1378 2771 cooperatus;
1409 2736 1448 2764 ib.
1471 2739 1515 2764 A:

201 2771 342 2798 decorem
364 2771 504 2798 vestium.
596 2779 636 2798 10.
658 2772 702 2798 A:
724 2780 796 2806 ergo
817 2780 879 2806 per.
972 2780 1010 2806 17.
1031 2773 1059 2799 A
1080 2773 1109 2799 in
1131 2780 1250 2807 ma1·g.:
1270 2771 1295 2799 3.
1388 2772 1427 2799 18.
1449 2771 1516 2799 BC:

201 2805 282 2841 quod
304 2809 404 2832 autem
426 2805 525 2833 viator
545 2806 646 2844 nollet.
721 2813 759 2834 21.
781 2807 825 2833 A:
848 2806 894 2845 sit.
969 2807 1011 2835 25.
1034 2806 1166 2846 BC.³.V⁶¹
1189 2805 1338 2845 benivole.
1407 2814 1451 2864 23.
1475 2806 1514 2834 C:

201 2848 329 2878 regnum
350 2839 443 2867 deest.
516 2839 559 2867 33.
580 2841 608 2867 A
628 2848 658 2879 111
680 2849 794 2876 ma1·g.:
817 2849 843 2871 1:
870 2841 910 2869 lb.
932 2843 976 2868 A:
999 2841 1174 2877 duplicibus
1196 2840 1352 2876 predictis,
1375 2875 1380 2879 ²
1426 2850 1472 2875 ,4.
1486 2842 1515 2880 A

200 2882 365 2945 iiiaingiigssi
387 2882 412 2902 2.
485 2873 528 2903 35.
549 2875 593 2902 A:
615 2884 751 2911 eiusque.
826 2874 870 2911 37.
892 2875 958 2904 BC:
980 2876 1128 2904 debemus
1149 2883 1352 2911 congregare;
1374 2876 1414 2903 ib.
1436 2877 1464 2904 A
1484 2885 1513 2904 111

1726 266 1800 302 313

1530 1245 1627 1274 Χνυηῖ
1641 1244 1675 1272 os
1686 1245 1759 1274 milli
1775 1244 1808 1277 ¹is

1530 1280 1580 1308 the
1603 1288 1693 1308 cause
1713 1279 1748 1307 of
1767 1280 1803 1307 all

1582 1314 1754 1343 inordinate

1581 1349 1751 1378 solicitude.
