2017 3353
238 1325 368 1353 Motives
388 1325 422 1353 of
438 1325 487 1352 the

294 1360 374 1400 Jews
394 1360 425 1400 in

262 1399 458 1431 quesnomng

305 1430 418 1458 Christ.

231 2331 363 2360 Christ’s
384 2332 490 2367 appe-al

243 2371 273 2394 to
294 2366 351 2395 His
371 2367 484 2394 works.

812 237 1036 269 JOHANNIS
1056 236 1239 268 Wchr
1259 236 1515 268 SERMONUM
1591 222 1742 280 [SERMo
1763 234 1825 262 Lx.

570 347 721 381 Notant
768 351 902 380 autern
952 343 1124 379 morales
1170 343 1376 392 quomodo
1420 341 1492 379 iste
1542 341 1828 379 innovaciones

513 402 614 439 sicut
654 400 923 439 materialium
965 401 1210 449 templorum
1252 400 1452 437 facciones
1491 409 1581 436 sunt
1618 401 1732 437 valde
1771 400 1828 436 in-

513 460 674 498 stabiles
708 468 745 496 et
779 471 916 496 earum
951 458 1241 507 multiplicacio
1281 471 1326 495 ac
1358 458 1508 494 rituum
1549 471 1713 495 suorum
1759 460 1828 494 ob-

513 518 690 555 servacio
724 526 936 555 attestatur
968 516 1268 565 frigescenciam
1304 515 1501 562 caritatis3
1536 517 1697 565 quando
1722 516 1827 552 enim

513 576 685 613 dimissis
731 575 1026 613 attencionibus
1070 574 1344 623 spiritualibus
1390 582 1503 611 curat
1556 575 1728 610 mundus
1781 575 1861 610 de5

513 634 653 672 ritibus
687 633 974 679 materialibus,
1009 633 1107 669 fiunt
1140 632 1322 670 homines
1358 632 1492 681 cupidi
1525 641 1562 669 et
1601 641 1827 672 terrestres:

513 693 602 730 ideo
647 692 852 740 signanter
884 692 935 727 ad
974 703 1133 727 sensum
1178 690 1379 727 misticum
1420 699 1532 727 notat
1576 690 1829 738 Evangelista

513 753 621 800 quod
646 763 767 801 yems
799 756 895 786 erat.

570 808 802 844 Ambulabat
822 814 948 843 autem
970 806 1081 842 Jesus
1103 807 1138 842 in
1169 807 1309 856 templo
1342 807 1377 842 in
1401 807 1557 856 porticu
1593 806 1831 851 Salomonis;

513 866 659 904 dicitur
686 875 820 902 autem
844 866 953 914 quod
975 863 1153 913 porticus
1177 864 1404 901 Salomonis
1434 864 1507 900 fuit
1530 864 1693 913 quidam
1718 864 1829 900 locus
1850 879 1888 901 10

513 925 552 961 in
586 937 664 973 quo
699 924 891 960 Salomon
923 923 1077 959 solebat
1111 934 1239 969 orare,
1271 923 1379 971 quod
1412 922 1593 971 quamvis
1626 921 1827 958 edificium

514 981 741 1020 Salomonis
780 981 853 1018 fuit
891 982 1145 1018 combustum
1186 993 1256 1029 per
1296 981 1466 1017 Caldeos
1508 981 1566 1027 (ut
1610 988 1719 1028 patet
1758 981 1827 1016 IVs'

513 1043 663 1089 Regum
697 1039 874 1087 ultimo),
908 1048 1043 1075 tamen
1081 1040 1340 1088 postmodum
1382 1037 1657 1074 reedificatum
1698 1046 1754 1074 est
1793 1046 1831 1074 et

514 1099 699 1135 sortitum
741 1097 845 1134 idem
892 1109 1052 1133 nomen.
1094 1099 1135 1133 In
1175 1096 1243 1133 illo
1283 1105 1417 1133 autem
1456 1096 1546 1133 loco
1585 1095 1658 1132 fuit
1703 1095 1831 1132 maior

514 1156 652 1206 populi
668 1155 950 1204 congregacio;
966 1156 1071 1191 unde
1086 1154 1139 1191 ibi
1156 1155 1270 1191 Judei
1282 1155 1620 1190 circumdederunt
1634 1154 1830 1190 Christum
1851 1160 1887 1193 15

516 1223 725 1264 querentes
758 1215 806 1251 ab
841 1226 886 1250 eo
919 1212 1136 1262 sophistice
1177 1212 1370 1261 quamdiu
1409 1212 1585 1249 animam
1620 1224 1757 1248 eorum
1791 1211 1831 1247 in

516 1272 637 1309 dubio
670 1273 930 1321 suspenderet
964 1284 1009 1308 ac
1042 1271 1073 1307 si
1111 1271 1256 1307 vellent
1297 1271 1497 1307 credendo
1538 1278 1643 1306 stare
1682 1269 1830 1306 Christi

515 1330 728 1368 sentencie.
764 1331 842 1366 Sed
875 1329 1138 1378 probabiliter
1170 1328 1334 1377 ponitur
1358 1329 1467 1377 quod
1489 1329 1565 1364 hoc
1590 1328 1829 1364 simularunt

515 1389 611 1426 false
644 1388 684 1425 in
717 1387 1021 1425 accusacionem
1055 1387 1218 1423 Domini
1252 1386 1493 1435 aspirantes:
1533 1399 1626 1423 nam
1663 1387 1721 1432 (ut
1745 1385 1829 1434 qui-

515 1449 607 1484 dam
640 1446 881 1494 intelligunt)
917 1458 1007 1482 cum
1032 1445 1211 1481 Christus
1234 1445 1520 1493 interpretatur
1541 1452 1697 1490 unctus,
1722 1444 1828 1492 quod
1847 1461 1887 1482 20

515 1504 702 1554 apparuit
735 1503 788 1540 eis
827 1505 917 1540 Jesu
957 1503 1128 1540 maxime
1167 1504 1310 1539 debere
1355 1511 1583 1551 competere
1621 1510 1828 1550 tamquam

515 1563 609 1611 regi,
654 1563 867 1599 voluerunt
920 1562 1065 1598 habere
1111 1573 1154 1597 ex
1198 1574 1269 1597 sua
1312 1560 1573 1605 confessione,
1619 1561 1727 1607 quod
1773 1572 1829 1595 se—

515 1622 690 1658 cundum
723 1620 832 1657 illam
867 1619 1071 1656 racionem
1104 1628 1246 1655 unctus
1279 1619 1420 1663 fuerat,
1453 1627 1496 1654 ut
1527 1618 1583 1654 sic
1607 1617 1830 1654 coloracius

515 1688 749 1716 accusarent
794 1690 884 1714 eum
929 1677 1078 1726 presidi
1123 1686 1332 1725 tamquam
1377 1677 1427 1712 ad
1472 1675 1663 1724 regaliam
1708 1676 1830 1711 Judee

516 1746 656 1774 contra
700 1739 975 1773 Romanorum
1022 1735 1244 1771 dominium
1285 1734 1542 1783 aspirantem.
1594 1736 1696 1770 Nam
1742 1734 1887 1772 Joh.25

514 1793 638 1840 XIX⁰‚
680 1805 724 1830 12
760 1793 965 1831 scribitur:
1006 1793 1139 1830 Omnis
1166 1793 1230 1842 qui
1256 1805 1296 1829 se
1324 1805 1457 1843 regem
1470 1792 1575 1842 facit
1604 1791 1832 1828 contradicit

516 1854 651 1890 cesari.
683 1854 760 1889 Sed
782 1854 892 1888 Jesus
917 1851 1123 1900 respondit
1147 1851 1201 1887 eis
1224 1852 1443 1887 secundum
1469 1863 1608 1887 eorum
1631 1848 1831 1886 versucias

516 1911 611 1948 satis
644 1910 901 1948 abscondite:
942 1910 1113 1959 Loquor,
1152 1908 1294 1958 inquit,
1330 1909 1434 1945 vobis
1473 1916 1507 1944 et
1545 1920 1617 1945 non
1656 1907 1833 1949 creditis,-

517 1969 608 2006 ideo
640 1969 742 2005 foret
774 1968 975 2017 superflue
998 1968 1203 2004 declarare
1228 1966 1442 2003 maximam
1466 1965 1599 2003 taliter
1621 1964 1830 2009 induratis,

517 2029 585 2064 sed
618 2027 864 2076 pertinenter
897 2025 1071 2062 inculcat
1104 2024 1350 2061 sentenciam
1385 2037 1427 2061 ex
1461 2037 1538 2072 qua
1572 2025 1716 2060 debent
1750 2035 1832 2059 cre-
1849 2030 1890 2063 30

519 2087 629 2131 dere3
664 2098 744 2121 non
778 2086 885 2133 quod
918 2083 967 2120 sit
1007 2096 1072 2120 rex
1105 2092 1285 2119 terrenus
1318 2091 1460 2119 unctus
1493 2082 1533 2118 in
1565 2080 1831 2130 preiudicium

518 2143 689 2180 Romani
734 2141 906 2191 imperii,
952 2143 1020 2178 sed
1065 2142 1173 2190 quod
1217 2141 1289 2177 fuit
1334 2140 1399 2176 ille
1444 2139 1624 2176 Christus
1669 2138 1709 2174 in
1750 2139 1834 2186 lege

518 2201 739 2250 promissus
773 2200 840 2249 qui
874 2208 930 2236 est
964 2199 1127 2236 Messias
1151 2201 1257 2235 Deus
1282 2207 1318 2235 et
1342 2199 1476 2234 homo.
1517 2197 1659 2247 Opera,
1691 2196 1832 2244 inquit,

519 2272 589 2308 que
603 2272 675 2309 ego
687 2259 799 2308 facio
814 2259 849 2294 in
866 2258 1015 2294 nomine
1031 2258 1160 2307 patris
1183 2257 1257 2293 mei
1277 2257 1344 2292 hec
1366 2255 1836 2304 testimoniumperhibent

521 2318 566 2353 de
600 2329 669 2353 me.
704 2319 805 2353 Nam
840 2315 986 2352 notatis
1021 2314 1167 2352 Christi
1207 2313 1409 2350 miraculis
1447 2322 1484 2350 et
1524 2314 1646 2349 modo
1685 2325 1756 2348 suo
1795 2311 1835 2348 in
1851 2320 1890 2353 35

518 2374 664 2411 virtute
696 2374 861 2422 propria
893 2372 1085 2421 operandi
1112 2372 1319 2409 manifeste
1342 2380 1496 2420 pateret
1520 2370 1703 2407 fidelibus
1727 2370 1834 2418 quod

521 2432 571 2469 sit
603 2434 709 2469 Deus
743 2441 779 2468 et
812 2433 947 2468 homo.
1320 2456 1322 2458 .

579 2492 629 2526 Et
667 2489 708 2526 in
746 2491 822 2526 hoc
867 2490 1063 2526 docentur
1106 2487 1250 2536 prelati
1289 2486 1416 2523 nostri
1455 2487 1600 2523 docere
1638 2486 1833 2534 populum

521 2549 629 2597 quod
661 2548 739 2585 sint
771 2547 908 2584 fideles
941 2545 1041 2583 servi
1074 2545 1221 2581 Christi
1246 2554 1283 2581 et
1306 2557 1387 2582 non
1411 2544 1574 2591 diaboli,
1609 2544 1717 2592 quod
1740 2542 1835 2579 fide-

590 2678 614 2697 2.
637 2670 674 2697 B:
696 2670 808 2705 factas;
830 2669 870 2697 C:
892 2671 978 2697 tacte.
1063 2678 1092 2702 4.
1115 2669 1157 2695 A:
1181 2667 1251 2703 quia
1271 2667 1364 2695 enim.
1447 2675 1474 2701 7.
1497 2666 1537 2694 C:
1559 2670 1657 2693 vocat.
1740 2664 1767 2692 8.
1788 2665 1832 2692 A:

521 2710 548 2732 ct
568 2713 654 2740 ycms
674 2710 747 2732 erat.
822 2713 855 2732 11.
871 2705 915 2732 A:
939 2708 967 2730 et
1009 2703 1145 2736 uamviffl
1167 2702 1206 2730 ib.
1225 2702 1265 2730 C:
1288 2701 1324 2728 ad
1346 2701 1510 2729 edificium.
1586 2699 1623 2728 13.
1646 2700 1685 2727 E:
1707 2699 1833 2734 Regum,

523 2748 628 2766 verum
648 2744 766 2773 tarnen3
787 2739 827 2766 ib.
844 2740 887 2766 A:
911 2738 990 2765 reedi
1015 2742 1114 2764 catum
1137 2741 1191 2767 est,
1214 2736 1418 2764 reedificatum
1440 2740 1494 2762 est.
1553 2743 1592 2770 17.
1608 2736 1651 2762 A:
1675 2733 1834 2768 suspendit

522 2773 658 2801 eciamsi.
738 2781 777 2801 21.
799 2773 840 2800 D:
863 2772 1013 2808 apperuit.
1093 2780 1136 2803 22,
1158 2771 1199 2800 23.
1221 2771 1288 2798 DE:
1318 2771 1389 2805 quia
1410 2770 1590 2797 secundum.
1669 2776 1716 2803 24.
1739 2768 1832 2795 BCD:

523 2812 714 2835 accusarunt.
800 2808 842 2838 25,
864 2808 910 2835 26.
932 2808 973 2834 D:
995 2807 1062 2834 Joh.
1083 2807 1134 2834 lx.
1220 2814 1266 2841 29.
1288 2806 1330 2833 A:
1361 2809 1568 2840 superne—uter.
1654 2811 1700 2838 29,
1722 2802 1767 2830 30.
1789 2803 1832 2829 A:

521 2843 673 2869 declarare
687 2858 721 2861 —
737 2843 922 2877 pertinenter
942 2842 1034 2868 deest.
1085 2849 1131 2876 29.
1149 2840 1213 2867 BC:
1237 2839 1396 2866 materiam
1419 2839 1526 2865 taliter.
1576 2837 1619 2866 35.
1636 2839 1678 2865 A:
1701 2841 1832 2864 notatur.

520 2876 564 2906 38.
585 2876 609 2904 E
629 2877 659 2904 in
681 2885 795 2912 marg:
818 2877 926 2905 Prelati
946 2876 1093 2913 operibus
1114 2875 1224 2903 debent
1244 2874 1395 2910 populum
1417 2873 1536 2901 docere.
1619 2871 1666 2908 39.
1689 2871 1729 2899 C:
1751 2871 1831 2907 quia.
