2017 3353
235 248 371 276 selmo
394 238 488 294 mxu]
739 249 877 281 PRIMA
907 249 960 279 ΡΑ
971 248 1037 279 RS.

237 357 398 395 Christo
421 357 461 394 in
486 357 664 394 moribus
681 356 950 399 conformare,
968 367 1057 390 cum
1083 363 1235 390 certum
1261 354 1309 389 sit
1334 357 1553 390 secundum

236 415 502 463 Augustinum
536 415 575 451 in
610 417 666 450 De
697 416 801 450 Vera
834 411 1039 460 Religione
1073 413 1179 460 quod
1213 410 1460 460 impossibile
1501 421 1557 449 est

237 486 461 523 quemquam
491 485 657 523 peccare
694 472 767 508 nisi
803 471 849 507 de
887 478 1027 519 quanto
1067 469 1253 518 defecerit
1291 470 1326 505 in
1361 471 1432 505 lmc
1459 470 1556 519 fide.

295 533 409 568 Unde
442 533 670 568 sacerdotes
695 539 731 566 et
755 528 899 577 prelati
923 529 1068 564 debent
1093 526 1395 575 diligentissime
1418 537 1559 564 notare

203 590 485 637 5evangelium
521 588 681 631 Christi,
723 596 765 623 ut
804 586 931 622 sciant
973 585 1055 622 eius
1100 584 1452 622 conversacionem
1502 585 1559 622 in-

237 647 359 684 terius
399 657 435 684 et
475 647 558 684 eius
597 644 922 695 predicacionem
962 643 1002 679 in
1035 643 1177 679 divinis
1210 643 1476 685 sermonibus,
1517 652 1560 680 ut

238 705 292 742 sic
337 718 408 753 per
451 705 581 754 ipsum
632 702 852 740 imitatorie
903 702 1147 750 regulentur.
1201 702 1293 738 ldeo
1346 701 1559 738 duodecim

238 762 396 800 articuli
451 763 542 800 fidei
590 763 637 798 de
683 760 843 798 Christo
888 769 979 796 sunt
1023 758 1241 796 efficaciter
1289 759 1477 796 credendi
1523 769 1560 796 et

238 833 377 857 omnes
411 830 523 858 actus
561 819 687 857 nostri
727 828 817 855 sunt
856 818 930 854 sibi
970 827 1164 867 quantum
1205 817 1425 854 sufficimus
1467 830 1560 854 con-

184 894 221 915 10
240 879 454 925 formandi,
489 879 582 928 quia
621 878 736 915 aliter
770 876 897 913 eciam
932 875 1159 925 quicunque
1198 876 1375 923 prelatus
1409 875 1559 923 fingens

238 950 278 973 se
324 949 406 973 esse
451 949 608 973 servum
650 935 798 973 Christi
844 944 900 971 est
943 933 1094 970 infideli
1136 933 1322 970 deterior.
1372 935 1420 969 Et
1458 934 1560 970 forte

239 996 482 1032 attendendo
522 996 572 1032 ad
613 993 942 1031 conversaciones
984 992 1268 1040 episcoporum
1309 991 1376 1039 qui
1416 993 1561 1028 debent

239 1065 322 1089 esse
376 1065 573 1102 pauperes
626 1061 663 1089 et
717 1050 886 1087 humiles
931 1051 1150 1086 secundum
1206 1049 1559 1086 conversacionem

239 1110 387 1148 Christi
422 1123 463 1148 se
497 1120 534 1147 et
566 1111 759 1159 populum
795 1109 1022 1157 regulalites
1055 1107 1115 1143 vix
1148 1121 1271 1144 unum
1310 1108 1370 1144 vel
1403 1109 1557 1144 nullum

186 1168 413 1217 15reperies
447 1169 543 1218 quin
575 1169 624 1205 sit
659 1167 855 1204 hereticus
889 1165 1073 1203 infidelis.
1108 1168 1156 1202 Et
1189 1167 1261 1202 hec
1295 1165 1404 1202 racio
1437 1178 1560 1214 quare

241 1227 368 1263 fidelis
402 1236 562 1264 curatus
597 1236 633 1263 et
665 1225 895 1274 predicator
919 1226 1036 1261 debet
1068 1233 1209 1260 notare
1244 1223 1492 1271 evangelium
1524 1233 1560 1260 et

240 1285 370 1333 ipsum
417 1298 508 1322 cum
554 1285 670 1322 dictis
716 1282 965 1332 appendiciis
1019 1281 1242 1330 predicare,
1297 1294 1386 1318 cum
1441 1295 1560 1318 omne

239 1343 348 1380 aliud
392 1345 558 1380 verbum
603 1356 683 1380 non
729 1344 845 1378 debet
891 1353 973 1377 esse
1014 1339 1119 1376 fideli
1159 1339 1358 1388 sapidum,
1398 1339 1472 1376 nisi
1513 1341 1560 1376 de

240 1410 390 1450 quanto
437 1401 617 1438 Christus
663 1403 768 1437 Deus
821 1409 857 1436 et
910 1400 1032 1435 homo
1078 1397 1207 1446 ipsum
1256 1397 1409 1434 dixerit.
1456 1400 1555 1434 Nam

182 1474 223 1495 20
239 1458 440 1496 infinitum
474 1458 796 1496 auctoritativior
829 1466 866 1494 et
900 1455 1102 1493 efficacior
1147 1464 1204 1492 est
1243 1468 1375 1492 sermo
1409 1455 1557 1492 Christi

239 1530 359 1566 quam
407 1530 539 1554 sermo
584 1518 812 1566 quicunque
858 1515 959 1552 alius
1005 1523 1362 1563 quantumcunque
1407 1513 1559 1561 magni-

240 1576 380 1612 ficatus
414 1576 481 1624 qui
514 1589 594 1612 non
629 1575 745 1612 fuerit
778 1587 909 1610 sermo
943 1586 1048 1609 suus.
1085 1574 1176 1609 Ideo
1208 1572 1355 1608 Christi
1388 1571 1559 1608 vicarius

240 1635 355 1670 debet
409 1646 451 1670 ex
503 1634 659 1670 virtutis
712 1631 1010 1681 preeminencia
1071 1631 1307 1678 pretendere
1359 1643 1399 1666 se
1451 1630 1558 1678 plebi

239 1692 477 1739 placabilem
516 1701 552 1728 et
582 1692 621 1727 in
655 1700 908 1727 montuosam
942 1688 1196 1725 sanctitatem
1232 1701 1277 1724 ac
1310 1687 1558 1736 speculacio—

181 1754 327 1786 25nem
373 1762 499 1798 prope
538 1750 741 1786 Christum
787 1749 1001 1785 ascendere
1048 1756 1083 1782 et
1128 1746 1182 1782 sic
1228 1758 1373 1782 vocare
1425 1745 1558 1782 inferi—

237 1820 347 1844 orem
382 1809 591 1856 populum,
627 1816 667 1843 ut
702 1820 770 1855 per
804 1806 934 1854 ipsum
969 1806 1156 1841 ascendat
1190 1806 1238 1840 ad
1265 1803 1496 1840 Dominum.

295 1867 479 1902 Secundo
520 1866 726 1902 dubitatul
772 1878 814 1900 ex
862 1865 936 1900 hoc
975 1862 1180 1910 exangelio
1220 1863 1427 1910 quomodo
1466 1862 1557 1898 licet

237 1924 455 1961 christiano
495 1924 670 1960 debitum
718 1924 937 1959 secundum
979 1922 1083 1969 leges
1124 1922 1319 1957 humanas
1360 1929 1555 1968 expetere,

237 1995 327 2018 cum
368 1983 585 2019 secundum
634 1983 707 2018 hoc
754 1980 1002 2027 evangelium
1049 1992 1168 2015 omne
1215 1979 1391 2014 debitum
1441 1979 1556 2014 debet

178 2044 220 2076 30
237 2042 359 2077 homo
393 2040 613 2078 dimittere:
647 2041 713 2076 sed
751 2040 809 2075 (ut
842 2047 950 2087 patet
984 2050 1027 2073 ex
1060 2037 1191 2084 dictis)
1229 2036 1407 2072 debitum
1441 2045 1556 2072 sonat

235 2098 275 2134 in
303 2098 576 2135 reddicionem
603 2098 770 2134 alicuius
801 2098 907 2145 quod
939 2096 1155 2132 secundum
1196 2094 1411 2143 equitatem
1440 2096 1555 2130 dehet

236 2156 323 2205 quis
361 2158 526 2202 solvere,
567 2166 603 2192 et
643 2169 731 2192 cum
768 2168 885 2192 omne
925 2154 1102 2190 debitum
1144 2161 1397 2189 mensuratur
1435 2165 1555 2200 penes

235 2214 410 2251 divinum
436 2214 660 2252 arbitrium.
692 2223 800 2262 patet
830 2214 936 2261 quod
968 2211 1196 2260 quicunque
1225 2211 1353 2247 viator
1376 2210 1555 2258 inculpa-

234 2272 366 2309 biliter
406 2273 605 2321 impotens
644 2275 691 2309 ad
733 2273 966 2308 solvendum
1003 2271 1119 2306 debet
1154 2269 1359 2317 percipere
1393 2270 1553 2316 plenam

177 2333 216 2367 35
234 2330 529 2378 indulgenciam
554 2330 676 2367 debiti
701 2330 825 2366 eciam
858 2331 906 2365 ab
937 2327 1117 2365 homine:
1144 2329 1251 2375 quod
1276 2326 1368 2375 quia
1393 2326 1554 2363 difficile

235 2398 291 2424 est
335 2389 508 2425 viantem
555 2388 765 2425 discutere.
814 2388 902 2423 ideo
949 2385 1163 2433 evangelici
1210 2386 1351 2421 nolunt
1396 2385 1433 2420 in
1479 2384 1553 2420 ista

233 2446 494 2495 perplexitate
528 2460 610 2482 sese
645 2446 859 2483 includere,
897 2454 932 2481 et
965 2444 1020 2480 sic
1054 2444 1288 2480 conceditur
1321 2444 1426 2491 quod
1462 2442 1553 2478 licet

232 2506 478 2541 mundanum
525 2504 702 2540 debitum
759 2517 872 2539 suum
926 2511 1108 2550 expetere
1160 2501 1285 2537 eciam
1332 2501 1551 2536 secundum

230 2564 334 2610 leges
359 2564 553 2598 humanas
577 2563 660 2609 lege
685 2561 847 2597 Domini
871 2561 1002 2597 debite
1026 2560 1225 2608 regulatas
1249 2568 1285 2594 et
1311 2557 1549 2601 debitorem,

230 2631 272 2656 ut
310 2633 353 2657 ex
391 2633 462 2656 sua
494 2620 668 2656 stulticia
707 2619 969 2667 impotentem
1004 2631 1077 2666 pro
1117 2616 1239 2653 debiti
1279 2614 1552 2664 equivalencia

300 2752 319 2770 1
335 2751 361 2771 2
376 2745 420 2771 A:
442 2743 470 2770 in
494 2743 632 2769 moribus
653 2758 684 2761 ——
706 2741 914 2782 Augustinum
937 2742 972 2768 d
967 2747 1030 2768 est.
1105 2748 1130 2767 2.
1153 2739 1182 2766 in
1204 2738 1299 2765 deest.
1377 2737 1414 2765 15.
1437 2738 1480 2764 A:
1505 2737 1549 2764 iu-

234 2789 243 2804 x
255 2779 319 2805 cnie
406 2787 447 2806 10.
469 2779 512 2805 A:
536 2786 566 2804 se
587 2778 699 2811 ipsum.
762 2784 808 2803 20.
832 2776 856 2803 (
869 2786 873 2791 ·
896 2776 1123 2803 ¹111ctoritacior.
1180 2781 1226 2807 24,
1247 2773 1290 2800 25.
1312 2773 1357 2799 A:
1380 2773 1548 2807 speculam

232 2822 275 2848 27.
292 2815 319 2840 ³2
336 2813 364 2839 iu
383 2821 496 2844 rrum..-
491 2835 495 2838 .
521 2812 653 2838 Dubium
672 2820 701 2838 s
694 2811 858 2838 cundum:
880 2811 901 2837 l’
918 2811 945 2837 in
963 2819 1048 2845 marg,
1072 2808 1183 2843 (mid
1206 2807 1371 2849 iequiiitur
1392 2806 1427 2833 ¹1d
1450 2815 1501 2833 sac
1505 2815 1549 2833 er-

230 2836 333 2875 dotem
357 2847 379 2874 C
385 2848 470 2889 luisti
492 2853 518 2873 ct
541 2844 826 2873 xi‘01ri11m.3.0
849 2847 875 2872 A
897 2846 926 2872 in
949 2832 1388 2879 mara..''let·spons10.22.
1411 2843 1454 2868 A:
1477 2850 1548 2868 con-

231 2884 366 2910 cedatur
441 2881 486 2917 “().
511 2880 782 2915 }’:1egil›ei:ib
805 2880 860 2907 A(
871 2880 998 2907 ·dcbite
1020 2880 1080 2906 dee
1078 2884 1113 2905 ·.t

1766 240 1843 287 359

1628 535 1685 562 We
1705 544 1773 562 mu
1778 539 1785 562 t

1574 569 1690 596 imitate
1711 570 1803 597 Cluui
1798 571 1844 598 t

1601 604 1740 643 tcaching
1761 605 1818 632 md

1679 639 1738 666 isse

1620 929 1743 956 Almost
1766 930 1802 956 all

1590 963 1717 998 bishops
1740 964 1796 991 live
1817 973 1850 991 a>

1646 998 1785 1026 herc-ties.

1574 1867 1652 1894 How
1676 1868 1721 1894 sn
1737 1876 1752 1894 a
1775 1876 1844 1895 lii-ul

1604 1910 1673 1929 max
1694 1902 1817 1929 enimce

1617 1945 1645 1972 p·
1637 1946 1673 1965 ix
1679 1942 1761 1964 ment
1781 1938 1815 1964 ot

1656 1969 1756 1998 debis.
