2017 3353
246 928 282 949 10

243 1206 280 1239 15

239 1508 279 1529 20

237 2079 278 2110 30

237 2368 276 2400 35

302 284 436 311 simio
454 272 577 330 xxxi]
807 287 944 319 pamm
975 288 1098 319 PARS.
1834 283 1910 318 213

302 392 558 429 condiciones
598 392 891 429 materialitatis
936 393 1164 442 participat.
1211 396 1365 431 Omnes
1405 405 1537 432 autem
1574 398 1624 432 liii

301 461 379 487 tres
411 463 547 487 sensus
570 458 661 487 sunt
685 452 904 487 secundum
931 453 1132 500 quandam
1159 452 1451 500 proprietatem
1477 454 1625 490 stimuli

301 508 522 546 carnalium
558 517 831 557 peccatorum,
863 509 954 545 licet
977 509 1146 546 olfactus
1179 522 1250 558 per
1275 510 1460 547 accidens
1486 512 1627 548 excitet

301 568 349 603 ad
402 566 598 603 accidiam
652 575 688 602 et
740 566 970 613 avariciam,
1018 567 1119 604 sicut
1164 580 1304 604 omnes
1350 568 1403 604 hii
1450 570 1626 618 quinque

300 637 437 661 sensus
470 633 707 672 promovent
741 637 811 672 per
844 625 1029 661 accidens
1063 627 1112 662 ad
1137 625 1337 674 singulum
1363 637 1623 674 peccatorum

301 681 546 719 mortalium.
590 681 706 718 Visus
752 682 856 719 enim
903 682 1147 731 indignantis
1201 684 1303 721 sicut
1348 685 1528 722 stimulat
1576 688 1624 722 ad

299 739 528 788 superbiam
570 748 689 789 atque
728 739 934 785 invidiam,
969 741 1025 777 sic
1058 742 1197 778 oculus
1230 742 1449 790 petulantis
1483 743 1625 780 excitat

299 799 348 835 ad
381 797 496 843 iram,
531 797 741 844 accidiam,
774 799 908 847 gulam
943 808 1063 849 atque
1087 800 1297 837 luxuriam.
1332 802 1380 836 Et
1413 800 1467 838 ita
1498 811 1554 838 est
1578 803 1626 838 de

299 856 475 905 quinque
507 855 686 893 sensibus
719 855 944 893 intrinsecis
978 867 1014 894 et
1046 857 1126 894 suis
1160 857 1413 895 sensibilibus
1447 859 1626 896 sencien—

299 915 407 950 dum.
454 916 555 950 Nam
595 927 724 963 neque
764 915 803 951 in
841 915 1021 952 sensibus
1060 928 1133 953 nec
1171 916 1211 953 in
1250 916 1329 953 suis
1366 917 1534 954 obiectis
1568 927 1625 954 est
1640 923 1708 951 The
1736 933 1917 964 scus-essm

298 985 368 1021 per
400 985 440 1008 se
474 974 592 1021 culpa
624 972 851 1019 fundabilis‚
887 986 975 1009 cum
1010 973 1087 1010 sint
1120 987 1218 1022 pure
1249 975 1451 1012 naturalia
1485 985 1521 1012 et
1554 988 1624 1024 per
1640 959 1914 1025 03¹¹2¹1⁸1f⁹1i1¹t⁸¹ffifli1

299 1030 484 1067 accidens
517 1030 674 1076 infecta,
709 1033 777 1067 sed
812 1031 929 1079 culpa
963 1041 1020 1068 est
1047 1031 1178 1080 primo
1204 1042 1241 1069 et
1265 1045 1335 1081 per
1359 1045 1400 1070 se
1424 1033 1464 1070 in
1487 1033 1624 1071 anima
1657 1028 1682 1055 is
1703 1029 1733 1056 ist
1755 1029 1803 1056 ¹¹¹0
1825 1031 1901 1058 ⁵0⁰¹·

297 1088 522 1137 peccatrice
567 1097 603 1125 et
648 1088 781 1137 primo
820 1089 1051 1126 radicaliter
1089 1089 1128 1126 in
1167 1090 1253 1139 ipso
1299 1092 1483 1128 demone.
1529 1093 1622 1128 Ideo

297 1146 432 1183 anima
473 1147 652 1194 regulata
691 1146 837 1184 virtute
877 1157 1007 1195 potest
1042 1148 1098 1184 uti
1132 1148 1319 1185 omnibus
1354 1148 1428 1186 hiis
1460 1158 1622 1187 natura-

297 1204 399 1241 libus
431 1204 619 1241 virtuose.

355 1263 563 1299 Secundus
595 1275 733 1299 sensus
767 1273 823 1300 est
855 1272 1006 1312 gustus,
1038 1264 1104 1313 qui
1128 1264 1318 1313 predictis
1351 1265 1478 1302 tribus
1502 1266 1624 1303 sensi·
1661 1272 1729 1300 The
1750 1282 1837 1301 sense
1858 1276 1892 1303 01'

297 1322 369 1356 bus
403 1320 443 1357 in
481 1320 611 1369 capite
650 1320 812 1358 inferius
851 1321 1035 1369 situatur,
1077 1321 1171 1372 quia
1209 1322 1249 1359 in
1281 1322 1417 1372 lingua
1449 1323 1624 1361 hominis
1733 1312 1819 1336 laste.

298 1387 335 1415 et
374 1379 523 1427 palato,
564 1388 601 1415 et
640 1392 730 1415 cum
770 1379 820 1416 sit
860 1379 1024 1428 quidam
1064 1389 1194 1418 tactus
1233 1383 1453 1419 secundum
1495 1382 1624 1430 philo-

297 1437 458 1485 sophos,
503 1449 584 1473 non
630 1450 652 1473 a
693 1446 775 1474 tam
812 1438 1032 1487 longinquo
1066 1452 1181 1475 suum
1215 1438 1419 1477 obiectum
1452 1439 1624 1489 percipit

296 1503 338 1531 ut
372 1494 538 1542 priores.
573 1496 744 1543 Oportet
776 1504 911 1533 tamen
945 1497 1188 1545 distinguere
1220 1497 1324 1534 inter
1352 1506 1495 1544 tactus,
1531 1498 1624 1547 quia

296 1551 388 1589 licet
440 1561 570 1589 tactus
623 1553 671 1589 sit
726 1555 1002 1591 concomitans
1041 1557 1089 1592 ad
1135 1567 1295 1592 sensum
1336 1565 1485 1605 gustus,
1532 1566 1623 1594 sunt

296 1619 431 1647 tamen
463 1623 600 1648 sensus
635 1611 805 1660 disparis
838 1612 998 1661 speciei.
1034 1615 1091 1650 De
1115 1613 1454 1662 proporcionibus
1487 1624 1621 1652 autem

295 1668 547 1705 obiectorum
594 1669 761 1706 istorum
808 1683 995 1708 sensuum
1043 1681 1079 1708 et
1117 1685 1286 1709 numero
1327 1686 1489 1710 suarum
1535 1686 1622 1722 spe-

296 1726 447 1763 cierum
482 1739 572 1764 curn
606 1728 813 1765 anotomia
846 1742 1010 1766 suorum
1045 1742 1290 1778 organorum
1327 1743 1373 1768 ac
1407 1730 1494 1768 aliis
1520 1731 1622 1768 diffi-

263 1784 511 1822 qultatibus
545 1793 603 1821 est
634 1785 886 1835 philosophis
918 1788 1059 1836 longus
1092 1801 1237 1825 sermo.
1273 1789 1376 1826 Satis
1406 1798 1539 1826 autem
1565 1798 1621 1826 est

294 1842 410 1880 nobis
442 1852 583 1880 notare
616 1845 724 1892 quod
756 1857 837 1881 non
871 1858 941 1893 per
972 1858 1013 1882 se
1045 1846 1085 1883 in
1111 1847 1383 1884 delectacione
1412 1846 1619 1895 gustabilis
1635 1852 1701 1880 Thu
1723 1855 1861 1892 measure
1880 1860 1909 1882 οι

294 1903 363 1937 sed
397 1900 437 1938 in
469 1900 687 1938 omissione
721 1902 842 1939 dix-ini
875 1903 1030 1940 servicii
1065 1917 1140 1953 que
1175 1904 1313 1942 exhinc
1346 1905 1529 1954 provenit
1563 1915 1620 1942 est
1647 1893 1899 1957 wifssiiss,¹{d¹1‘’i15

294 1968 521 2007 peccatum.
553 1961 728 1996 Tantum
764 1961 868 1997 enim
903 1961 1033 2010 potuit
1067 1964 1171 1999 Esau
1204 1976 1372 2011 peccare
1404 1963 1444 2000 in
1486 1972 1619 2012 gusta-
1634 1957 1908 2021 πίῑάζῐῇξζῑῗξξὲχ

295 2017 408 2054 cione
450 2017 704 2055 decoctionis
742 2019 817 2056 rufi
858 2021 923 2067 (de
962 2033 1041 2069 quo
1078 2022 1174 2057 Gen.
1212 2023 1350 2067 XXV⁰‚
1390 2022 1470 2069 30),
1516 2021 1618 2058 sicut
1709 2028 1833 2056 service.
1896 2016 1905 2021 i

294 2075 473 2124 peccavit
497 2076 691 2113 Salomon
714 2075 754 2113 in
777 2078 1010 2125 gustacione
1034 2078 1306 2128 cuiuscunque
1330 2079 1472 2128 liquidi
1496 2092 1617 2127 opere

294 2133 563 2182 pigmentario
603 2135 817 2183 compositi
856 2137 917 2172 vel
955 2136 1030 2173 sibi
1063 2138 1282 2174 secundum
1317 2146 1444 2175 artem
1479 2137 1616 2186 coqui-

293 2191 449 2228 nariam
484 2192 779 2240 quantumlibet
813 2193 986 2231 delicati.
1019 2195 1202 2244 Accipiat
1237 2209 1331 2244 ergo
1353 2196 1483 2233 viator
1507 2208 1616 2232 men-

293 2262 426 2286 suram
473 2250 708 2298 quantitatis
747 2260 784 2288 et
824 2252 1027 2301 qualitatis
1067 2253 1206 2290 cibarii
1245 2255 1462 2291 secundum
1508 2255 1615 2302 quod

293 2309 342 2344 ad
382 2307 593 2344 servicium
633 2308 811 2346 divinum
851 2311 938 2359 plus
978 2321 1200 2359 promovet,
1247 2321 1284 2348 et
1324 2321 1382 2349 est
1414 2312 1521 2349 satis.
1568 2314 1615 2348 Et

293 2366 369 2402 hoc
400 2365 555 2402 videtur
588 2366 791 2404 Christum
832 2370 976 2406 docere
1012 2369 1205 2407 Johannis
1243 2372 1345 2417 X110,
1384 2371 1419 2417 3,
1453 2371 1614 2419 quando

362 2496 381 2515 1.
403 2489 446 2516 A:
468 2490 687 2525 naturalitatis:
708 2490 749 2518 ib.
765 2492 810 2518 A:
831 2496 932 2519 autem
954 2492 1048 2520 deest.
1120 2503 1149 2527 4.
1170 2494 1214 2521 A:
1237 2493 1280 2520 sic
1300 2501 1408 2521 omncs
1429 2493 1470 2521 liii
1492 2501 1611 2520 sensus.

292 2526 320 2548 o.
342 2523 386 2550 A:
408 2527 453 2561 est
472 2523 671 2559 indignantis.
771 2525 799 2560 6.
822 2534 848 2560 7.
870 2527 914 2553 A:
935 2535 969 2554 ac
990 2535 1024 2554 su
1051 2527 1167 2555 erbiam
1189 2532 1225 2555 ct.
1325 2535 1353 2563 9.
1376 2528 1414 2555 ss:
1436 2527 1610 2554 intrinsecis

293 2558 393 2591 deest:
415 2558 455 2585 ib.
477 2559 520 2585 A:
543 2559 684 2587 sensibus
706 2560 915 2587 senciendum.
973 2569 1010 2589 12.
1059 2562 1100 2590 C:
1122 2567 1149 2589 et
1170 2563 1263 2590 deest.
1321 2562 1358 2590 13.
1380 2562 1446 2590 BC:
1468 2567 1495 2589 et
1516 2562 1609 2589 deest.

294 2601 333 2625 ¹4-
351 2593 395 2619 A:
417 2596 498 2619 recta
518 2593 637 2621 virtute.
711 2595 752 2622 16.
767 2596 797 2622 A
817 2595 847 2622 in
869 2603 983 2631 marg:
1005 2596 1104 2632 Culpa
1124 2602 1169 2624 est
1189 2597 1362 2625 radicaliter
1381 2597 1411 2624 in
1433 2597 1563 2624 demone
1584 2602 1611 2623 et

294 2626 395 2665 pri-mo
416 2631 443 2653 et
465 2635 518 2661 per
539 2636 569 2654 se
588 2628 619 2655 in
641 2629 941 2691 animacpeccatrice.
1018 2631 1055 2658 18.
1070 2633 1114 2659 A:
1136 2640 1207 2659 cum
1229 2632 1267 2659 sit
1287 2632 1369 2667 quod
1390 2637 1491 2659 tactu:
1513 2631 1552 2669 ib.
1571 2631 1609 2658 12:

293 2662 417 2696 quidem
430 2666 546 2699 tractus
562 2663 606 2690 vel
621 2668 729 2691 tactus.
780 2667 798 2691 t.
815 2663 1014 2700 Trialogum:
1034 2671 1061 2693 et
1078 2667 1246 2694 secundum
1263 2667 1464 2702 Aristotelem
1483 2666 1607 2700 quidam

293 2701 407 2723 tactus:
429 2696 468 2722 ib.
484 2697 512 2723 A
532 2696 562 2724 in
584 2706 697 2733 marga
720 2698 846 2726 Gustus.
927 2708 965 2727 21.
986 2701 1030 2727 A:
1053 2701 1091 2728 sit
1111 2702 1355 2728 communicans.
1430 2706 1475 2727 20.
1492 2702 1534 2726 A:
1558 2709 1610 2734 pei·

293 2740 322 2757 se
344 2731 443 2759 deest:
464 2731 504 2758 ib.
520 2732 564 2759 A:
608 2733 706 2760 ustali.
756 2734 801 2761 28.
818 2733 840 2760 B
856 2733 885 2760 in
902 2742 1017 2770 marga
1038 2735 1119 2763 Nota
1141 2745 1196 2771 pro
1217 2737 1345 2763 libenter
1365 2735 1608 2763 comedentibus.

293 2773 338 2800 29.
356 2766 398 2792 A:
423 2766 503 2794 rufe:
525 2766 565 2793 ib.
581 2788 590 2794 .
620 2777 624 2794 ς
649 2767 724 2794 Gen.
748 2768 884 2802 sequitur
904 2769 1027 2798 lacuna:
1049 2770 1133 2797 XXV
1155 2771 1247 2798 dcc-st.
1320 2770 1359 2797 31.
1382 2769 1448 2797 BC:
1470 2770 1608 2803 pigmen-

291 2800 368 2826 tario
389 2800 482 2827 deest.
555 2800 601 2835 34.
623 2802 690 2833 BC:
712 2802 747 2829 ad
769 2802 902 2830 fructum
924 2804 1066 2833 Domini:
1094 2805 1133 2832 ib.
1155 2806 1198 2832 A:
1221 2806 1289 2840 plus
1311 2806 1403 2831 :lc-cst.
1477 2803 1518 2832 35.
1543 2804 1607 2831 BC:

294 2835 351 2862 hoc
371 2835 472 2869 deest:
499 2835 539 2862 ib.
560 2846 589 2870 4.
612 2837 666 2864 XII
687 2837 788 2865 deest:
817 2837 856 2864 ib.
878 2838 906 2865 in
929 2839 997 2866 cod.
1020 2840 1092 2869 lact:
1115 2841 1152 2867 15:
1175 2845 1201 2867 et
1223 2840 1357 2875 quando.

367 2907 415 2941 16.
444 2908 496 2940 Cf.
521 2908 726 2951 Tria¹0gum
755 2919 831 2951 pag.
859 2919 912 2952 {³7-
