2017 3353
224 269 360 299 SERMo
377 261 448 315 vr]
735 268 873 300 PRIMA
901 269 1026 303 PARS.
1771 275 1817 313 4¹

226 380 298 416 fuit
341 387 476 416 sancte
522 375 640 414 matri
686 374 851 412 ecclesie
891 383 928 411 et
961 375 1034 412 toti
1080 376 1243 423 populo,
1289 389 1426 424 ymmo
1465 378 1538 414 fuit

225 450 346 475 causa
379 449 449 473 cur
480 435 556 484 ipsi
592 434 734 470 micius
769 442 861 469 sunt
894 433 1117 481 dampnati.

280 498 329 531 Et
362 502 469 543 patet
503 492 649 530 cecitas
684 491 790 527 illius
825 491 1004 539 argucie:
1031 491 1340 528 occasionaliter
1372 505 1414 529 ex
1448 506 1536 541 pre·
1579 502 1661 529 Such
1685 504 1796 530 results

224 553 432 589 dicacione
467 550 614 588 Christi
649 558 743 586 sunt
776 549 891 585 multi
926 550 973 585 de
1007 550 1157 597 populo
1204 550 1388 597 peiorati,
1442 563 1535 599 ergo
1553 543 1828 606 ξ’(ξῗζῖἑῇῐξξῗῖᾎ

190 610 291 648 §illa
324 609 552 658 predicacio
586 608 659 645 fuit
681 617 873 656 tanquam
899 607 1111 655 culpabilis
1135 608 1401 645 obmittenda.
1435 611 1536 646 Nam
1628 608 1752 642 preacn.

217 681 353 719 pacem
387 668 509 705 talem
557 679 633 716 que
667 676 725 703 est
759 665 871 714 quies
905 665 945 701 in
978 665 1160 713 crimine,
1195 678 1266 703 non
1302 668 1400 703 venit
1428 668 1538 704 Jesus

223 728 373 763 mittere
396 727 430 762 in
455 733 601 762 terram
625 725 694 761 sed
714 724 894 776 gladium
918 726 975 770 (ut
999 723 1147 760 dicitur
1169 724 1337 761 Matthei
1360 727 1428 772 X0,
1458 726 1536 772 34).

221 788 269 822 Et
301 784 369 821 illa
401 784 559 821 videtur
581 782 784 820 sentencia
806 783 911 827 Jew,
937 782 1106 819 Matthei
1129 784 1209 829 XV,
1241 793 1303 828 12,
1327 783 1394 819 ubi
1428 793 1538 831 post—

223 856 344 892 quam
380 843 508 879 scribe
541 851 579 878 et
612 840 788 889 pharisei
821 839 1067 877 tradiciones
1101 853 1194 877 suas
1227 850 1370 878 contra
1410 841 1538 890 legem

168 915 205 937 10
222 901 376 937 domini
421 900 637 937 infideliter
669 899 959 948 ponderarunt,
999 900 1111 935 Jesus
1150 908 1288 936 noster
1327 908 1537 948 peccatum

222 972 362 996 eorum
398 959 531 1007 patule
565 957 662 994 dicit
693 956 784 1003 illis,
819 969 864 993 ac
897 956 1071 1004 apostoli
1105 957 1288 994 dixerunt
1327 959 1377 995 ad
1406 958 1537 995 domi-

221 1030 339 1054 num:
387 1018 469 1053 Scis
508 1017 594 1066 quia
634 1015 810 1065 pharisei
847 1015 978 1052 audito
1017 1016 1088 1052 hoc
1127 1016 1242 1052 verbo
1283 1017 1540 1069 scandalizati

220 1083 319 1112 sunt.
356 1077 406 1111 At
438 1075 504 1112 ille
539 1073 787 1122 respondens
822 1073 877 1110 ait
911 1073 985 1109 eis:
1032 1073 1166 1110 Omnis
1192 1074 1390 1122 plantacio
1423 1087 1536 1124 quam

221 1146 294 1170 non
321 1134 517 1183 plantavit
534 1139 651 1182 pater
685 1143 790 1168 meus
813 1131 961 1167 celestis
982 1132 1266 1177 eradicabz'tur;
1297 1133 1407 1169 sinite
1435 1133 1535 1179 illos,

168 1192 299 1229 15ceci
328 1199 416 1228 sunt
447 1199 482 1228 et
516 1191 629 1226 duces
662 1202 852 1227 cecorum.
888 1190 1074 1227 Christus
1108 1200 1243 1227 autem
1269 1203 1313 1227 ex
1345 1204 1417 1228 sua
1449 1204 1538 1227 om-

222 1249 440 1287 nisciencia
486 1248 603 1286 scivit
649 1247 840 1285 divinitus
886 1248 955 1296 qui
1003 1258 1094 1284 sunt
1140 1248 1302 1296 presciti
1348 1257 1385 1285 et
1428 1250 1536 1297 quod

222 1316 387 1356 propter
420 1320 560 1344 eorum
597 1305 935 1354 dampnacionem
970 1319 1050 1342 non
1084 1316 1142 1342 est
1183 1307 1334 1342 bonum
1370 1307 1536 1344 ecclesie

222 1366 531 1413 dimittendum3
566 1365 657 1402 ideo
690 1364 818 1401 voluit
850 1363 980 1401 dictos
1004 1363 1213 1412 phariseos
1237 1365 1434 1402 eradicari
1468 1378 1538 1413 per

220 1425 342 1461 verba
366 1437 521 1472 aspera,
547 1423 652 1460 sicut
676 1422 870 1471 Baptista,
906 1422 1083 1471 apostoli
1109 1423 1257 1460 Christi
1281 1432 1319 1460 et
1341 1432 1536 1472 martyres

162 1499 204 1520 20
220 1491 509 1531 cognoverunt.
546 1482 719 1527 Quando
754 1481 860 1518 enim
895 1481 1106 1518 manifeste
1131 1481 1428 1519 contradicitur
1460 1482 1536 1530 legi
1580 1488 1799 1528 Thefaithful'

219 1540 386 1587 domini,
425 1540 532 1578 venit
564 1541 663 1576 hora
704 1539 743 1575 in
777 1552 855 1587 qua
895 1539 1023 1575 fidelis
1068 1539 1221 1576 domini
1262 1540 1379 1576 debet
1410 1524 1824 1593 usquefffifflffvmoaf'gssffi

220 1600 271 1636 ad
305 1608 478 1636 mortem
514 1597 888 1635 contradicentibus
923 1597 1140 1643 adversari,
1174 1597 1268 1646 quia
1302 1599 1419 1635 debet
1444 1611 1536 1647 cog·
1560 1599 1687 1621 evento
1710 1595 1811 1622 death.

222 1670 390 1694 noscere
424 1656 775 1706 opportunitatem
810 1655 901 1692 talis
934 1656 1129 1704 temporis
1154 1668 1240 1692 esse
1263 1666 1416 1704 aptam,
1451 1656 1535 1693 ani-

222 1728 329 1752 mam
375 1728 490 1752 suam
533 1728 576 1752 ex
613 1714 682 1751 tali
724 1713 957 1751 resistencia
997 1714 1277 1762 premiandam
1321 1724 1359 1751 et
1407 1723 1534 1752 totam

165 1773 434 1812 25ecclesiam
480 1786 523 1810 ex
560 1772 652 1808 hinc
694 1773 917 1809 secundum
959 1772 1086 1820 legem
1122 1772 1279 1809 domini
1315 1785 1535 1821 expurgan-

223 1833 330 1868 dam.
366 1832 407 1868 Si
441 1831 547 1868 enim
582 1830 621 1866 in
655 1842 751 1867 casu
785 1830 856 1867 tali
881 1830 1095 1877 occiditur,
1130 1843 1174 1867 ex
1197 1839 1328 1867 morte
1352 1844 1423 1868 sua
1448 1843 1535 1879 pre-

221 1889 331 1926 ciosa
364 1899 402 1926 et
444 1889 623 1938 glorioso
669 1888 812 1925 merito
858 1888 1096 1925 melioratur
1138 1888 1321 1935 ecclesia,
1361 1902 1433 1926 nec
1463 1889 1537 1926 scit

222 1947 253 1984 si
287 1957 378 1996 post
412 1947 485 1984 erit
519 1947 651 1984 maior
682 1946 970 1995 opportunitas
994 1947 1271 1995 prodessendi,
1306 1947 1365 1983 vel
1390 1947 1422 1983 si
1447 1960 1535 1984 eva-

223 2007 340 2042 detur
372 2018 445 2042 sua
478 2005 721 2054 dampnacio
756 2017 799 2042 ex
832 2004 1058 2042 omissione
1091 2005 1254 2042 vecordi
1289 2005 1328 2042 in
1359 2018 1534 2042 vacuum

162 2071 203 2104 30
221 2063 397 2113 graciam
431 2064 503 2100 Dei
537 2063 758 2112 recipiendi
791 2072 829 2100 et
861 2063 1100 2100 adversariis
1135 2064 1283 2100 Christi
1323 2076 1366 2100 ex
1399 2063 1534 2101 debito

223 2122 448 2159 resistendi.
490 2121 683 2167 Quamvis
718 2131 852 2158 autem
887 2123 1014 2158 omnia
1042 2130 1196 2171 tempus
1219 2123 1370 2167 habent,
1404 2121 1534 2159 fidelis

222 2191 355 2218 tamen
391 2181 508 2217 debet
541 2180 786 2217 certificatus
811 2181 858 2216 de
891 2193 1011 2217 causa
1035 2180 1107 2216 Dei
1131 2180 1292 2228 operari
1326 2180 1534 2226 instanter,

222 2251 312 2275 cum
348 2239 462 2290 digiti
493 2239 664 2275 mulieris
690 2239 816 2288 sortis
848 2239 1186 2287 apprehenderunt
1217 2240 1370 2289 susum.
1421 2239 1535 2275 Unde

220 2309 359 2333 vecors
403 2296 619 2334 infidelitas
660 2296 818 2333 videtur
858 2298 1020 2333 credere
1060 2298 1169 2345 quod
1210 2305 1375 2345 propter
1408 2297 1535 2333 salva-

163 2361 202 2393 35
223 2355 383 2391 cionem
406 2354 717 2403 evangelizantis
740 2355 800 2391 vel
826 2355 1098 2403 evangelizati,
1133 2355 1202 2404 qui
1226 2364 1392 2404 propter
1413 2355 1534 2392 vitam

221 2413 450 2461 longiorem
485 2413 576 2461 plus
609 2413 820 2461 prodesset
853 2413 1031 2460 ecclesie,
1073 2413 1124 2450 sit
1155 2413 1335 2451 veritatis
1369 2425 1534 2462 evange-

288 2531 314 2551 2.
334 2526 379 2551 A:
400 2524 460 2560 ipsi
481 2524 577 2552 deest.
679 2523 704 2551 3.
725 2526 753 2552 A
772 2524 804 2552 in
825 2532 941 2560 marg:
975 2524 1114 2560 Solucio;
1154 2525 1175 2551 B
1202 2525 1233 2552 in
1254 2533 1373 2557 marga
1408 2524 1535 2553 Solucm

218 2559 401 2594 questionis.
449 2567 484 2586 ιι.
506 2559 626 2594 patule:
648 2559 697 2587 hic
717 2560 845 2587 verbum
867 2560 974 2587 deesse
993 2560 1122 2588 videtur.
1176 2558 1214 2587 13.
1234 2560 1282 2588 A:
1307 2560 1419 2587 Omnis
1439 2559 1533 2588 deest.

219 2601 260 2627 ¹4-
284 2592 325 2621 C:
346 2594 466 2621 celestis
486 2594 579 2620 deest.
632 2602 670 2627 ¹7-
693 2593 714 2620 B
736 2594 765 2621 in
787 2602 899 2629 marg:
930 2594 1058 2630 Propter
1079 2595 1232 2622 malorum
1253 2594 1533 2622 deterioracionem

217 2628 327 2656 veritas
349 2636 410 2655 non
432 2633 477 2656 est
498 2629 676 2655 omittenda.
734 2636 773 2656 21.
795 2629 835 2656 B:
857 2630 976 2657 domini
997 2630 1099 2661 deest;
1134 2629 1154 2656 Β
1176 2630 1206 2657 ἰη
1227 2638 1342 2665 marg:
1367 2629 1534 2664 Quomodo

219 2663 248 2690 in
269 2663 520 2690 contradiccione
539 2663 614 2698 legis
636 2663 689 2690 Dei
711 2663 777 2690 eius
798 2668 950 2691 amatores
972 2672 1004 2691 se
1024 2665 1136 2691 debent
1155 2664 1279 2692 habere.
1301 2665 1333 2692 In
1357 2665 1444 2691 black
1465 2664 1533 2690 ink:

219 2697 353 2732 Quando
377 2697 539 2725 manifeste
559 2697 780 2725 contradicitur
796 2699 853 2732 legi
871 2699 935 2732 Dei,
958 2699 1046 2726 debet
1062 2699 1158 2726 fidelis
1179 2699 1216 2726 ad
1237 2705 1367 2727 mortem
1392 2699 1535 2726 resistere

218 2740 274 2759 nec
302 2738 460 2765 expectare
481 2733 595 2760 amodo
616 2738 737 2768 tempus
769 2733 851 2760 aliud
883 2734 1048 2762 moriendi.
1149 2732 1195 2761 30.
1228 2736 1268 2761 A:
1306 2734 1534 2768 recipiendum.

218 2765 256 2794 31.
271 2768 316 2794 A:
339 2767 436 2794 fidele.
488 2768 536 2802 34,
556 2766 598 2795 35.
621 2770 666 2795 A:
688 2769 834 2802 salutem3
855 2768 923 2795 BC:
946 2769 989 2796 vel
1011 2769 1196 2803 evangelici;
1217 2768 1239 2795 Β
1261 2770 1290 2796 in
1312 2776 1424 2802 marg:
1444 2768 1533 2796 Nota.

221 2801 397 2830 Predicator
417 2801 514 2830 fidelis
540 2810 596 2838 pro
617 2803 774 2836 evangelio
801 2803 939 2831 moriens
966 2804 1035 2838 plus
1062 2803 1189 2839 prodest
1209 2812 1301 2839 quam
1322 2803 1420 2830 vivus.

291 2884 343 2917 31.
370 2885 462 2917 Eccl.
491 2885 547 2926 111,
579 2896 604 2918 1.
704 2886 755 2920 33.
782 2886 885 2918 Prov.
905 2887 1025 2928 XXXI,
1058 2898 1106 2930 19·
