2017 3353
261 255 396 284 samio
417 243 529 302 xxv]
766 257 907 289 PRIMA
936 257 988 289 ΡΑ
996 257 1060 289 RS.
1784 264 1792 285 1
1808 264 1827 299 7
1842 264 1850 287 1

260 366 477 402 secundum
511 377 623 401 suam
658 363 881 400 fatuitatem
914 365 1084 400 mundus
1107 364 1355 412 producitur,
1390 373 1572 401 errarunt

260 422 404 471 singuli
437 435 574 459 eorum
607 434 723 458 voces
756 421 940 470 proprias
974 421 1215 470 ignorantes.

317 483 366 517 Et
404 489 597 529 quantum
639 481 686 516 ad
727 479 909 525 tercium,
949 488 1059 528 patet
1103 481 1209 529 quod
1249 479 1351 517 sicut
1389 480 1428 516 in
1468 493 1572 517 anno
1599 488 1735 530 Ratioqal
1760 489 1852 526 proof

259 538 353 575 solis
397 538 499 575 redit
543 537 779 575 naturaliter
818 537 922 574 idem
962 539 1113 575 fructus
1152 547 1255 575 terre
1302 538 1571 580 nascencium,
1623 526 1825 587 resi‘ii-rtclJ-iion

226 596 315 634 5sic
367 596 407 632 in
460 609 605 645 magno
658 609 763 633 anno
818 595 956 632 mundi
1009 596 1082 633 soli
1128 598 1212 633 Deo
1266 596 1425 644 cognito
1470 597 1573 633 redit
1618 595 1831 631 ofthebody,

258 654 495 692 naturaliter
551 654 655 691 idem
707 667 853 702 corpus
910 655 1130 691 humanum
1189 663 1226 691 et
1285 655 1423 691 eadem
1477 654 1572 691 unio

260 712 422 761 spiritus
463 725 553 749 cum
593 714 747 749 eadem.
788 715 864 749 Ista
903 721 1036 749 autem
1077 712 1169 749 licet
1208 713 1304 749 fiant
1336 713 1573 750 naturaliter

258 772 392 820 quoad
416 773 558 816 Deum,
594 771 692 807 fiunt
714 779 849 807 tamen
874 770 1114 808 miraculose
1148 780 1183 808 et
1216 771 1574 820 supernaturaliter

258 830 391 878 quoad
424 828 641 865 hominem.

204 899 242 922 ιο
316 889 364 923 Et
408 896 601 936 quantum
655 888 704 924 ad
757 895 944 936 quartum
991 888 1037 924 de
1084 899 1253 936 corpore
1297 886 1418 936 gravi,
1465 895 1574 936 patet

258 947 464 994 quomodo
498 946 717 982 secundum
756 945 1020 994 philosophos
1054 958 1198 994 corpus
1233 946 1398 982 mixtum
1439 954 1574 994 posset

258 1016 341 1040 esse
380 1003 419 1040 in
457 1003 526 1040 tali
568 1003 739 1040 mixtura
779 1017 995 1052 corporum
1036 1003 1278 1052 simplicium
1319 1005 1427 1053 quod
1472 1005 1573 1040 foret

258 1075 403 1110 corpus
435 1061 741 1110 incorruptibile
769 1070 888 1111 atque
917 1070 1116 1103 neutrum,
1150 1071 1186 1098 et
1216 1075 1286 1110 per
1310 1074 1571 1111 consequens,

257 1119 343 1168 ipso
377 1121 427 1157 ad
460 1129 594 1156 votum
632 1121 765 1157 delato
798 1133 868 1168 per
901 1119 1077 1157 animam
1110 1133 1185 1169 que
1208 1120 1446 1157 naturaliter
1479 1120 1572 1158 celis

204 1180 240 1213 15
257 1178 441 1224 afficitur,
476 1178 515 1214 in
548 1178 641 1215 celis
674 1178 910 1215 naturaliter
942 1179 1155 1215 locaretur.

316 1238 363 1273 Et
395 1236 451 1273 sic
484 1238 617 1285 quoad
651 1236 834 1285 quintum
858 1236 1053 1273 naturalis
1087 1236 1196 1273 racio
1231 1236 1431 1273 convincit
1465 1239 1572 1286 quod
1622 1234 1814 1297 Incgfflfflsson

258 1294 359 1331 sicut
399 1307 544 1343 corpus
585 1296 805 1331 humanum
846 1304 882 1331 et
916 1294 998 1331 eius
1037 1294 1200 1343 spiritus
1233 1304 1323 1331 sunt
1356 1303 1572 1344 utrumque
1734 1288 1741 1296 ⁴
1821 1290 1826 1296 ’

258 1354 396 1389 eadem
442 1365 614 1401 persona
658 1352 843 1399 hominis,
889 1352 944 1390 sic
989 1352 1198 1401 supposito
1242 1354 1357 1401 lapsu
1408 1353 1574 1390 humani

257 1410 411 1459 generis
449 1412 613 1447 verbum
648 1411 720 1448 Dei
758 1412 904 1447 nedum
944 1411 1075 1460 potuit
1113 1412 1180 1448 sed
1220 1411 1399 1460 oportuit
1444 1411 1573 1448 incar·

201 1481 242 1502 20
258 1468 357 1515 nari,
392 1478 429 1506 et
462 1469 516 1505 ita
549 1470 596 1506 de
629 1468 792 1517 singulis
826 1469 919 1505 fidei
953 1469 1130 1506 articulis
1165 1478 1221 1506 est
1256 1471 1513 1506 credendum.

315 1529 363 1564 Et
413 1536 605 1576 quantum
659 1529 708 1564 ad
765 1527 947 1576 argucias
990 1527 1220 1576 ydiotarum
1261 1527 1486 1565 errancium
1533 1528 1572 1564 in
1588 1537 1862 1577 Yetwepethhe

257 1585 331 1622 ista
386 1585 566 1631 materia,
621 1594 729 1633 patet
783 1585 967 1622 fidelibus
1021 1587 1127 1634 quod
1180 1599 1261 1623 non
1313 1595 1403 1623 sunt
1456 1573 1860 1635 digne¹¹ffss¹jffie1ssl¹fflht⁰

258 1644 466 1680 memoria.
521 1644 697 1681 Concedi
756 1653 892 1681 tamen
950 1645 1067 1681 debet
1119 1646 1227 1693 quod
1286 1645 1420 1681 lumen
1480 1645 1571 1682 fidei

258 1701 409 1739 cunctis
455 1702 638 1738 fidelibus
683 1715 773 1739 cum
823 1702 957 1739 anima
1004 1711 1062 1739 est
1110 1702 1310 1751 illapsum,
1360 1703 1415 1740 sic
1464 1705 1571 1752 quod

200 1760 504 1809 25impossibile
558 1760 606 1796 sit
659 1760 862 1797 hominem
924 1760 1139 1809 quicquam
1194 1774 1436 1809 cognoscere
1488 1761 1571 1798 sine

256 1818 406 1855 lumine
429 1818 520 1855 fidei
544 1820 795 1867 precedente,
826 1831 954 1868 neque
986 1818 1175 1867 possibile
1209 1828 1265 1856 est
1298 1832 1418 1867 supra
1451 1820 1570 1856 fidem

256 1876 366 1925 prius
420 1876 590 1913 infusam
652 1876 856 1913 meritorie
916 1877 1136 1926 quidquam
1197 1890 1439 1925 cognoscere
1496 1877 1571 1914 nisi

257 1935 385 1971 fidelis
430 1934 613 1972 habuerit
658 1948 802 1972 novam
849 1935 982 1981 fidem,
1029 1944 1064 1971 et
1117 1934 1173 1972 sic
1225 1944 1384 1984 oportet
1437 1937 1571 1972 lumen

257 1993 560 2041 supernaturale
593 1995 807 2042 precedere
847 2002 884 2030 et
923 1994 1057 2030 lumen
1091 1993 1199 2030 aliud
1234 1993 1436 2042 consequi,
1471 1993 1571 2031 sicut

200 2052 416 2099 300portet
461 2054 586 2088 Deum
633 2051 765 2100 primo
810 2051 990 2088 omnium
1045 2051 1203 2100 operari
1257 2061 1293 2089 et
1345 2061 1570 2089 creaturam

256 2109 329 2145 sibi
363 2109 564 2146 subditam
600 2119 901 2158 consequenter.
927 2113 1027 2146 Nam
1054 2109 1246 2147 Johannis
1280 2113 1329 2151 10,
1364 2110 1569 2147 scribitur:

257 2168 358 2204 Erat
391 2168 461 2204 lux
495 2181 584 2204 vera
619 2181 688 2217 que
720 2169 911 2204 illuminat
951 2181 1098 2205 omnem
1139 2169 1327 2205 hominem
1363 2169 1570 2205 venientem

257 2227 292 2262 in
326 2226 424 2262 hunc
456 2227 653 2262 mzmdum.
700 2229 748 2262 Et
787 2235 896 2275 patet
929 2226 1137 2275 responsio
1171 2228 1221 2263 ad
1254 2239 1409 2264 errores
1442 2227 1571 2276 philo-

255 2285 490 2332 sophorum,
525 2284 619 2332 quid
659 2284 707 2321 sit
740 2284 872 2333 primo
911 2293 1051 2321 notum
1087 2284 1241 2321 homini
1274 2294 1311 2321 et
1344 2285 1439 2334 quid
1478 2285 1571 2322 facit

200 2342 385 2390 35ipsum
430 2342 570 2391 primis
615 2342 822 2391 principiis
867 2342 1104 2389 consentire,
1150 2356 1241 2380 nam
1288 2355 1355 2380 ens
1394 2356 1476 2380 esse
1515 2352 1572 2380 est
1621 2342 1830 2404 l}¹l¹lchJtl¹¹jit‡V0

254 2400 388 2448 primo
427 2409 566 2437 notum
608 2400 770 2437 cuilibet
808 2401 1028 2450 cognitivo:
1064 2410 1101 2438 et
1140 2401 1263 2438 nichil
1302 2414 1384 2438 esse
1422 2411 1458 2438 et
1492 2415 1571 2438 non
1622 2389 1824 2454 cssintgsirss'ss]

167 2471 340 2514 &Lesse
386 2471 475 2495 cum
521 2458 662 2495 ceteris
713 2458 921 2508 principiis
965 2471 1035 2508 per
1085 2472 1125 2496 se
1172 2459 1277 2496 notis
1323 2469 1380 2497 est
1430 2468 1570 2497 notum
1684 2446 1764 2474 ⁰⁰⁸³·

165 2527 241 2561 160¹²
257 2529 327 2564 per
355 2513 359 2569 Ι
389 2516 634 2553 intellectum
681 2525 878 2565 agentem,
925 2517 991 2566 qui
1035 2530 1117 2554 non
1156 2526 1213 2554 est
1252 2519 1391 2555 eadem
1437 2517 1572 2555 anima

326 2661 351 2689 3.
367 2666 395 2689 A
416 2662 444 2689 in
468 2670 581 2697 marg:
603 2662 628 2690 3.
702 2662 730 2690 6,
747 2663 790 2690 A:
812 2663 893 2690 idem
916 2672 1029 2699 corpus
1051 2664 1144 2691 deest.
1215 2673 1240 2700 7.
1256 2665 1299 2692 A:
1322 2664 1450 2700 spiritus
1472 2663 1571 2692 deest:

257 2697 297 2724 ib.
320 2697 359 2724 C:
382 2697 417 2724 ad
440 2697 557 2724 eadem.
623 2697 650 2724 8.
672 2698 716 2724 A:
737 2702 838 2724 tamen
860 2697 953 2725 deest.
1018 2707 1058 2726 10.
1080 2700 1108 2726 A
1129 2699 1157 2726 in
1181 2707 1295 2734 marg:
1317 2709 1345 2733 4.
1411 2707 1443 2729 11,
1467 2706 1504 2725 12.
1528 2699 1570 2725 A:

258 2736 362 2768 posset
382 2732 411 2758 in
433 2732 494 2758 tali.
594 2740 631 2759 12.
654 2733 697 2759 A:
719 2741 832 2771 corpus
854 2732 1053 2767 simplicium.
1155 2733 1193 2761 13.
1214 2735 1257 2761 A:
1279 2734 1315 2761 ad
1338 2733 1569 2768 corrumpibile.

259 2771 299 2793 Η).
321 2767 349 2793 A
369 2766 397 2793 in
420 2775 533 2801 marg:
555 2766 586 2796 5:
608 2767 647 2793 ib.
670 2768 713 2793 A:
736 2772 876 2801 qumtum
900 2772 941 2794 ut.
1021 2776 1059 2795 21.
1082 2768 1199 2795 Codd.:
1221 2768 1388 2802 argucinm.
1462 2775 1505 2794 22.
1526 2768 1570 2794 A:

256 2801 323 2833 illa:
353 2801 393 2828 ib.
415 2802 460 2828 A:
489 2801 590 2835 digna.
666 2802 707 2829 25.
731 2801 795 2829 ssC:
818 2802 975 2830 homiuem
997 2802 1090 2830 deest.
1164 2803 1207 2835 25,
1229 2803 1275 2830 26.
1298 2803 1342 2830 A:
1370 2802 1434 2829 sine
1455 2802 1570 2829 lumine

256 2835 305 2865 te:
327 2836 441 2862 lumine
462 2835 554 2865 deest:
574 2852 606 2855 —
627 2844 812 2871 cognoscere
832 2836 926 2864 deest.
998 2837 1042 2865 28.
1064 2838 1108 2865 A:
1129 2838 1257 2865 fideliter
1277 2838 1392 2864 habuit.
1458 2836 1503 2864 30.
1525 2838 1569 2864 A:

256 2875 377 2905 oportet
396 2870 489 2897 deest.
535 2869 579 2898 32.
600 2872 644 2898 A:
666 2879 735 2897 vera
756 2880 813 2906 que
834 2875 888 2898 etc.
939 2870 982 2899 33.
998 2872 1042 2899 A:
1065 2876 1147 2907 patet
1166 2872 1266 2907 quoad
1289 2880 1418 2899 errores.
1466 2870 1508 2899 35.
1526 2872 1569 2898 A':

257 2905 421 2939 assentire3
443 2905 482 2932 ib.
499 2906 527 2933 A
547 2905 576 2932 in
599 2913 711 2938 marga
733 2905 824 2933 Nota.
899 2904 945 2933 36.
969 2906 1032 2934 BC:
1055 2907 1206 2942 cognicio.
