2017 3353
228 320 279 356 68

228 615 341 652 Mary's
361 617 428 643 love
449 620 500 642 too

275 657 384 685 strong
406 651 454 678 for

278 693 445 720 grammar.

232 1010 362 1038 Christ's
385 1010 499 1046 playful

316 1046 412 1081 reply.

808 330 1030 362 JOHANNIS
1055 329 1239 361 WYCLIF
1266 330 1518 362 SERMONUM
1606 316 1760 374 [SERMO
1789 328 1824 356 X-

516 435 680 471 ferventi
713 435 779 482 qui
814 435 940 470 nescit
973 434 1197 470 dominium
1233 436 1301 471 sed
1334 435 1651 472 familiaritatem
1675 437 1825 472 urbane

515 505 586 540 per
623 494 789 528 modum
834 492 1058 539 questionis
1105 493 1323 540 interrogat
1365 505 1542 539 causam,
1582 506 1662 529 non
1705 506 1827 541 quare

517 550 699 587 Christus
732 550 787 586 sic
832 562 898 586 eos
942 549 1094 586 vexavit
1137 551 1206 586 sed
1250 551 1359 597 quod
1403 551 1454 587 ad
1499 552 1648 587 bonum
1690 560 1827 599 posset

517 608 615 653 fieri,
668 620 792 656 quare
825 607 1008 644 Christus
1053 607 1134 643 suis
1180 608 1414 655 parentibus
1452 608 1508 645 ita
1540 609 1643 647 fecit.
1697 611 1746 645 Et
1777 610 1827 645 ad

518 666 813 703 ostendendum
848 678 988 701 eorum
1023 664 1283 702 affeccionem
1307 665 1462 703 anxiam
1497 676 1638 704 contra
1671 667 1860 715 regulas5

517 724 780 772 grammatice
822 732 973 760 reserat
1004 723 1233 760 veritatem:
1276 723 1389 768 Ecce,
1422 724 1564 772 inquit,
1592 732 1709 773 pater
1740 732 1827 760 tuus

517 790 552 818 et
580 795 652 833 ego
685 782 856 819 dolentes
887 783 1138 831 querebamus
1170 789 1218 817 te.
1253 781 1347 817 Plus
1377 782 1482 818 enim
1520 783 1741 819 secundum
1766 795 1825 818 ra-

519 840 676 877 cionem
711 840 952 888 ponderavit
985 840 1094 887 quod
1115 840 1264 886 Joseph
1297 848 1539 887 preponeret
1561 853 1682 888 quam
1717 841 1825 888 quod

516 910 741 946 pronomen
775 897 1080 934 demonstrandi
1114 897 1285 934 alienam
1334 909 1548 945 personam
1591 898 1825 946 concipiens

517 965 633 993 antea
666 956 906 993 nominaret.
1844 971 1883 993 10

575 1017 623 1050 Et
668 1014 850 1050 Christus
902 1012 1265 1061 interrogacionem
1319 1025 1364 1049 ac
1417 1013 1580 1049 modum
1635 1013 1825 1061 loquendi

519 1072 657 1108 matris
691 1084 760 1108 sue
799 1072 1044 1108 autenticam
1090 1071 1287 1108 conformi
1331 1070 1478 1108 facesia
1522 1073 1570 1108 de
1601 1071 1827 1108 nesciencia

519 1143 657 1167 eorum
693 1130 926 1178 interrogat.
989 1129 1240 1173 Nesciebatis‚
1274 1129 1417 1177 inquit,
1459 1130 1546 1179 quia
1586 1130 1621 1166 in
1655 1130 1726 1166 hiis
1757 1142 1828 1179 que

515 1189 644 1237 patris
678 1189 752 1224 mei
781 1196 868 1224 sunt
900 1195 1050 1237 oportet
1082 1200 1142 1223 me
1173 1199 1254 1224 esse
1285 1187 1374 1235 plus
1420 1197 1458 1224 et
1489 1187 1599 1235 prius
1632 1200 1753 1235 quam
1787 1188 1827 1224 in

519 1246 655 1294 aliquo
689 1245 913 1282 ministerio
946 1254 1142 1283 creature.
1177 1246 1238 1281 Ad
1270 1246 1347 1282 hoc
1381 1246 1486 1282 enirn
1519 1245 1626 1281 venit
1647 1245 1688 1281 in
1711 1258 1826 1282 mun·
1847 1248 1883 1281 15

519 1306 613 1340 dum
647 1313 690 1340 ut
723 1304 998 1341 testimonium
1032 1304 1253 1351 prudenter
1283 1316 1328 1340 ac
1363 1303 1587 1340 luculenter
1618 1304 1827 1351 perhibeat

518 1362 687 1400 veritati.
734 1363 810 1398 Sed
856 1374 1078 1410 preponere
1117 1374 1281 1398 causam
1322 1363 1568 1398 mundanam
1602 1374 1721 1398 cause
1753 1361 1825 1398 Dei

520 1430 557 1457 et
589 1420 841 1457 edificacioni
875 1419 1042 1457 ecclesie
1074 1419 1178 1468 sapit
1211 1419 1484 1467 blasfemiam3
1529 1420 1636 1467 quod
1670 1419 1823 1456 utinam

520 1491 564 1515 ex
596 1478 710 1515 factis
756 1488 794 1515 et
836 1478 966 1514 verbis
1000 1478 1147 1514 Christi
1193 1477 1455 1514 ecclesiastici
1488 1487 1525 1514 et
1557 1477 1700 1525 prelati
1733 1490 1824 1525 cog-

521 1545 752 1583 noscerent,
787 1544 822 1572 et
855 1537 926 1585 ipsi
958 1549 1029 1573 non
1065 1546 1160 1572 tunc
1197 1536 1302 1572 clare
1326 1536 1596 1572 intellexerunt
1620 1537 1825 1573 verborum
1843 1550 1886 1572 20

525 1595 671 1631 Christi
707 1595 950 1639 sentenciam,
1005 1603 1042 1630 et
1088 1595 1164 1630 hoc
1198 1593 1276 1630 dici
1321 1603 1452 1641 potest
1499 1594 1546 1630 de
1590 1593 1828 1630 effeminatis

521 1653 684 1700 prelatis
718 1653 902 1698 cesareis,
947 1652 1040 1700 quia
1073 1661 1167 1688 tunc
1199 1664 1279 1688 non
1311 1651 1367 1688 sic
1399 1651 1630 1688 assisterent
1661 1651 1829 1700 negocio

522 1711 707 1747 seculari.
770 1711 1088 1758 Verumptamen
1122 1709 1303 1746 Christus
1337 1709 1475 1746 docuit
1506 1710 1615 1757 quod
1648 1708 1828 1757 deputati

521 1770 571 1805 ad
603 1770 679 1805 hoc
712 1777 755 1804 ut
787 1768 946 1805 iuvenes
979 1768 1039 1805 vel
1073 1767 1266 1804 mundani
1299 1768 1444 1803 debent
1476 1767 1679 1803 intendere
1714 1767 1830 1803 mini-

521 1827 641 1863 sterio
683 1826 885 1874 corporali
934 1835 971 1862 et
1023 1826 1063 1862 in
1114 1827 1189 1862 hoc
1233 1825 1398 1862 obedire
1442 1825 1689 1878 parentibus,
1737 1829 1886 1861 cum25

521 1884 728 1921 humiliter
760 1884 962 1932 completo
995 1883 1119 1932 priori
1154 1883 1377 1920 ministerio
1401 1884 1592 1920 descendit
1624 1896 1714 1919 cum
1748 1883 1830 1919 suis

521 1943 754 1990 parentibus
802 1942 946 1990 quibus
1000 1942 1040 1978 in
1088 1942 1227 1978 itinere
1280 1951 1363 1978 erat
1410 1941 1592 1979 subditus
1643 1950 1680 1977 et
1724 1941 1831 1977 venit

522 2002 736 2054 Naqaretlz.
800 2001 931 2037 illater
984 2009 1117 2036 autem
1171 2001 1249 2036 eius
1293 2000 1544 2036 conservabat
1588 2000 1714 2036 omnia
1758 2000 1829 2035 hec

523 2059 664 2095 saltem
699 2059 748 2094 ad
782 2058 970 2105 litteram,
1005 2067 1043 2094 et
1075 2070 1119 2094 ex
1151 2057 1452 2094 ministracione
1492 2069 1613 2104 quarn
1647 2058 1682 2093 in
1716 2058 1832 2094 corde

522 2130 589 2154 suo
624 2118 844 2164 prudenter
877 2117 962 2164 ipsa
996 2116 1178 2162 contulit,
1213 2114 1401 2163 cognovit
1433 2114 1679 2151 sentenciam
1705 2123 1742 2151 et
1774 2114 1830 2150 sic
1848 2118 1888 2150 30

239 2181 296 2209 We
317 2181 428 2208 should
456 2185 508 2207 not
523 2176 634 2211 Jesus
668 2186 793 2222 usque
826 2175 876 2210 ad
909 2173 1072 2221 triginta
1106 2185 1233 2209 annos
1267 2172 1437 2220 profecit
1469 2172 1686 2220 sapiencia,
1728 2181 1831 2209 etate

254 2218 326 2244 seek
347 2221 376 2243 [ο
400 2216 491 2242 know

238 2250 507 2278 moreofChrist's

236 2286 405 2313 childhood
436 2285 507 2312 than

255 2321 280 2347 is
303 2321 367 2348 told
389 2320 419 2347 in
440 2321 491 2347 the

314 2356 431 2390 gospeh

525 2243 560 2268 et
594 2232 729 2280 gracia
763 2233 822 2278 (ut
854 2240 1018 2267 notatur
1039 2230 1222 2278 superius
1247 2243 1432 2266 sermone
1456 2229 1628 2281 quinto).
1654 2233 1701 2266 Et
1724 2230 1831 2266 credi

526 2298 685 2338 oportet
729 2290 837 2336 quod
883 2291 931 2325 ab
979 2288 1143 2325 instanti
1189 2301 1258 2324 sue
1303 2287 1585 2336 concepcionis
1625 2300 1750 2336 usque
1783 2288 1832 2324 ad

526 2360 651 2384 annos
686 2347 777 2383 illos
813 2347 1027 2383 duodecim
1062 2347 1117 2383 sic
1151 2346 1323 2394 proficit,
1359 2355 1395 2382 et
1418 2346 1560 2382 iterum
1585 2346 1693 2383 credi
1717 2347 1834 2382 debet

526 2406 634 2453 quod
668 2405 831 2453 spiritus
864 2413 1040 2451 sanctus,
1087 2404 1278 2440 ordinans
1318 2405 1389 2440 hec
1422 2404 1571 2452 scripta
1605 2405 1652 2440 de
1685 2403 1889 2440 Christi35

526 2463 701 2500 infancia
748 2475 793 2499 ac
838 2462 1016 2510 puericia
1064 2462 1102 2498 in
1143 2462 1348 2510 evangelio
1381 2474 1454 2498 suo
1487 2461 1653 2510 exprimi
1688 2470 1724 2498 et
1756 2461 1833 2498 alia

526 2520 780 2569 pretermitti,
804 2520 933 2556 noluit
949 2519 1159 2557 ecelesiam
1184 2533 1297 2557 suam
1322 2532 1413 2556 cum
1437 2519 1583 2556 talibus
1606 2518 1834 2567 apocriphis

526 2578 670 2627 quibus
704 2577 819 2615 multi
853 2587 890 2614 et
923 2577 1056 2626 magni
1090 2579 1301 2615 attendunt
1323 2577 1443 2614 nimis
1466 2577 1640 2615 inaniter
1662 2576 1832 2614 onerari.

597 2698 617 2717 1.
639 2689 708 2717 ssC:
731 2689 903 2724 frequenti:
941 2689 986 2716 A:
1013 2696 1072 2724 que
1095 2689 1193 2717 nescit
1212 2689 1373 2723 divinum3
1427 2688 1467 2715 ib.
1495 2688 1541 2716 A:
1570 2687 1833 2715 famuliaritatem.

527 2734 556 2758 4.
579 2727 624 2752 A:
644 2732 739 2760 quare
759 2724 855 2751 deest.
940 2722 967 2750 8.
987 2723 1033 2750 A:
1055 2724 1227 2759 poderavit.
1318 2732 1346 2757 9.
1367 2723 1414 2751 A:
1434 2722 1635 2757 concupiens.
1730 2730 1767 2749 12.
1788 2723 1832 2749 A:

527 2760 707 2787 autenticas.
766 2758 807 2785 16.
828 2761 876 2785 A:
898 2762 925 2785 et
946 2759 1123 2786 luculariter
1143 2758 1334 2793 perhibebat.
1399 2765 1449 2793 ‹¹7-
1471 2757 1491 2784 B
1514 2757 1544 2784 in
1560 2765 1675 2791 marg.=
1698 2756 1833 2784 Causam

528 2795 717 2822 mundanam
733 2801 825 2821 cause
842 2792 897 2820 Dei
914 2800 1084 2828 preponere
1101 2794 1292 2828 blasphemia
1314 2798 1368 2820 est.
1443 2792 1482 2819 18.
1503 2793 1548 2819 A:
1565 2793 1647 2827 quod
1664 2791 1780 2818 utinam
1801 2806 1835 2811 ·-

526 2828 728 2856 ecclesiastici
748 2829 841 2855 deest.
941 2836 981 2863 ¹9-
999 2827 1039 2854 B:
1060 2828 1260 2855 ecclesiastici
1281 2831 1310 2854 et
1331 2828 1426 2855 deest.
1527 2833 1567 2853 21.
1587 2826 1658 2854 BC:
1679 2827 1716 2853 de
1736 2826 1832 2853 deest.

526 2871 568 2890 22.
594 2863 665 2891 AB:
689 2863 826 2890 cesariis.
951 2870 996 2895 24.
1018 2863 1062 2889 A:
1085 2863 1232 2890 invenies.
1358 2861 1398 2889 25.
1427 2863 1456 2889 in
1478 2860 1574 2888 deest.
1697 2867 1743 2894 29.
1766 2859 1832 2887 BC:

525 2899 754 2931 illustracione3
775 2900 819 2925 A:
841 2904 911 2932 qua.
1006 2895 1044 2923 31.
1067 2896 1142 2924 AC:
1164 2905 1261 2932 usque
1282 2897 1376 2924 deest.
1481 2896 1521 2923 32.
1545 2895 1612 2923 BC:
1634 2903 1776 2922 sermone
1797 2895 1831 2921 11.

526 2934 571 2965 ⁷³4-
594 2934 637 2960 A:
662 2933 783 2968 proficit
803 2937 831 2959 ct
851 2937 981 2960 certum,
