2017 3353
232 266 372 296 SERMO
389 258 460 312 vt]
746 271 884 303 PRIMA
912 271 1037 302 PARs.

109 367 187 428 Folss
230 376 586 422 noscendum3nec
604 375 672 413 illa
686 376 842 413 noticia
856 376 896 412 in
920 376 1108 425 potencia
1127 385 1186 412 est
1202 377 1386 424 neganda
1414 378 1418 421 1
1447 377 1541 413 sim-

110 423 168 454 ¹⁴³
231 433 397 481 pliciter,
433 446 523 470 cum
557 434 636 470 alia
669 435 930 471 concedimus
963 447 1048 471 esse
1081 447 1159 483 que
1193 443 1285 471 sunt
1317 434 1542 472 remociora

228 492 276 527 ab
310 491 524 528 existencia
557 492 717 529 actuali.
773 494 851 529 Sed
883 492 1042 529 videtur
1081 493 1190 541 ipsos
1223 492 1411 530 debuisse
1446 506 1539 530 con-

228 549 367 585 cedere
399 551 508 598 quod
540 550 609 586 illa
641 550 752 598 prius
776 551 938 600 cognita
970 551 1191 587 secundum
1215 550 1339 587 alium
1375 552 1540 588 modum

193 607 490 655 5addiscirnus,
526 620 617 645 curn
641 617 783 645 notum
818 609 858 645 in
880 608 1096 645 universali
1127 608 1350 645 addiscitur
1381 608 1421 645 in
1456 622 1542 657 par-

227 664 399 710 ticulari,
443 667 511 702 sed
550 675 588 703 et
627 667 792 703 confuse
831 667 1038 715 cognitum
1074 667 1241 703 discitur
1282 668 1333 704 ad
1373 668 1542 715 gradum

226 723 374 759 noticie
419 724 509 771 plus
555 723 754 761 distincte.
808 727 864 762 Ex
908 724 983 761 ista
1017 724 1346 761 consideracione
1384 725 1543 773 glosant

227 780 378 817 dictum
413 781 561 818 Christi
595 783 761 819 Matthei
794 784 950 829 XXIV0‚
980 784 1051 819 36:
1086 784 1147 819 De
1179 783 1239 819 die
1262 791 1388 819 autem
1421 784 1489 820 illa
1508 791 1543 819 et

226 838 324 875 hora
364 852 471 876 nemo
510 841 581 876 scit
619 853 737 890 neque
775 841 908 892 angeli
945 841 1115 877 celorum
1156 841 1229 877 nisi
1263 849 1381 890 pater
1424 842 1541 888 solus,

171 908 210 930 10
227 904 264 932 et
307 898 417 934 Marc
461 899 581 944 xmo,
631 899 680 935 32
726 908 898 947 negatur
935 898 1004 935 illa
1045 898 1195 935 notiCia
1239 899 1472 936 hominibus
1507 908 1543 935 et

226 954 376 1002 angelis
409 955 449 991 in
482 957 708 993 communi:
744 958 888 1010 Neque,
924 957 1066 1006 inquit,
1097 957 1208 1007 filius
1240 958 1309 994 scit
1340 957 1409 994 sed
1439 958 1543 994 solus

220 1020 348 1064 pater,
383 1013 451 1050 ubi
496 1023 606 1061 patet
649 1015 760 1063 quod
792 1015 1059 1064 equivocatur
1104 1015 1143 1051 in
1183 1015 1347 1052 nomine
1381 1015 1451 1052 filii
1485 1020 1543 1061 (ut

224 1082 318 1118 sepe
351 1068 480 1125 alibi),
511 1072 772 1121 intelligendo
807 1073 941 1121 ipsum
976 1086 1074 1122 pure
1098 1075 1321 1110 secundum
1355 1073 1541 1110 humani-

224 1137 347 1165 tatem
371 1138 409 1166 et
432 1130 680 1167 excludendo
704 1144 992 1180 quamcunque
1016 1131 1308 1180 ignoranciam,
1343 1145 1435 1168 cum
1460 1140 1539 1168 tam

171 1187 207 1220 15
224 1185 328 1223 filius
361 1201 482 1236 quam
516 1188 621 1225 beati
655 1190 805 1226 habent
837 1191 885 1226 de
918 1190 995 1226 isto
1037 1190 1327 1238 ignoranciam,
1371 1191 1440 1226 sed
1479 1203 1539 1226 so-

223 1244 363 1292 pitam.
403 1246 504 1283 Aliis
544 1257 681 1284 autem
714 1248 874 1284 videtur
905 1248 1018 1296 quod
1050 1250 1171 1285 verba
1204 1248 1353 1285 Christi
1395 1250 1540 1285 debent

223 1302 390 1352 intelligi
424 1317 516 1341 cum
551 1305 625 1342 ista
658 1306 857 1353 particula
880 1319 931 1343 ex
961 1319 1013 1352 se,
1049 1319 1141 1343 cum
1176 1307 1340 1355 spiritus
1375 1316 1538 1343 sanctus

223 1361 298 1397 scit
341 1362 426 1398 sine
470 1362 706 1411 ignorancia
754 1364 875 1401 istum
922 1365 1040 1411 diem,
1086 1374 1396 1413 verumptamen
1436 1365 1540 1401 sicut

222 1419 332 1456 solus
366 1429 481 1468 pater
512 1433 556 1457 ex
588 1434 629 1458 se
663 1431 732 1468 est,
768 1422 822 1459 ita
855 1422 940 1470 ipse
973 1423 1233 1460 solummodo
1258 1436 1301 1460 ex
1336 1436 1376 1460 se
1410 1423 1539 1460 noscit

164 1489 206 1512 20
222 1485 260 1513 et
290 1479 508 1528 utrobique
551 1479 788 1528 exprimitur
828 1480 1042 1518 difficultas
1082 1490 1119 1518 et
1151 1481 1386 1530 ignorancia
1418 1481 1538 1518 huius

221 1536 441 1583 noscibilis,
472 1550 521 1574 ne
543 1537 716 1575 viatores
740 1539 788 1575 ad
813 1539 897 1575 eius
930 1539 1125 1576 noticiam
1161 1553 1201 1576 se
1225 1540 1264 1576 in
1287 1553 1434 1576 vanum
1460 1540 1537 1576 sol-

219 1593 384 1631 licitent.
420 1596 496 1632 Sed
531 1596 697 1634 dimissa
729 1597 805 1634 ista
839 1597 1074 1634 difficultate
1108 1598 1343 1648 scolasticis,
1378 1598 1537 1646 capien-

220 1653 315 1688 dum
350 1662 409 1690 est
441 1655 550 1702 quod
574 1655 756 1692 Christus
780 1656 1003 1692 secundum
1027 1657 1322 1693 humanitatem
1346 1657 1420 1693 fuit
1442 1658 1535 1693 obe-

220 1710 494 1748 dientissimus
539 1721 660 1760 atque
706 1713 959 1750 humillimus
1006 1723 1043 1750 et
1086 1715 1300 1763 utrobique
1346 1714 1386 1750 in
1425 1715 1534 1751 omni

163 1768 300 1805 25vita
332 1782 404 1805 sua
436 1771 678 1817 prodessens
712 1772 891 1817 ecclesie,
927 1781 965 1808 et
997 1771 1052 1808 sic
1086 1773 1229 1820 plenus
1263 1772 1466 1820 sapiencia
1500 1782 1536 1809 et

221 1826 356 1874 gracia
389 1827 516 1864 eciam
549 1829 798 1875 humanitus,
838 1839 882 1865 ut
920 1839 1030 1877 patet
1063 1831 1110 1866 de
1145 1830 1296 1878 duplici
1330 1831 1534 1878 sapiencia

221 1885 401 1932 predicta
434 1895 471 1922 et
494 1887 629 1934 gracia
660 1887 821 1924 unionis
855 1900 945 1924 cum
971 1888 1059 1924 aliis
1085 1889 1228 1936 graciis
1262 1889 1298 1925 in
1325 1898 1416 1925 actu
1450 1889 1533 1925 ani—

221 1955 328 1979 mam
363 1944 511 1980 Christi
544 1945 791 1993 replentibus
815 1945 1074 1994 singulariter
1096 1947 1320 1983 secundum
1342 1946 1531 1983 ultimum

220 2000 452 2049 capacitatis
489 2002 564 2038 sibi
597 2003 814 2051 possibilis.
848 2003 1179 2041 predicacionem
1214 2014 1348 2041 autem
1389 2018 1531 2042 secun-

161 2060 203 2092 30
219 2059 315 2095 dum
355 2061 432 2096 hoc
465 2061 714 2109 evangelium
755 2070 916 2110 oportet
948 2062 1076 2110 aptari
1117 2063 1269 2111 populo
1309 2064 1530 2100 seeundum

218 2119 327 2166 quod
361 2118 593 2155 estimatum
626 2119 746 2156 fuerit
778 2120 833 2157 eis
866 2120 956 2168 plus
991 2122 1196 2169 prodesse.

728 2223 924 2263 SERMO
957 2224 1024 2264 VI.

273 2292 482 2342 Postquam
514 2295 728 2330 consumati
757 2303 844 2331 sunt
877 2295 955 2331 dies
987 2303 1088 2341 octo,
1114 2304 1152 2331 ut
1185 2297 1531 2332 circumcideretm·

209 2362 322 2399 puer,
355 2359 531 2388 vocatum
564 2360 619 2389 est
651 2365 785 2389 nomen
819 2353 898 2389 eius
928 2354 1051 2390 Jesus.
1087 2355 1194 2390 Luce
1227 2355 1288 2403 11⁰,
1316 2366 1381 2391 21.

159 2420 199 2454 35
274 2410 315 2444 In
347 2409 422 2445 hoc
455 2410 563 2447 brevi
597 2411 802 2459 evangelio
836 2420 1003 2448 notatur
1026 2412 1174 2448 Christi
1202 2412 1457 2449 circumcisio
1491 2423 1527 2449 et

215 2465 300 2502 eius
339 2467 570 2504 nominacio
611 2481 701 2505 cum
741 2469 956 2506 virtutibus
998 2480 1035 2507 et
1077 2470 1165 2507 aliis
1206 2471 1528 2508 circumstanciis

282 2551 308 2583 a.
328 2545 406 2578 alia;
428 2544 468 2571 B:
490 2550 574 2573 extra
595 2546 763 2574 credimus.
877 2547 902 2575 3.
925 2547 947 2574 B
975 2548 1005 2575 in
1034 2555 1149 2582 marg.:
1186 2547 1358 2583 Quomodo
1384 2548 1527 2583 intelligi-

213 2583 263 2606 tur
290 2578 383 2607 illud:
432 2579 479 2607 De
503 2580 554 2608 die
581 2583 683 2608 autem
714 2585 744 2609 et
771 2581 849 2609 hora
881 2590 969 2610 nemo
998 2583 1073 2616 scin
1108 2583 1149 2610 ib.
1180 2584 1228 2610 A:
1269 2583 1327 2611 Sed
1356 2583 1477 2611 videtur
1496 2599 1530 2603 —

212 2613 389 2648 particulari
409 2615 504 2642 deest.
587 2616 612 2649 5,
634 2617 662 2644 6.
683 2615 756 2644 BC:
796 2617 974 2652 particulari
997 2622 1026 2644 et
1046 2616 1186 2645 confuse.
1282 2619 1309 2646 ὁ.
1331 2618 1379 2647 A:
1407 2618 1528 2646 dicitur.

213 2655 239 2686 7.
261 2649 308 2676 A:
329 2649 390 2676 illa.
467 2648 494 2676 8.
515 2651 560 2677 A:
582 2651 709 2678 Matthei
730 2651 794 2679 XX.
871 2650 908 2678 130
929 2653 957 2679 A
977 2651 1008 2679 in
1030 2660 1145 2687 marg:
1168 2661 1188 2680 ι.
1285 2653 1323 2682 15.
1344 2654 1394 2681 A:
1416 2654 1527 2680 habent

212 2684 427 2721 ignoranciam
447 2684 485 2711 de
504 2684 557 2712 illo
579 2686 724 2720 sopitam.
817 2695 856 2722 17.
877 2688 926 2714 A:
954 2687 1024 2721 illa;
1046 2688 1075 2716 A
1096 2688 1125 2715 in
1148 2696 1264 2723 marg:
1286 2697 1311 2715 2.
1416 2688 1457 2715 18.
1482 2689 1525 2715 A:

212 2721 305 2755 istum
327 2718 408 2746 diem
427 2734 462 2739 —
481 2719 663 2752 ignorancia
683 2721 778 2748 deest.
866 2729 905 2749 21.
929 2721 993 2750 BC:
1035 2723 1101 2749 eius
1124 2723 1334 2750 noscenciam.
1443 2730 1482 2749 21.
1506 2722 1527 2749 Β

212 2759 243 2779 ln
259 2760 375 2787 marga
411 2752 537 2782 Solucio
558 2755 668 2782 finalis.
749 2763 790 2783 22.
812 2757 858 2784 A:
887 2757 1060 2785 scolastica.
1119 2756 1162 2785 33.
1185 2760 1213 2785 A
1230 2758 1258 2785 in
1282 2766 1394 2791 marg:
1419 2757 1528 2785 Sermo

214 2786 266 2814 Vl.
286 2787 308 2815 B
330 2788 360 2815 in
384 2796 497 2823 marg:
536 2789 571 2817 In
594 2791 710 2817 Octava
734 2790 919 2819 Nativitatis.
960 2791 984 2819 C
1009 2792 1038 2819 in
1061 2800 1177 2827 marg.:
1218 2793 1251 2820 In
1273 2792 1526 2820 circumcisione.

212 2821 254 2850 35.
276 2824 322 2850 A:
341 2823 551 2851 circumsicio.

284 2883 336 2916 33,
363 2884 414 2916 Cf.
443 2885 601 2928 Wyclif's
626 2887 793 2919 Sermons
813 2888 867 2920 ed.
894 2887 939 2930 by
966 2889 1097 2920 Arnold
1126 2890 1146 2920 Ι.
1176 2888 1344 2932 335—37‚

1350 2945 1390 2972 η*

1780 259 1825 296 35

1611 662 1782 694 Ignorance

1558 698 1697 725 ascribed
1726 701 1756 722 to
1785 696 1835 721 tlle

1594 733 1698 759 divine
1720 732 1797 758 Son.
