2017 3353
228 302 304 349 398

221 723 325 751 Christ
346 723 485 752 declared

247 758 302 785 His
323 759 461 795 divinity.

251 2115 317 2143 The
339 2114 461 2143 Church

270 2159 340 2186 may
361 2159 449 2178 mean

225 2194 242 2213 1.
264 2186 313 2212 the
335 2185 484 2222 building,

235 2460 258 2478 2.
280 2451 330 2478 the
350 2452 434 2486 place
454 2459 489 2478 or

226 2486 278 2513 site
298 2486 399 2513 where
421 2485 489 2512 God

235 2530 248 2547 s
268 2520 478 2556 worshipped.

811 309 1032 342 JOHANNIS
1052 309 1235 341 WYCLIF
1255 310 1512 343 SERMONUM
1593 297 1744 356 [SERMO
1765 310 1827 337 LX-

513 426 556 450 ex
583 414 659 450 fide
682 414 801 451 tacite
825 423 861 451 et
883 414 1082 451 subtiliter
1102 415 1325 452 inculcatur
1347 416 1559 464 probacio:
1582 418 1701 454 Pater
1723 430 1828 455 meus

511 472 613 521 quod
644 473 748 509 dedit
792 473 885 509 mihi
928 473 1100 510 omnibus
1143 473 1266 510 maius
1310 481 1378 522 est,
1423 474 1507 511 ideo
1551 487 1659 511 nemo
1700 483 1827 525 potest

511 542 652 579 rapere
684 531 729 566 de
761 543 875 567 manu
902 531 1032 580 patris
1070 531 1155 579 mei,
1193 544 1266 582 ego
1299 538 1335 568 et
1366 539 1483 582 pater
1521 545 1635 568 unum
1674 546 1827 579 sumus,-

510 600 556 624 ac
588 587 620 624 si
653 588 768 625 istam
809 588 1013 625 racionem
1058 588 1293 635 intenderet,
1341 602 1413 638 ego
1459 599 1496 627 et
1539 599 1653 639 pater
1701 605 1824 628 unum

509 658 659 692 sumus,
693 647 762 682 sed
794 659 914 682 nemo
948 655 1079 694 potest
1113 648 1160 684 de
1195 660 1314 684 manu
1347 648 1471 696 patris
1505 648 1582 685 mei
1606 649 1821 698 quicquam
1842 655 1858 686 5

509 716 662 752 rapere,
699 716 792 752 ergo
824 716 897 740 nec
937 706 984 741 de
1024 717 1147 741 manu
1192 718 1293 742 mea.
1338 706 1468 742 Maior
1502 719 1592 743 cum
1632 706 1681 743 sit
1715 707 1823 753 fides,

509 761 659 798 scilicet
693 763 800 810 quod
835 761 1016 798 Christus
1050 762 1099 799 sit
1130 764 1296 800 verbum
1332 763 1403 800 Dei
1437 766 1486 801 ad
1510 764 1615 801 intra
1637 773 1695 801 est
1719 765 1826 802 dicta

508 819 642 855 Judeis
676 819 936 856 excellencius
976 833 1096 869 quam
1142 820 1317 858 intencio
1358 835 1435 870 qua
1474 821 1678 871 pecierant
1718 824 1826 872 quod

509 877 558 913 sit
591 877 783 914 Christus.
830 879 931 914 Cum
970 877 1074 914 enim
1114 887 1273 927 oportet
1312 880 1387 916 hoc
1424 882 1589 917 verbum
1635 880 1826 929 evangelii

508 935 679 984 intelligi
713 937 760 972 de
793 937 877 972 Deo
911 945 1037 984 patre,
1073 936 1167 985 quia
1199 936 1461 985 impertinens
1494 938 1595 975 foret
1619 939 1822 975 Christum
1845 955 1883 977 ιο

508 993 619 1042 loqui
653 995 701 1030 de
733 1002 847 1042 patre
886 994 1050 1041 carnali,
1099 1007 1145 1031 eo
1185 996 1292 1044 quod
1337 995 1452 1032 facile
1496 996 1597 1033 foret
1641 1009 1732 1033 oves
1778 998 1824 1033 de

510 1064 631 1087 manu
664 1064 734 1088 sua
768 1064 920 1100 rapere,
961 1060 1070 1100 patet
1104 1054 1212 1101 quod
1244 1052 1423 1102 loquitur
1463 1055 1510 1090 de
1545 1054 1695 1091 unitate
1734 1056 1824 1091 sub-

509 1109 660 1146 stancie
693 1122 761 1146 sue
795 1119 831 1147 et
867 1110 936 1146 Dei
975 1110 1118 1159 patris3
1164 1123 1245 1147 non
1289 1110 1394 1147 enim
1428 1120 1485 1148 est
1523 1112 1601 1149 alia
1642 1122 1825 1149 creatura

509 1180 587 1204 una
620 1167 659 1203 in
692 1180 873 1214 numero,
907 1181 987 1204 una
1020 1168 1059 1204 in
1092 1169 1223 1217 specie
1255 1170 1315 1206 vel
1354 1182 1433 1206 una
1472 1169 1512 1205 in
1551 1183 1694 1218 genere
1732 1183 1823 1207 cum

510 1227 606 1271 Deo,
632 1238 677 1262 eo
702 1227 810 1275 quod
837 1222 843 1279 Ι
872 1225 955 1274 ipse
978 1239 1099 1274 supra
1122 1239 1242 1263 omne
1264 1239 1387 1275 genus
1412 1236 1469 1264 est
1493 1240 1560 1264 ens
1583 1228 1623 1264 in
1647 1228 1824 1277 qualibet

509 1293 706 1320 creatura.
741 1286 828 1333 Ipse
862 1283 967 1320 enim
1002 1293 1058 1321 est
1092 1297 1161 1333 per
1193 1298 1233 1321 se
1267 1294 1304 1321 et
1342 1285 1517 1334 quelibet
1551 1296 1735 1323 creatura
1768 1295 1825 1323 est

510 1354 577 1378 ens
610 1341 908 1391 participative3
943 1342 1033 1379 ideo
1066 1342 1191 1379 Exodi
1230 1343 1355 1380 tercio
1395 1345 1513 1380 habet
1558 1345 1634 1381 hoc
1677 1357 1825 1381 nomen

509 1408 717 1449 tamquam
751 1400 960 1449 proprium
994 1401 1059 1450 qui
1088 1408 1154 1437 est.

567 1460 621 1494 Ex
654 1458 797 1507 quibus
829 1457 1030 1506 colligitur
1061 1460 1170 1507 quod
1201 1459 1234 1495 si
1267 1459 1448 1496 Christus
1481 1468 1518 1496 et
1550 1468 1663 1508 pater
1695 1460 1734 1496 in
1768 1459 1824 1496 di-

509 1515 609 1552 vinis
641 1529 765 1552 unum
798 1525 901 1563 sunt,
937 1529 1027 1552 cum
1067 1517 1143 1553 hoc
1180 1530 1262 1554 non
1299 1526 1430 1566 potest
1475 1530 1558 1554 esse
1602 1519 1821 1554 secundum
1840 1533 1881 1555 20

511 1573 801 1611 humanitatem
836 1576 970 1624 quoad
1002 1575 1251 1611 numeralem
1285 1575 1481 1612 unitatem
1515 1575 1730 1624 specialem
1763 1576 1823 1612 vel

510 1633 750 1680 generalem,
774 1645 855 1669 non
879 1641 1001 1669 restat
1034 1632 1262 1669 verificacio
1296 1633 1411 1670 huius
1435 1633 1531 1670 dicti
1555 1633 1716 1679 Christi,
1749 1633 1824 1670 nisi

509 1692 729 1726 secundum
783 1690 1033 1727 divinitatem
1095 1691 1344 1739 superiorem
1397 1691 1480 1728 eius
1532 1691 1824 1728 humanitatem

510 1757 794 1785 assumentem.
830 1750 921 1786 Ideo
952 1749 1048 1785 dicit
1070 1748 1110 1785 in
1134 1749 1264 1797 prima
1288 1749 1572 1798 proposicione
1596 1751 1704 1798 quod
1728 1749 1825 1786 illud

510 1807 618 1854 quod
652 1806 760 1842 dedit
793 1816 906 1855 pater
939 1806 1013 1843 sibi
1047 1806 1175 1843 maius
1208 1807 1395 1844 omnibus
1429 1816 1498 1854 est,
1533 1807 1626 1856 quia
1648 1807 1745 1843 illud
1770 1813 1883 1845 est25

510 1864 776 1912 personalitas
811 1874 847 1901 et
880 1864 1005 1914 patris
1029 1865 1236 1913 equalitas,
1271 1865 1334 1902 cui
1357 1865 1467 1903 nulla
1490 1874 1673 1902 creatura
1697 1874 1827 1914 potest

511 1930 554 1958 ut
584 1921 640 1959 sic
673 1922 839 1959 univoce
874 1922 1114 1971 comparari.
1168 1923 1395 1960 Verisimile
1439 1932 1575 1960 tamen
1615 1933 1672 1960 est
1718 1924 1826 1972 quod

510 1979 624 2016 Judei
667 1993 749 2017 non
793 1980 1068 2018 intellexerant
1106 1981 1211 2018 clare
1250 1981 1367 2018 istam
1410 1981 1673 2018 subtilitatem
1711 1981 1827 2018 huius

512 2037 756 2087 philosophi.

571 2097 647 2132 Sed
671 2096 764 2145 quia
788 2096 924 2133 omnia
947 2096 1022 2133 ista
1054 2097 1131 2134 tria
1158 2096 1362 2145 evangelia
1394 2096 1545 2134 faciunt
1574 2096 1825 2133 mencionem
1844 2102 1886 2135 30

513 2154 560 2190 de
596 2154 856 2191 dedicacione
891 2155 1056 2191 ecclesie
1091 2156 1141 2191 ad
1165 2155 1455 2191 excludendum
1494 2167 1648 2191 errores
1671 2156 1719 2191 ab
1744 2154 1827 2191 ani-

513 2213 653 2248 mabus
677 2212 936 2261 simplicium,
972 2214 1197 2249 notandum
1232 2214 1339 2261 quod
1372 2212 1478 2249 istud
1511 2212 1722 2249 servicium
1757 2212 1826 2248 ali-

513 2271 675 2317 quando
690 2270 869 2319 loquitur
885 2272 932 2307 de
949 2270 1114 2307 basilica
1130 2283 1206 2319 que
1223 2280 1279 2307 est
1295 2283 1419 2307 unum
1436 2270 1645 2307 artificiale
1662 2283 1827 2318 compo-

512 2326 631 2363 situm
655 2340 697 2363 ex
725 2328 841 2375 lignis
866 2337 985 2377 atque
1018 2328 1230 2377 lapidibus,
1265 2329 1333 2364 sed
1355 2327 1456 2364 absit
1479 2328 1636 2364 fidelem
1666 2329 1826 2364 credere

513 2386 621 2433 quod
643 2385 741 2421 illud
757 2386 805 2422 sit
829 2385 1044 2434 idemptice
1059 2399 1206 2434 sponsa
1222 2385 1369 2422 Christi
1391 2387 1452 2422 vel
1475 2395 1603 2422 mater
1626 2385 1824 2427 fidelium:
1843 2390 1883 2423 35

512 2444 687 2479 secundo
702 2452 816 2480 notat
840 2443 946 2480 istud
961 2443 1186 2489 servicium,
1204 2443 1324 2480 situm
1340 2444 1401 2480 vel
1416 2445 1549 2481 locum
1571 2443 1611 2481 in
1627 2457 1705 2492 quo
1722 2446 1826 2480 Deus

513 2501 669 2546 colitur,
703 2500 831 2549 ipsam
866 2501 1088 2547 ecclesiam,
1122 2514 1202 2538 non
1235 2502 1366 2538 solum
1389 2502 1524 2539 locum
1549 2502 1734 2538 celestem
1759 2502 1827 2538 sed

1842 1211 1916 1242 Fol.

1841 1255 1921 1289 236⁴

582 2620 599 2639 1.
617 2613 660 2639 A:
682 2621 718 2639 ex
738 2612 896 2646 fidelitate;
918 2612 985 2639 DE:
1009 2611 1087 2639 fidei.
1143 2622 1173 2646 4,
1192 2612 1215 2640 5.
1233 2612 1272 2639 C:
1295 2620 1329 2639 ac
1350 2612 1374 2639 si
1389 2629 1422 2632 -—
1438 2621 1546 2640 sumus
1567 2612 1660 2640 deest.
1712 2621 1740 2645 4.
1758 2612 1825 2639 DE:

513 2647 562 2674 uni
585 2655 702 2674 sumus.
776 2647 803 2673 ὁ.
824 2648 868 2674 A:
891 2654 961 2682 ergo
984 2655 1073 2673 nunc.
1173 2668 1178 2672 .
1200 2648 1242 2674 A:
1267 2647 1410 2674 Christus
1431 2652 1484 2674 est.
1559 2648 1586 2677 8,
1609 2656 1636 2682 9.
1658 2648 1701 2674 A:
1725 2647 1748 2674 si
1771 2647 1825 2680 sit3

511 2682 549 2708 E:
573 2682 654 2716 quod
677 2682 701 2708 si
723 2681 865 2708 Christus
885 2682 934 2715 (al.
957 2689 1055 2708 mana
1077 2686 1123 2708 est
1142 2655 1215 2708 <ficit
1235 2682 1278 2708 eis
1300 2682 1422 2716 palam).
1481 2681 1516 2709 13.
1534 2682 1600 2709 DE:
1624 2682 1724 2716 aliqua
1744 2689 1828 2708 crea-

511 2721 588 2743 tura.
645 2716 682 2743 15.
704 2716 747 2743 A:
770 2724 824 2742 ens
845 2716 919 2743 eius.
977 2724 1015 2751 17.
1037 2715 1172 2743 Rectius:
1196 2716 1332 2743 habetur.
1397 2725 1438 2751 19.
1462 2717 1498 2743 B:
1522 2721 1549 2743 et
1569 2717 1662 2743 deest.
1720 2724 1757 2753 2¹:
1780 2717 1825 2743 A:

510 2751 547 2777 ad
570 2750 726 2777 unitatenr
773 2758 819 2784 24.
840 2752 883 2778 A:
906 2750 988 2786 quod
1009 2750 1056 2783 id3
1078 2750 1142 2777 BC:
1167 2751 1384 2785 proposicione
1405 2759 1496 2778 omne
1516 2751 1598 2786 quod
1620 2751 1660 2778 id.
1713 2754 1759 2777 20.
1778 2751 1821 2777 D:

511 2785 671 2819 paralitas3
693 2785 732 2812 E:
755 2785 902 2812 correxit:
925 2785 1137 2820 personalitas.
1239 2784 1284 2812 30.
1308 2785 1348 2812 D:
1372 2785 1554 2820 evangelica.
1661 2784 1699 2812 31.
1723 2784 1819 2812 CDE:

510 2828 655 2846 errorem.
746 2818 788 2846 33.
810 2821 853 2846 A:
875 2820 1010 2855 loquitur
1030 2819 1231 2855 quandoque3
1262 2820 1300 2846 ib.
1322 2820 1361 2847 E:
1386 2820 1415 2847 in
1439 2828 1551 2855 marg:
1583 2819 1747 2846 Dedicacio
1770 2819 1817 2846 cui

509 2855 631 2881 ecclesie
652 2855 809 2887 co11venit3
831 2854 853 2881 E
873 2854 902 2880 in
926 2863 1037 2889 marg:
1062 2863 1080 2881 1.
1156 2854 1201 2881 36.
1224 2854 1247 2880 E
1267 2855 1295 2881 in
1320 2863 1432 2889 marga
1456 2862 1480 2881 2.

585 2938 609 2959 1.
636 2927 711 2958 joh.
736 2927 777 2968 X,
807 2937 857 2970 29,
884 2928 942 2960 30.
