2057 3353
773 225 1167 258 INTRODUCTION.
1678 232 1831 262 XXXV

496 331 543 372 4.
578 329 704 372 The
738 330 1193 372 Transrnission
1225 330 1288 372 in
1320 330 1437 375 MS.

106 423 149 479 a)
180 427 346 465 Codex
370 428 404 465 Β
429 426 488 473 16,
512 426 542 463 2
571 427 624 464 os
642 427 721 463 the
746 427 932 473 Trinity
959 427 1150 474 College
1175 428 1396 477 Library,
1422 429 1713 477 Cambridge
1738 426 1829 482 (A).

220 517 324 557 This
369 517 605 570 splendidly
639 516 909 556 embellished
943 517 1088 556 Codex
1124 517 1224 572 (size
1256 523 1362 569 410¹n
1396 519 1450 572 by
1486 518 1606 574 mm)
1641 521 1829 560 contains

106 602 186 642 439
221 587 286 641 (or
318 600 437 626 more
470 585 647 640 exactly)
679 599 763 638 440
798 587 1044 638 parchment
1082 587 1232 627 leaves.
1287 592 1322 627 A
1356 602 1472 627 more
1507 598 1645 628 recent
1677 590 1831 643 paging

107 657 261 712 (which
295 665 445 696 counts
479 669 620 708 pages,
656 665 731 695 not
763 654 916 708 leaves)
950 656 982 695 is
1007 665 1082 696 not
1106 666 1275 709 correct,
1302 657 1365 697 sor
1388 671 1492 710 page
1520 661 1570 708 54
1593 659 1624 697 is
1648 661 1830 699 counted

105 726 222 767 twice
261 740 371 777 over,
417 740 522 779 page
557 726 610 764 80
649 725 719 765 the
753 739 880 777 same,
914 725 1054 765 whilst
1086 740 1155 779 pp.
1190 741 1236 780 71
1277 736 1321 766 to
1356 728 1409 766 80
1455 727 1559 767 have
1605 737 1681 768 not
1726 729 1828 768 been

106 796 354 844 numbered;
389 795 454 834 for
485 795 598 835 these
632 809 799 834 reasons
833 795 861 834 it
896 796 968 834 has
1001 796 1104 834 been
1139 810 1356 850 necessary
1389 796 1452 835 for
1485 797 1565 836 this
1600 797 1756 837 edition
1787 807 1829 837 to

104 865 247 905 follow
279 865 347 905 the
381 865 498 904 older
529 865 696 918 paging.
752 865 886 918 Every
919 864 1003 904 leaf
1038 865 1110 904 has
1151 865 1245 905 four
1284 868 1500 917 columns;
1545 867 1613 906 the
1652 868 1830 907 number

104 935 150 976 of
168 935 270 975 lines
302 935 344 974 in
377 934 476 975 each
509 934 681 974 column
713 935 844 974 varies
878 934 989 974 from
1023 936 1074 974 68
1109 945 1153 975 to
1186 950 1253 989 7¹·

218 1005 311 1045 The
341 1006 471 1045 codex
500 1005 704 1057 contains,
739 1005 898 1044 besides
922 1020 943 1044 a
967 1006 1146 1045 number
1168 1006 1214 1045 of
1232 1006 1351 1045 other
1373 1007 1512 1046 works
1537 1008 1584 1046 of
1602 1007 1796 1061 Wyclif's
1818 1008 1830 1031 1

103 1076 176 1132 (on
209 1076 324 1116 these
356 1089 423 1115 see
456 1075 634 1129 Shirley,
669 1078 706 1114 A
735 1074 966 1128 Catalogue
1000 1076 1079 1117 No.
1105 1078 1128 1114 8
1162 1077 1244 1115 ¹<ind
1276 1077 1358 1117 No.
1381 1075 1470 1128 425,
1504 1077 1557 1116 all
1590 1076 1684 1116 four
1716 1078 1830 1116 Parts

222 1192 231 1213 ¹
259 1191 345 1223 Cod.
373 1191 509 1223 Cambr.
535 1192 576 1222 B.
598 1192 650 1230 26,
678 1200 696 1222 2
722 1191 758 1222 in
784 1191 843 1222 fol.
870 1202 941 1223 non
967 1191 1150 1233 paginnto:

103 1250 207 1282 Liber
232 1250 362 1292 primus
388 1250 543 1281 continet
569 1260 627 1281 sex
653 1253 817 1281 tractatus
845 1260 1008 1291 quorum:

273 1308 403 1350 primus
429 1308 471 1339 de
496 1309 588 1339 Ente
613 1308 649 1339 in
674 1308 849 1339 communi
876 1308 1031 1339 continet
1056 1309 1109 1340 IV
1135 1308 1297 1350 capitula.

274 1367 445 1398 secundus
471 1366 513 1398 de
538 1367 629 1397 Ente
655 1366 767 1408 primo
795 1366 952 1397 continet
977 1368 1031 1398 VI
1058 1367 1221 1408 capitula,

275 1425 399 1456 tercius
426 1425 468 1456 de
493 1425 708 1456 Veritatibus
734 1425 769 1455 in
795 1425 968 1456 communi
994 1425 1149 1456 continet
1173 1426 1227 1457 IV
1253 1425 1413 1467 capitula,

276 1487 417 1525 quartus
445 1483 487 1514 de
512 1483 777 1515 Universalibus
803 1483 1036 1525 ineompletus
1064 1487 1097 1515 et
1124 1484 1280 1516 eontinet
1307 1485 1340 1515 V
1366 1483 1528 1526 capitula,

274 1542 413 1583 quintus
440 1542 482 1573 de
508 1541 771 1573 Universalibus
797 1541 991 1583 completus
1017 1545 1049 1572 et
1076 1542 1230 1573 continet
1258 1543 1331 1573 XV
1357 1541 1518 1583 capitula,

216 1317 248 1632 sweep?

274 1603 389 1632 sextus
416 1600 458 1631 de
485 1601 659 1642 Tempore
684 1599 917 1641 incompletus
944 1603 978 1630 et
1004 1600 1160 1631 continet
1187 1601 1282 1631 XIII
1309 1599 1471 1642 capitula.

100 1658 205 1689 Liber
230 1658 401 1690 secundus
426 1658 582 1690 continet
607 1668 666 1689 sex
692 1660 857 1689 tractatus
885 1668 1048 1698 quorum:

272 1716 402 1758 primus
429 1717 472 1747 de
497 1716 744 1747 Intelleecione
769 1716 836 1747 Dei
863 1716 1017 1747 continet
1044 1717 1078 1748 V
1105 1717 1256 1758 capitula
1282 1717 1372 1758 (pag.
1399 1724 1441 1757 47
1469 1717 1511 1747 al.
1539 1727 1605 1748 rec.
1632 1717 1747 1758 mair),

273 1774 442 1806 secundus
469 1775 511 1805 de
538 1774 694 1805 Sciencia
719 1774 786 1805 Dei
812 1775 968 1806 continet
995 1776 1091 1806 XIII
1118 1775 1269 1817 capitula
1295 1777 1386 1817 (pag.
1415 1774 1482 1816 54),

272 1833 396 1864 tercius
423 1833 465 1863 de
482 1832 678 1864 Volucione
704 1832 773 1863 Dei
798 1833 953 1864 eontinet
978 1834 1111 1864 XVIII
1137 1833 1289 1874 capitula
1315 1834 1404 1874 (pag.
1432 1834 1498 1873 72),

273 1895 413 1932 quartus
439 1891 482 1922 de
507 1892 739 1922 Personarum
765 1890 994 1922 distinccione
1020 1891 1175 1923 continet
1201 1892 1315 1923 XVII
1341 1890 1493 1933 capitula
1520 1890 1611 1933 (pag.
1638 1892 1705 1930 92),

214 1724 246 1989 meve&

238 1972 245 1980 .
273 1949 412 1990 quintus
439 1949 480 1980 de
505 1949 599 1980 Ideis
624 1949 780 1980 continet
805 1950 839 1980 V
865 1949 1029 1991 capitula,

213 2007 244 2039 6.
270 2010 386 2038 sextus
412 2007 454 2038 de
479 2007 647 2039 Poteneia
672 2007 881 2049 productiva
904 2007 972 2038 Dei
997 2008 1041 2038 ad
1068 2012 1162 2039 extra
1198 2007 1351 2039 continet
1384 2009 1477 2039 XVI
1509 2008 1670 2049 capitula,
1703 2008 1762 2038 ubi
1794 2008 1829 2038 in

269 2065 423 2107 quinque
449 2066 609 2108 capitulis
634 2066 764 2097 ultimis
790 2071 956 2097 tractatur
984 2067 1025 2097 de
1052 2066 1360 2098 Adnichilacione.

95 2123 183 2154 Item
210 2123 252 2154 de
276 2123 502 2156 Sermonibus
527 2129 597 2156 tam
624 2125 891 2156 dominicalibus
918 2135 1021 2166 quam
1049 2125 1090 2156 de
1115 2129 1313 2156 sanctorum
1339 2125 1583 2156 festivitatibus
1610 2129 1640 2155 et
1668 2124 1832 2155 dividitur

370 2182 406 2213 in
433 2187 583 2224 quatuor
609 2187 735 2225 partes,
762 2193 928 2224 quarum:

214 2247 242 2271 1.
267 2239 378 2282 prima
412 2241 454 2271 de
485 2240 712 2273 Sermonibus
746 2241 1013 2273 dominicalibus
1046 2252 1149 2284 super
1174 2241 1365 2282 Evangelia
1396 2241 1550 2273 continet

269 2308 444 2331 sermones
469 2300 586 2339 LVII,

211 2364 242 2388 2.
267 2357 418 2388 secunda
458 2358 500 2389 de
532 2359 759 2390 Sermonibus
797 2363 995 2390 sanctorum
1034 2369 1136 2401 super
1166 2358 1357 2399 Evangelia
1395 2359 1550 2390 continet
1643 2357 1813 2388 Numerus

269 2426 444 2448 sermones
470 2418 607 2458 LXIV,
1623 2416 1828 2445 Sermonum

210 2481 240 2513 3.
266 2475 371 2505 tercia
397 2485 476 2517 pars
502 2476 544 2507 de
567 2476 737 2518 Epistolis
768 2476 1035 2507 dominicalibus
1065 2475 1220 2507 continet
1250 2485 1424 2507 sermones
1450 2475 1549 2512 LIX,
1630 2473 1824 2505 CCXLIV.

209 2540 240 2571 4.
267 2537 389 2573 quarta
414 2534 456 2565 de
483 2534 638 2576 epistolis
663 2535 699 2565 in
724 2539 922 2566 sanctorum
946 2533 1189 2565 festivitatibus
1213 2544 1290 2565 cum
1314 2533 1388 2564 aliis
1407 2532 1549 2563 diversis

266 2592 483 2623 sermonibus
509 2593 664 2623 continet
690 2603 864 2624 sermones
891 2592 1017 2623 LXIV

93 2647 180 2678 Item
206 2653 356 2689 quatuor
380 2650 461 2681 libri
487 2650 529 2681 de
556 2651 725 2682 Sermone
750 2650 896 2682 Domini
921 2650 956 2681 in
983 2652 1118 2686 Monte,
1146 2660 1310 2692 quorum:

213 2714 240 2738 Ι.
266 2708 397 2748 primus
421 2708 510 2740 liber
535 2709 690 2739 continet
714 2710 824 2740 LXII
850 2709 1013 2750 capitula,

208 2772 239 2796 2.
266 2766 438 2797 secundus
463 2766 552 2797 liber
578 2766 737 2797 continet
763 2767 831 2797 LX
858 2766 1023 2808 capitula,

214 2830 243 2863 3.
270 2824 394 2855 tercius
419 2824 508 2855 liber
535 2824 577 2855 de
603 2823 826 2856 Antichristo
853 2825 1007 2855 continet
1034 2825 1184 2855 LXXII
1211 2824 1372 2866 capitula,

209 2888 242 2919 4.
268 2886 410 2922 quartus
434 2882 522 2913 liber
548 2883 779 2925 incompletus
806 2883 961 2914 eontinet
987 2883 1081 2914 XIV
1106 2882 1268 2924 capitula.
