2017 3353
294 274 428 303 senno
446 264 583 322 xxxu]
803 278 940 309 1>R1MA
972 278 1084 309 PARS
1821 285 1899 323 217

354 387 502 422 Revera
527 398 607 421 non
631 386 719 433 plus
743 384 922 433 sequitur
947 397 1066 433 quam
1094 385 1125 421 si
1149 387 1317 423 dolabra
1343 387 1436 423 facit
1460 388 1608 435 lignum

295 455 378 480 esse
400 452 554 491 partem
581 444 736 487 domus,
772 455 865 490 ergo
891 444 957 479 dat
990 442 1064 478 sibi
1089 452 1327 491 potestatem
1352 446 1413 481 vel
1437 444 1612 493 disponit
1630 454 1698 480 who
1718 454 1751 493 j>
1778 455 1902 497 Qut-1110

295 500 605 538 architectonice
638 502 746 549 quod
779 500 828 537 sit
862 500 928 537 ita.
969 502 1119 537 Omnes
1159 502 1263 538 enim
1297 502 1612 550 evangelizantes
1629 489 1688 515 ¹⁰⁰¹
1718 490 1903 551 ¹1¹1¹fflf3¹fs¹⁵¹⁵

295 558 394 595 citra
410 558 611 595 Christum
630 567 720 595 sunt
743 558 1055 595 instrumentum
1080 572 1194 596 suum
1213 569 1250 596 et
1265 573 1376 597 sarra
1391 562 1610 597 secundum

260 618 275 650 5
294 616 546 660 x·aticinium;
571 626 608 653 et
631 617 707 653 hoc
730 626 839 664 patet
863 617 1083 653 secundum
1098 617 1332 654 vaticinium
1350 619 1448 655 Isaie
1464 621 1532 661 XO,
1554 621 1608 655 15.

351 674 455 710 Dicit
487 675 539 709 ad
570 675 678 710 illum
701 675 936 711 Nicodemus
968 683 1176 723 tamquam
1214 675 1322 712 rudis
1365 677 1497 713 adhuc
1529 690 1613 713 car-

293 732 395 769 nalis
426 733 548 769 verba
581 732 729 769 Christi
764 734 811 769 de
849 732 1114 780 generacione
1147 733 1346 782 spirituali
1384 748 1467 772 non
1499 735 1612 771 intel-

294 789 438 837 ligens:
465 791 681 837 Quomodo,
697 790 838 839 inquit,
859 798 987 840 potest
1008 791 1123 827 homo
1147 792 1264 836 nasci,
1287 804 1372 828 cum
1396 794 1445 829 sit
1466 794 1616 830 senex?

295 848 481 896 numquid
513 855 641 898 potest
673 849 708 884 in
742 856 913 885 ventrem
946 849 1085 885 matris
1117 862 1184 886 sue
1215 850 1354 886 iterato
1387 851 1549 887 introire
1581 859 1615 887 et

240 906 474 942 mrenasci?
506 906 555 942 Et
587 915 697 954 patet
730 908 838 955 quod
872 906 936 943 hic
970 920 1130 955 grossus
1164 908 1373 956 phariseus
1402 908 1615 957 tripliciter

294 963 545 1013 equivocavit
579 977 670 1001 cum
704 964 865 1002 Christo
904 966 1033 1001 solum
1073 965 1325 1003 nativitatem
1359 968 1612 1015 corporalem

294 1021 565 1059 considerans.
599 1025 681 1059 Nec
705 1031 762 1060 est
786 1023 953 1060 omnino
977 1026 1300 1072 contempnenda
1325 1038 1395 1062 sua
1419 1025 1613 1069 obieccio‚

294 1079 388 1129 quia
432 1080 571 1117 exhinc
617 1081 799 1118 clarescit
844 1081 1016 1118 carnalis
1059 1081 1279 1119 nativitatis
1325 1092 1362 1120 et
1394 1083 1614 1131 spiritualis
1674 1090 1859 1117 Instinction

295 1137 525 1180 disdnccio:
559 1140 677 1185 unde,
711 1139 814 1176 sicut
847 1139 1058 1176 Nicodemi
1093 1141 1350 1178 conversacio
1384 1143 1500 1178 docet
1533 1154 1614 1178 non
1637 1125 1893 1195 b{}‚‘{1e{¹sslfl¹‡1¹¹11³¹

241 1196 277 1228 15
294 1208 434 1233 omnes
472 1197 614 1233 fratres
652 1198 714 1234 vel
752 1197 961 1245 religiosos
995 1210 1079 1234 esse
1112 1200 1471 1247 contempnendos,
1512 1198 1614 1236 sicut
1723 1195 1814 1223 birth.

293 1266 366 1291 nec
404 1254 542 1301 laicos,
577 1255 671 1304 quia
711 1255 826 1292 multi
860 1268 999 1292 eorum
1039 1256 1212 1293 finaliter
1244 1266 1414 1305 prosunt
1447 1257 1614 1294 ecclesie

295 1321 332 1349 et
363 1321 455 1349 sunt
487 1312 559 1349 Dei
599 1313 669 1349 filii
703 1313 904 1362 adoptati:
951 1313 1007 1350 sic
1041 1314 1124 1351 eius
1163 1315 1317 1352 ruditas
1349 1315 1502 1352 laicalis
1535 1329 1615 1364 qua

294 1370 350 1407 sic
377 1370 612 1418 magistrum
639 1371 858 1419 interrogat
881 1373 1045 1420 prodest
1068 1372 1327 1421 sequentibus
1351 1373 1516 1410 rudibus
1540 1386 1614 1422 pro

294 1428 498 1465 sentencia
543 1429 635 1465 fidei
676 1429 884 1478 capienda.
940 1432 1021 1467 Nec
1060 1440 1221 1479 oportet
1260 1431 1472 1468 mussitare
1516 1444 1614 1480 quo-

236 1497 278 1518 20
295 1488 416 1523 modo
449 1486 515 1525 ille
547 1487 756 1536 religiosus
789 1487 862 1524 fuit
895 1487 1080 1537 princeps
1119 1498 1186 1526 aut
1220 1489 1512 1538 proprietarius
1545 1503 1615 1538 per

294 1557 334 1581 se
366 1544 513 1591 vivens,
560 1545 654 1594 quia
691 1559 774 1582 non
812 1559 952 1583 omnes
986 1546 1161 1595 religiosi
1202 1547 1385 1584 moderni
1419 1557 1614 1596 perpetuo

294 1602 596 1640 incarcerantur
627 1604 667 1641 in
691 1604 879 1650 claustro,
913 1606 981 1641 sed
1007 1605 1122 1642 multi
1150 1615 1393 1654 sparguntur
1416 1606 1456 1643 in
1481 1607 1614 1643 seculo

296 1670 333 1697 et
365 1662 514 1698 habent
557 1662 598 1698 in
636 1662 816 1710 proprio,
862 1671 905 1698 ut
944 1671 1053 1711 patet
1093 1665 1140 1700 de
1179 1664 1369 1700 fratribus
1410 1674 1446 1701 et
1481 1664 1614 1712 hospi-

295 1718 460 1755 talariis.
494 1721 542 1756 Et
575 1719 630 1756 sic
663 1720 795 1768 potuit
828 1732 911 1757 esse
944 1722 992 1757 de
1024 1721 1219 1770 phariseis
1244 1721 1311 1770 qui
1343 1735 1425 1759 non
1457 1731 1612 1759 tantum

238 1777 277 1810 25
294 1776 334 1813 in
358 1776 499 1813 ritibus
525 1786 562 1814 et
585 1777 666 1814 suis
690 1778 1047 1816 adinvencionibus
1064 1789 1307 1816 erraverunt.
1333 1781 1409 1816 Sed
1426 1780 1616 1828 magister

295 1834 472 1883 optimus
503 1836 783 1873 necessitatem
817 1837 1093 1885 generacionis
1125 1837 1347 1886 spiritualis
1377 1838 1614 1887 premittens

295 1892 372 1929 illis
411 1903 571 1941 separat
604 1907 626 1930 a
659 1894 828 1931 carnali:
873 1895 1007 1940 Amen,
1045 1896 1179 1942 Amen,
1225 1895 1368 1944 inquit,
1414 1897 1497 1933 dico
1536 1897 1614 1943 tibi,

295 1951 368 1987 nisi
403 1952 486 2000 quis
523 1960 680 1989 renatus
706 1953 837 2001 fuerit
874 1965 925 1989 ex
966 1966 1063 2002 aqua
1097 1962 1131 1990 et
1163 1954 1311 2004 Spiritu
1344 1954 1498 2001 Sancto,
1542 1967 1614 1991 non

290 2017 418 2059 potest
451 2010 613 2046 introire
645 2011 680 2046 in
714 2023 880 2061 regnum
914 2011 999 2047 Dei.

239 2068 281 2100 30
354 2069 435 2104 Nec
475 2067 652 2104 timende
690 2077 782 2104 sunt
820 2070 997 2116 ampulle
1035 2069 1252 2118 sophistice
1291 2070 1434 2118 quibus
1475 2079 1614 2107 contra
1656 2066 1877 2133 obfi‘gg’i‘glssgss'to

296 2126 416 2162 verba
450 2125 587 2162 christi
620 2125 800 2163 obiciunt
839 2128 947 2175 quod
987 2127 1101 2164 multi
1141 2136 1309 2176 possunt
1343 2141 1427 2165 esse
1459 2128 1762 2173 salvati,cln·ist's
1788 2123 1902 2163 usords.

296 2183 390 2220 licet
433 2196 506 2220 nec
550 2184 697 2221 fuerint
734 2185 973 2222 naturaliter
1010 2198 1083 2222 nec
1122 2185 1384 2234 spiritualiter
1421 2186 1613 2234 generati.

296 2243 345 2277 Et
383 2241 528 2278 iterum
567 2244 716 2279 nedum
750 2252 827 2280 stat
861 2256 951 2280 eum
992 2244 1058 2292 qui
1090 2256 1172 2280 non
1204 2244 1276 2280 fuit
1309 2244 1365 2281 sic
1396 2254 1514 2281 natus
1547 2246 1615 2282 sed

297 2299 370 2335 erit
403 2299 602 2348 posterius
635 2313 719 2338 esse
751 2310 905 2347 natum,
945 2314 1084 2338 verum
1125 2301 1218 2339 licet
1255 2315 1462 2351 nunquam
1496 2303 1615 2339 fuerit

240 2358 279 2391 35
297 2357 523 2405 baptizatus
567 2358 607 2395 in
652 2372 768 2407 aqua,
821 2369 900 2396 stat
945 2361 1054 2408 quod
1100 2360 1302 2408 baptismo
1346 2360 1521 2398 flaminis
1566 2360 1616 2397 sit

296 2415 483 2453 salvatus.
519 2418 734 2463 Quomodo
768 2429 862 2466 ergo
886 2427 944 2455 est
977 2418 1129 2455 dictum
1155 2418 1302 2456 Christi
1334 2431 1472 2456 verum
1506 2420 1614 2467 quod

367 2560 392 2588 3.
422 2562 451 2588 A
479 2561 509 2588 in
539 2570 654 2597 marg:
688 2562 800 2590 Omnis
833 2563 995 2598 predicans
1028 2568 1072 2591 est
1100 2564 1340 2592 instrumentum
1370 2564 1436 2593 Dei.
1471 2565 1522 2591 sed
1553 2573 1612 2591 non

294 2596 449 2631 magister.
504 2605 534 2629 4.
552 2596 575 2624 5.
591 2598 634 2624 A:
655 2602 684 2624 et
704 2605 835 2624 sarra—
849 2598 1028 2626 vaticinium
1051 2598 1142 2625 deest.
1200 2599 1224 2627 5.
1242 2598 1282 2626 C:
1303 2599 1482 2627 vaticinium
1506 2608 1613 2629 suum:

294 2632 334 2659 ib.
355 2632 398 2658 A:
419 2631 497 2658 Isaie
511 2631 579 2659 VII.
652 2631 680 2659 6.
703 2631 768 2659 BC:
789 2632 871 2660 Dicit
890 2633 926 2660 ad
950 2633 1071 2661 Jesum:
1094 2638 1188 2661 recte:
1210 2633 1247 2661 ad
1268 2642 1347 2661 eum.
1416 2642 1441 2669 7.
1457 2635 1501 2661 A:
1524 2633 1613 2669 spiri-

294 2666 366 2693 tuali
388 2665 544 2700 ignorans.
645 2675 673 2701 9.
694 2667 738 2693 A:
760 2667 911 2702 numquid
933 2668 1094 2703 numquid.
1196 2676 1237 2697 io,
1259 2677 1291 2696 11.
1314 2669 1358 2696 A:
1380 2669 1510 2703 turpiter
1530 2669 1613 2703 cqui-

295 2701 424 2728 vocavit.
516 2709 554 2728 12.
574 2701 603 2728 A
629 2700 659 2728 iu
686 2709 800 2736 marg:
830 2702 879 2729 Ad
901 2703 973 2738 quid
996 2703 1079 2730 utilis
1100 2703 1139 2730 sit
1157 2702 1320 2730 Nicodemi
1343 2704 1476 2732 ruditas:
1507 2703 1546 2730 ib.
1568 2704 1612 2730 A:

294 2735 542 2771 contemptenda.
629 2743 669 2770 14.
690 2736 719 2762 A
739 2736 769 2763 in
790 2744 903 2772 marga
926 2737 1078 2764 Nativitas
1099 2737 1228 2773 duplex:
1251 2738 1273 2765 Β
1294 2738 1323 2765 in
1345 2746 1458 2771 marga
1481 2738 1613 2764 Attouda:

296 2770 379 2797 bene.
455 2770 495 2797 16.
518 2771 562 2798 A:
585 2775 715 2805 prosunt
735 2770 844 2798 eidem.
920 2780 957 2807 17.
979 2773 1022 2799 A:
1046 2772 1089 2799 sic
1110 2772 1202 2799 enim.
1272 2781 1312 2804 io.
1335 2773 1377 2799 A:
1401 2781 1459 2799 uon
1481 2772 1611 2807 oportet.

295 2813 341 2832 20.
364 2805 401 2832 B:
423 2804 472 2832 ille
494 2805 641 2840 regiosus.
703 2813 750 2836 20,
767 2813 805 2832 21.
822 2806 859 2832 B:
882 2814 937 2844 pro
959 2815 1006 2837 se:
1027 2807 1175 2834 correxit:
1199 2815 1251 2842 per
1272 2806 1319 2841 ἐς
1342 2807 1381 2833 ib,
1405 2808 1425 2834 15
1447 2807 1474 2833 in
1498 2815 1612 2841 marga

295 2839 344 2866 Ad
366 2839 439 2878 quid
460 2840 561 2867 valent
579 2840 688 2867 fratres
709 2844 737 2866 et
757 2840 891 2875 religiom
912 2845 940 2868 et
960 2846 1062 2869 utrum
1084 2842 1213 2869 debeant
1233 2842 1358 2868 destrui.
1439 2841 1481 2870 23.
1504 2850 1549 2875 24.
1572 2841 1612 2868 C:

296 2874 518 2909 hospitulariis.
612 2873 658 2902 30.
673 2875 701 2902 A
721 2875 750 2901 in
773 2883 886 2910 marg:
908 2875 1063 2903 Obicccio.
1086 2885 1104 2904 1.
1178 2876 1217 2904 31.
1239 2876 1278 2903 C:
1300 2876 1450 2904 obiciant:
1478 2876 1516 2903 ib.
1542 2877 1562 2903 Ρ»
1583 2876 1610 2903 in

297 2916 412 2943 marga
435 2909 527 2945 Quod
550 2909 614 2936 sine
635 2909 790 2944 baptismo
810 2910 897 2937 multi
920 2915 989 2938 sunt
1010 2911 1126 2938 salvati.
1200 2910 1244 2938 33.
1264 2912 1292 2938 A
1313 2911 1341 2937 in
1364 2919 1476 2946 marg:
1498 2919 1522 2937 2.
