2017 3353
215 268 294 314 364
797 273 1020 305 JOHANNIS
1037 272 1223 304 WYCLIF
1241 272 1500 305 SERMONUM
1577 258 1727 316 [SERMO
1747 268 1802 296 Lv

506 380 786 419 condicionem
825 380 975 416 relucet
1013 380 1186 428 quedam
1226 376 1463 415 excellencia
1502 377 1718 426 dignitatis,
1758 377 1814 415 sic

502 440 543 476 in
587 438 767 488 quolibet
812 450 954 486 genere
997 437 1152 486 peccati
1196 436 1429 484 implicatur
1472 437 1645 485 quedam
1691 437 1814 472 excel-

220 506 288 545 The
309 504 468 551 hypocrite
502 497 631 535 lencia
664 496 893 545 pravitati83
934 505 970 533 et
1009 496 1065 533 sic
1104 504 1147 532 ut
1186 494 1365 531 innuitur
1403 494 1444 530 in
1475 493 1648 542 ypocrisi
1681 493 1813 542 impli—

236 539 460 603 ¹³511¹ffi1g2ffi¹³
502 565 614 593 catur
666 554 904 591 excellencia
957 555 1189 590 detestande
1243 552 1413 589 malicie.
1467 553 1581 589 Unde
1631 551 1814 600 ypocrita

287 610 402 637 beares.
500 624 709 662 tamquam
761 611 964 660 vexilliger
1015 611 1139 660 patris
1193 610 1393 648 mendacii
1445 609 1846 647 contradiccionem5

501 684 577 721 que
601 680 658 708 est
681 670 948 719 expressivum
973 669 1227 706 mendacium
1251 669 1351 717 gerit
1375 669 1594 705 secundum
1626 676 1813 704 naturam

502 729 703 778 duplicem
742 728 783 764 in
821 740 862 765 se
899 727 1007 776 ipso3
1048 727 1144 764 dicit
1184 727 1289 764 enim
1329 726 1567 763 intrinsecus
1604 735 1813 775 tamquam

500 800 697 825 venenum
742 785 1019 823 acutissimum
1066 785 1226 834 dyaboli
1273 784 1571 822 execracionem
1611 785 1679 820 sed
1719 783 1815 820 dicit

502 846 743 883 extrinsecus
782 843 1035 881 sanctitatem
1076 852 1113 880 et
1151 843 1207 880 sic
1245 843 1285 879 in
1322 843 1432 879 omni
1476 843 1580 879 bello
1621 842 1814 890 dyabolus

502 903 670 952 requirit
702 902 927 951 ypocritam
960 911 1169 950 tamquam
1205 901 1389 938 clientem
1412 900 1650 949 precipuum
1683 912 1814 948 pugne
1835 913 1872 934 10

235 966 439 1016 aurisiensis
502 975 583 998 sue.
618 964 666 998 Et
698 961 754 997 sic
782 960 1014 997 parisiensis
1048 968 1258 1008 comparat
1280 959 1504 1007 ypocritam
1538 967 1630 995 octo
1663 958 1812 995 modis:

231 1001 464 1073 tlgnggzgfietztttge
502 1021 587 1067 Est,
610 1019 752 1067 inquit,
777 1026 817 1054 ut
838 1019 956 1055 simea
990 1018 1153 1070 dyaboli
1172 1018 1329 1066 faciens
1360 1017 1411 1052 ad
1442 1017 1502 1053 sui
1532 1016 1812 1067 iugulacionem

502 1079 603 1128 quod
622 1078 704 1128 filii
734 1077 810 1113 Dei
829 1077 987 1126 faciunt
1017 1077 1069 1112 ad
1099 1076 1160 1112 sui
1191 1075 1490 1112 decoracionem.
1516 1076 1630 1111 Unde
1662 1074 1813 1110 Eccles.

267 1138 287 1157 ¹·
309 1137 346 1156 ⁸¹¹
367 1137 434 1164 ³9³⁵
504 1139 552 1182 10,
581 1136 629 1184 37
654 1134 892 1184 precipitur:
927 1135 987 1170 Ne
1013 1135 1065 1171 sis
1089 1133 1279 1185 ypocrita
1312 1133 1348 1169 in
1371 1140 1573 1182 conspectu
1606 1132 1813 1168 hominum.

237 1198 460 1248 q.adungliill
503 1195 678 1231 Secundo
709 1193 899 1244 ypocrita
945 1200 1000 1229 est
1043 1192 1323 1241 sterquilinium
1369 1191 1453 1227 nive
1496 1197 1732 1240 coopertum,
1776 1189 1872 1225 ini}

239 1233 464 1304 ⁹⁰⁸{ss‡{,-}⁸¹tl¹
504 1265 584 1301 quo
623 1260 834 1300 peccantes
873 1249 1097 1299 improvide
1137 1251 1436 1297 demerguntur.
1489 1249 1604 1285 Unde
1647 1247 1814 1285 Matthei

503 1312 637 1356 XXIII,
674 1320 724 1358 27
761 1308 856 1346 dicit
890 1309 1070 1345 Christus
1098 1308 1304 1358 phariseos
1333 1307 1547 1359 ypocritas
1578 1319 1659 1343 esse
1689 1306 1815 1355 sepul-

503 1382 570 1406 cra
603 1368 777 1405 exterius
809 1368 998 1413 dealbata,
1032 1366 1193 1403 interius
1224 1378 1315 1402 vero
1340 1366 1457 1415 plena
1491 1365 1637 1401 ossibus
1669 1371 1815 1400 mortu-

213 1431 480 1496 cleghgdvgiiigide
503 1440 627 1463 orum.
668 1426 804 1462 Tercio
842 1433 897 1462 est
935 1425 1071 1461 similis
1104 1424 1187 1460 vasi
1217 1424 1390 1460 exterius
1419 1431 1592 1473 purgato
1623 1423 1691 1459 sea'
1723 1422 1815 1458 inte-

307 1501 391 1538 only,
503 1498 584 1521 rius
626 1484 808 1529 sordido;
850 1483 941 1519 ideo
979 1482 1161 1519 Christus
1212 1482 1401 1530 reprobat
1452 1481 1671 1529 phariseos,
1723 1479 1816 1528 quia
1833 1492 1875 1513 20

503 1542 820 1580 mundificabant
859 1542 967 1590 quod
1006 1540 1101 1577 foris
1142 1548 1199 1576 est
1239 1549 1276 1576 et
1308 1539 1576 1576 immundicias
1615 1538 1816 1575 intraneas

504 1600 797 1649 derelinquunt.

258 1674 288 1700 4.
311 1674 326 1692 a
347 1672 444 1699 swan,
568 1660 718 1704 Quarto
755 1657 892 1694 similis
923 1664 978 1693 est
1010 1656 1123 1706 cigno
1163 1656 1197 1692 in
1232 1655 1371 1705 pennis
1408 1656 1460 1691 ad
1491 1662 1606 1691 extra
1639 1654 1817 1697 candido,

503 1718 571 1754 secl
609 1716 764 1753 habenti
799 1715 960 1752 interius
997 1727 1135 1751 carnes
1172 1714 1321 1764 nigras.
1356 1715 1405 1749 Et
1438 1714 1488 1749 ad
1521 1714 1625 1749 hunc
1657 1724 1816 1748 sensum

504 1774 725 1824 precipitur
764 1772 1068 1810 Deuteronomii
1107 1773 1246 1817 XXIIO,
1294 1784 1354 1808 11:
1388 1772 1475 1807 Non
1514 1771 1686 1807 indueris
1719 1777 1818 1806 veste
1835 1771 1876 1804 25

506 1846 576 1883 que
613 1845 664 1869 ex
702 1833 789 1868 lana
830 1832 979 1880 linoque
1011 1838 1191 1867 contexta
1225 1837 1292 1866 est.
1332 1831 1406 1866 Per
1438 1828 1564 1865 linum
1599 1825 1725 1880 (quod
1760 1836 1817 1864 est

506 1889 706 1941 subtilius)
758 1889 1028 1938 cogitaciones
1077 1887 1297 1937 ypocritice
1348 1887 1583 1935 figurantur,
1630 1887 1699 1923 sed
1749 1898 1818 1934 per

507 1950 640 1986 lanam
674 1950 766 1997 <que
800 1956 858 1985 est
891 1944 1000 1999 alba)
1035 1959 1157 1995 opera
1191 1945 1393 1982 contraria
1427 1946 1681 1982 denotantur.

241 2002 265 2030 5·
286 2011 323 2030 ²¹¹¹
346 2001 473 2038 ostrich,
571 2007 714 2057 Qcinto
744 2006 934 2058 ypocrita
972 2005 1167 2042 similatur
1197 2003 1406 2040 strutlzioni
1436 2004 1499 2052 qui
1534 2003 1646 2039 liabet
1672 2014 1820 2051 pennas

507 2078 552 2102 ac
585 2066 619 2102 si
651 2065 784 2101 volare
811 2064 957 2114 poterit
987 2064 1054 2099 sed
1086 2075 1203 2111 neque
1224 2062 1368 2111 appetit
1389 2073 1506 2110 neque
1532 2068 1671 2110 potest.
1706 2060 1819 2096 Unde
1837 2061 1879 2094 30

507 2125 581 2160 Job
625 2124 818 2168 XXXIXO,
860 2122 926 2158 13:
976 2120 1213 2157 Strutlzionis
1256 2132 1382 2169 penna
1426 2119 1562 2155 sinu'lis
1605 2125 1660 2155 est
1697 2129 1822 2167 penne

507 2181 659 2218 herodii
688 2189 723 2217 et
754 2180 961 2229 accipitris,
995 2179 1146 2228 quaudo
1171 2177 1398 2226 derelinquit
1428 2189 1498 2212 ova
1531 2189 1598 2212 sua
1632 2176 1667 2211 iu
1700 2183 1820 2212 terra.
1840 2202 1901 2234 Fol

516 2239 708 2288 Ypocrita,
746 2237 888 2286 inquit,
929 2250 998 2273 ova
1042 2249 1111 2273 sua
1156 2236 1192 2272 in
1231 2243 1338 2272 terra
1367 2230 1372 2288 Ι
1402 2235 1592 2283 relinquit,
1639 2234 1729 2269 dum
1773 2225 1921 2280 eng221

509 2297 687 2346 operibus
723 2296 802 2332 suis
839 2296 961 2332 solam
1000 2294 1214 2331 mercedem
1247 2301 1442 2329 terrenam
1475 2292 1610 2341 querit.
1650 2293 1698 2327 Et
1731 2290 1822 2327 hinc

508 2354 714 2402 figurative
753 2353 1018 2401 prohibentur
1056 2350 1220 2388 Levitici
1259 2352 1330 2386 XIo
1372 2350 1531 2398 cignum
1579 2359 1615 2386 et
1659 2347 1823 2385 struthi·
1839 2351 1879 2385 35

508 2425 626 2450 onem
680 2413 904 2448 comedere.
959 2412 1007 2447 Et
1061 2409 1154 2446 hinc
1207 2408 1373 2445 Matthei
1424 2410 1510 2454 VIO,
1565 2418 1586 2444 2
1641 2406 1822 2444 Christus

579 2567 608 2593 4.
631 2558 659 2586 A
679 2557 710 2585 in
733 2565 848 2596 marg:
869 2556 1040 2592 Ypocrisis.
1098 2556 1126 2582 6.
1149 2555 1192 2582 A:
1215 2559 1259 2582 est
1281 2555 1374 2581 deest.
1437 2562 1465 2590 9.
1488 2555 1533 2582 A:
1554 2553 1679 2581 diaboli.
1737 2560 1774 2580 12.
1797 2553 1824 2580 A

512 2602 539 2621 {n
562 2601 676 2627 marga
700 2601 727 2626 1:
759 2592 781 2619 B
802 2600 832 2619 m
854 2599 968 2626 marg:
990 2590 1133 2625 Ypocrita
1155 2590 1248 2617 simeo
1269 2589 1383 2616 diaboli
1404 2592 1612 2624 comparatur.
1686 2587 1723 2615 15.
1745 2588 1773 2614 A
1793 2587 1823 2614 in

511 2636 625 2663 marga
649 2636 675 2654 2.
750 2635 792 2662 19.
815 2627 844 2654 A
863 2625 893 2653 in
916 2633 1030 2657 maren:
1053 2624 1078 2652 3.
1158 2624 1200 2651 23.
1222 2625 1251 2651 A
1271 2624 1301 2651 in
1322 2632 1437 2659 marg:
1457 2633 1487 2658 4.
1567 2623 1610 2651 25.
1631 2624 1674 2650 A:
1696 2627 1823 2649 vestem.

511 2663 558 2690 26.
582 2663 621 2690 C:
643 2670 701 2698 que
722 2661 817 2688 deest.
919 2668 963 2696 27.
985 2654 1052 2687 BC:
1075 2660 1255 2696 rogaciones
1276 2658 1414 2694 ypocrite
1436 2658 1459 2685 si
1485 2662 1606 2685 namur.
1709 2664 1757 2691 29.
1779 2657 1823 2684 A:

514 2698 676 2725 simulatur
697 2695 881 2725 struccioni:
903 2695 941 2723 B:
964 2694 1120 2723 struconi:
1142 2694 1182 2721 C:
1205 2693 1331 2721 strucio.
1404 2691 1448 2720 32.
1496 2692 1535 2720 C:
1557 2693 1608 2728 qui
1629 2690 1822 2728 derelinquit.

513 2732 559 2766 34.
581 2732 619 2759 B:
641 2731 764 2765 opibus.
851 2729 894 2758 35.
917 2729 982 2757 BC:
1005 2729 1223 2764 prohibemur:
1254 2728 1294 2755 ib.
1317 2728 1360 2755 A:
1382 2727 1438 2755 XII
1458 2727 1551 2754 deest.
1638 2725 1684 2754 3o.
1706 2725 1823 2753 Codd.:

514 2766 638 2794 Matthei
659 2766 727 2794 VII.
749 2764 887 2793 Correxi.

588 2859 637 2881 ¹1.
657 2851 710 2881 An
728 2848 906 2881 Johannes
925 2845 1149 2879 Parisiensis}
1176 2845 1228 2878 Cf.
1253 2844 1441 2885 Fabricius,
1468 2843 1685 2876 Bibliotheca
1703 2842 1823 2875 Latina

512 2895 648 2928 mediae
674 2902 707 2926 et
734 2893 874 2926 infimae
901 2893 1021 2926 aetatis
1047 2893 1104 2933 IV,
1132 2892 1208 2936 396.
