2017 3353
205 969 336 997 Clirist's
349 968 477 1007 anguish

252 1004 340 1031 made
360 1003 433 1031 Hlm

205 1040 298 1075 spe-al<
316 1040 345 1066 in
366 1039 478 1065 broken

275 1075 413 1110 phrases.

227 2134 358 2163 Christ⁷s
379 2133 483 2161 hatred

260 2170 294 2198 of
311 2169 450 2205 Simony.

787 267 1009 300 JOHANNIS
1027 267 1210 299 WYCLIF
1231 264 1488 297 SERMONUM
1535 250 1686 308 [SERMO
1707 261 1799 289 XLII.

490 375 714 413 necessaria
747 388 820 423 pro
853 375 1007 419 eodem,
1048 372 1141 421 quia
1186 372 1300 409 aliter
1344 372 1405 407 vel
1443 373 1548 407 Deus
1592 371 1805 419 impotens,

490 434 669 471 invidens
700 434 762 469 vel
805 432 1038 480 imprudens
1079 439 1190 467 esset.
1226 431 1302 467 Sed
1349 432 1453 465 Deus
1499 428 1607 465 dedit
1651 428 1808 476 regibus

490 501 731 542 potestatem
756 492 806 527 ad
838 489 949 538 regni
981 489 1251 537 gubernacula
1283 489 1503 524 secundum
1531 499 1643 523 suam
1667 487 1807 534 legem-

491 563 584 599 ergo
609 549 718 586 dedit
738 548 815 584 illis
831 547 967 584 omnia
990 547 1214 583 necessaria
1238 544 1529 594 consequencia
1552 546 1602 581 ad
1627 546 1807 581 eandem.

492 610 569 646 Sed
592 606 831 656 potestative
864 618 980 654 agere
1014 614 1154 642 contra
1185 605 1306 641 falsos
1339 604 1556 652 prophetas
1590 611 1627 639 et
1659 602 1843 639 scribas5

492 676 549 704 est
572 666 614 702 in
638 678 732 702 casu
753 662 1096 713 pernecessarium
1113 664 1162 699 ad
1187 662 1364 711 regimen
1387 661 1498 710 regni
1514 660 1609 707 dati,
1626 673 1719 708 ergo
1735 661 1810 696 hoc

493 734 550 762 est
574 735 807 761 concessum
841 735 863 758 a
886 724 970 758 Deo
995 721 1088 769 regi.
1123 720 1188 758 Sic
1218 720 1322 757 enim
1345 719 1459 756 Titus
1483 728 1520 756 et
1541 718 1810 767 Vespasianus

494 784 720 820 habuerunt
737 782 861 817 XLIIO
885 792 990 817 anno
1014 787 1103 828 post
1127 778 1402 816 ascensionem
1426 776 1591 814 Domini
1614 790 1636 814 a
1651 776 1810 813 Christo

493 848 735 890 potestatem
787 846 825 875 et
866 838 1113 875 voluntatem
1165 838 1394 874 sacerdotes
1445 845 1482 872 et
1531 835 1727 884 populum
1772 834 1812 870 in

492 898 714 936 Jerusalem
747 895 977 933 destruendi
1011 892 1071 949 (ut
1104 896 1369 943 prophetatur
1402 896 1507 930 Luce
1539 895 1675 938 X1X0).
1833 905 1871 927 10

552 957 667 994 Unde
690 955 934 992 attendendo
958 955 1009 990 ad
1029 954 1185 990 literam
1204 953 1384 990 Christus
1407 952 1502 988 dixit
1523 964 1635 988 suam
1658 960 1812 987 senten-

495 1015 598 1052 ciam
619 1014 861 1061 interrupte3
885 1025 978 1048 nam
998 1024 1112 1048 amor
1132 1020 1168 1047 et
1187 1012 1302 1047 dolor
1319 1010 1470 1047 faciunt
1488 1011 1596 1059 quod
1615 1008 1813 1057 scriptura

495 1085 609 1110 sacra
647 1071 703 1108 sic
742 1070 939 1119 loquitur:
981 1071 1034 1117 Si,
1073 1069 1214 1117 inquit,
1255 1069 1502 1119 cognovisses
1539 1075 1575 1104 et
1611 1075 1650 1103 tu
1677 1067 1814 1118 fleres,

496 1131 637 1180 supple
677 1129 1021 1178 quemadmodum
1062 1140 1134 1175 ego
1174 1127 1264 1173 fleo,
1306 1134 1341 1163 et
1379 1126 1529 1175 quidem
1570 1126 1606 1161 in
1645 1126 1717 1161 hac
1756 1125 1815 1160 die

498 1197 561 1226 tua
587 1201 665 1237 qua
688 1190 794 1224 Deus
819 1196 855 1223 et
880 1188 1002 1222 homo
1026 1198 1166 1234 pacem
1200 1184 1272 1221 tibi
1303 1183 1477 1221 visitavit
1511 1192 1547 1220 et
1579 1183 1671 1220 fecit
1703 1182 1816 1231 signa
1836 1185 1872 1216 15

496 1248 675 1284 futurum
709 1245 860 1282 malum
894 1243 1140 1289 indicancia;
1173 1244 1241 1280 sed
1275 1242 1368 1291 quia
1400 1242 1622 1278 abscondita
1654 1249 1742 1278 sunt
1770 1241 1815 1276 ab

498 1305 617 1342 oculis
639 1304 725 1351 tuis,
748 1303 838 1339 ideo
862 1302 964 1339 sicut
985 1301 1131 1339 vitulus
1156 1303 1298 1338 ductus
1321 1302 1370 1337 ad
1393 1299 1598 1337 victimam
1621 1312 1702 1335 non
1726 1299 1814 1343 fles:

499 1364 612 1400 modo
645 1362 804 1409 venient,
836 1360 978 1409 inquit,
1013 1360 1093 1396 dies
1125 1359 1160 1395 in
1200 1367 1235 1395 te
1277 1358 1318 1395 in
1363 1358 1505 1407 quibus
1548 1357 1817 1394 vindicabitur

500 1429 710 1470 peccatum
745 1420 853 1467 quod
886 1418 926 1454 in
960 1430 1022 1454 me
1066 1417 1198 1463 facies,
1245 1426 1282 1453 et
1313 1416 1427 1452 Titus
1471 1429 1515 1452 ac
1547 1415 1816 1464 Vespasianus

499 1488 614 1528 pater
646 1487 683 1514 et
715 1476 819 1513 filius
852 1476 919 1525 qui
951 1475 1265 1512 inimicabuntur
1297 1474 1369 1510 tibi
1402 1474 1694 1510 circumdabunt
1717 1481 1751 1509 te
1783 1480 1817 1509 et
1833 1485 1875 1506 20

501 1536 810 1588 coangustabunt
841 1535 1006 1583 undique
1038 1542 1253 1581 postquam
1287 1531 1555 1569 communitas
1600 1541 1668 1567 tua
1700 1531 1817 1567 fuerit

502 1596 542 1632 in
573 1594 793 1631 Jerusalem
828 1592 891 1628 die
924 1592 1086 1628 Pasche.
1131 1593 1180 1627 Et
1213 1591 1268 1627 sic
1312 1603 1382 1639 per
1426 1589 1677 1626 obsidionem
1722 1588 1817 1625 satis

503 1661 713 1702 angustam
735 1650 894 1699 capient
916 1649 1117 1686 civitatem
1143 1658 1179 1685 et
1198 1656 1448 1698 prosternent
1470 1649 1521 1683 ad
1547 1655 1693 1684 terram
1718 1647 1818 1684 sicut

503 1721 540 1749 et
558 1711 660 1748 cives
685 1709 780 1755 eius,
806 1717 842 1744 et
858 1707 1079 1744 mutabitur
1097 1708 1207 1744 locus
1224 1706 1407 1752 civitatis,
1430 1719 1476 1743 eo
1492 1707 1599 1754 quod
1616 1718 1688 1741 non
1704 1705 1818 1741 relin-

504 1776 641 1819 quetur
656 1768 754 1818 Iapis
768 1779 886 1816 super
901 1766 1241 1816 Iapidempropter
1257 1766 1333 1801 hoc
1347 1773 1557 1813 peccatum
1574 1765 1681 1812 quod
1692 1765 1819 1799 Deum
1837 1764 1876 1796 25

506 1837 544 1864 et
577 1825 782 1863 hominem
816 1824 1022 1861 occideras
1053 1823 1352 1860 vindicandum.
1387 1825 1500 1859 Patet
1525 1821 1671 1859 veritas
1704 1821 1820 1857 huius

504 1884 669 1922 historie
702 1895 773 1932 per
804 1883 1035 1931 Yosephum
1068 1881 1108 1917 in
1141 1881 1277 1917 libello
1309 1893 1381 1917 suo
1415 1882 1462 1917 de
1493 1880 1598 1916 bello
1625 1879 1818 1916 Yudaico.

563 1944 655 1979 ldeo
679 1939 908 1990 ingrediens
930 1940 971 1976 in
992 1940 1204 1988 templum,
1228 1939 1296 1976 ubi
1311 1938 1385 1975 fuit
1407 1938 1520 1986 origo
1543 1937 1656 1974 istius
1673 1936 1819 1981 delicti,

506 2000 619 2038 eiecit
670 2007 893 2036 mercantes
943 1998 983 2034 in
1027 1997 1109 2044 illo,
1156 1997 1196 2033 in
1240 1997 1396 2045 signum
1441 1997 1549 2045 quod
1599 2003 1821 2032 mercantes

506 2057 735 2107 symoniace
774 2057 815 2093 in
853 2055 1020 2092 ecclesia
1064 2057 1208 2092 debent
1251 2055 1306 2091 sic
1348 2054 1433 2091 eici.
1472 2055 1635 2100 Domus,
1680 2052 1821 2101 inquit,
1839 2055 1879 2087 30

507 2117 666 2153 Domini
708 2115 950 2151 oracionibus
994 2114 1102 2150 debet
1144 2113 1339 2163 adaptari,
1390 2111 1483 2161 quia
1525 2110 1599 2148 viri
1644 2112 1823 2159 specula-

507 2174 577 2212 tivi
619 2187 701 2210 non
745 2172 943 2220 sapientes
988 2171 1218 2220 symoniace
1262 2172 1333 2207 hec
1383 2179 1541 2206 terrena
1592 2170 1735 2205 debent
1785 2168 1824 2203 in

509 2231 675 2270 ecclesia
724 2229 938 2279 presidere.
997 2230 1074 2266 Sed
1129 2241 1196 2266 vos
1244 2240 1430 2276 perverso
1485 2227 1626 2263 ordine
1670 2226 1825 2276 fecistis

508 2291 615 2326 illam
648 2289 869 2339 speluncam
904 2288 1112 2331 latronum,
1157 2288 1251 2322 dum
1286 2287 1420 2322 colore
1464 2284 1685 2322 sanctitatis
1727 2296 1824 2332 ypo-

509 2347 646 2385 critice
677 2347 837 2394 ignaros
871 2354 907 2381 et
943 2344 1144 2393 simplices
1189 2346 1236 2380 de
1277 2343 1566 2391 temporalibus
1609 2341 1822 2390 spoliastis.
1841 2343 1880 2376 35

510 2407 602 2443 Ideo
635 2404 763 2441 fuistis
798 2404 973 2440 latrones
1018 2402 1195 2450 duplices
1241 2411 1277 2438 et
1322 2403 1464 2438 domus
1507 2410 1638 2437 vestra
1683 2408 1825 2436 vocata

511 2462 678 2500 ecclesia
711 2470 768 2498 est
801 2461 1003 2497 latronum
1037 2461 1238 2508 spelunca.
1274 2461 1351 2495 Sed
1383 2459 1506 2495 tercio
1551 2458 1644 2507 quia
1682 2470 1824 2506 parum

511 2520 671 2570 proficit
700 2517 988 2556 destruccionis
1012 2517 1157 2554 erroris
1186 2517 1367 2565 incepcio
1396 2517 1471 2553 nisi
1500 2516 1616 2553 fuerit
1641 2524 1825 2552 constans

512 2578 661 2628 incepti
713 2575 981 2615 continuacio.
1041 2577 1132 2612 Ideo
1185 2575 1364 2612 Christus
1398 2582 1483 2611 erat
1535 2575 1673 2611 docens
1724 2574 1826 2610 hanc

584 2732 604 2752 1.
625 2725 669 2751 A:
692 2723 744 2750 dat
763 2723 788 2750 ei
809 2721 980 2749 necessaria
1002 2729 1064 2756 per.
1128 2729 1147 2750 ι,
1163 2729 1187 2748 2.
1209 2722 1254 2748 A:
1275 2724 1354 2747 esset
1374 2720 1455 2747 Deus
1475 2719 1683 2755 omnipotens,
1705 2717 1827 2745 invidus

515 2760 559 2787 vel
580 2758 772 2793 imprudens.
833 2765 864 2791 4.
885 2755 923 2783 B:
946 2755 982 2782 ad
1004 2756 1120 2782 eadem.
1177 2764 1202 2790 7.
1224 2757 1267 2782 A:
1289 2754 1518 2790 Vaspasianus3
1548 2754 1585 2781 B:
1607 2753 1826 2788 Vespcsianus.

515 2794 542 2821 8.
564 2794 608 2821 A:
631 2793 683 2821 XL
703 2800 793 2819 anno.
884 2798 913 2827 9.
933 2791 978 2818 A:
1002 2795 1028 2817 ct
1072 2791 1197 2825 opulum
1220 2790 1313 2816 deest.
1406 2797 1446 2816 10.
1467 2789 1538 2816 AB:
1560 2793 1589 2816 et
1608 2788 1825 2823 prophetatur:

516 2829 557 2856 ib.
571 2829 615 2855 A:
636 2828 718 2855 Luce
737 2826 807 2854 XIX
827 2825 920 2853 deest.
979 2824 1015 2852 15.
1036 2799 1080 2851 [ξε
1103 2825 1138 2851 ad
1162 2833 1278 2860 pacem.
1336 2823 1449 2851 18—20.
1473 2822 1511 2851 C:
1533 2823 1563 2850 in
1584 2823 1696 2857 quibus
1715 2837 1748 2840 —
1769 2822 1826 2848 cir-

517 2862 706 2890 cumdabunt
725 2865 753 2888 te
773 2861 867 2888 deest.
958 2867 1000 2895 19.
1022 2860 1066 2886 A:
1088 2859 1151 2886 Vas
1177 2859 1317 2891 asianus3
1345 2858 1382 2885 B:
1404 2857 1624 2893 Vespesianus.
1715 2855 1758 2883 23.
1780 2857 1824 2883 A:

516 2900 754 2934 prosternerent.
826 2902 871 2930 27.
891 2895 935 2922 A:
956 2893 1080 2930 Joseph.
1171 2893 1196 2921 5.
1217 2894 1262 2921 A:
1283 2892 1506 2928 temporalibus
1526 2891 1714 2927 sophisticis.
