2017 3353
132 1333 207 1364 150⁰

235 255 373 284 SERMO
388 248 475 301 xit]
749 261 891 296 PRIMA
917 261 1041 294 PARS.
1784 259 1832 294 83

237 364 473 412 oppositum
534 364 741 413 signanter
797 376 967 403 vocatur
1023 367 1176 405 stridor
1242 369 1450 416 dencium;
1511 380 1547 407 et

237 421 412 460 finaliter
463 422 561 459 dixit
614 424 727 459 Jesus
779 424 836 460 illi
877 424 984 460 fideli
1018 425 1135 462 militi
1168 427 1280 474 quod
1314 439 1548 476 correspon-

236 481 376 517 denter
422 481 472 517 ad
518 480 638 517 fidem
683 494 798 518 suam
845 483 962 518 debet
1010 483 1255 521 miraculose
1308 485 1385 522 sibi
1437 485 1547 533 fieri3

233 539 341 586 quod
378 547 435 574 est
467 537 632 575 factum.

197 603 214 636 5
291 595 409 632 Circa
474 597 551 633 hoc
611 597 862 645 evangelium
928 597 1139 636 dubitatur
1197 602 1405 648 quomodo
1472 601 1547 639 iste
1579 607 1659 636 How
1678 608 1724 637 far
1744 609 1766 637 it
1786 610 1812 637 is

231 654 414 690 centurio
466 653 612 702 figurat
663 665 814 702 gentes,
868 668 959 692 cum
1012 656 1099 704 pari
1152 657 1358 695 evidencia
1410 669 1545 707 posset
1608 643 1790 707 ‘iffgssffizteff‘

230 711 432 759 scriptura
484 711 718 749 moralizari
769 714 820 749 ad
859 726 1000 750 sensus
1041 715 1289 763 contrarios;
1338 729 1474 764 ymmo
1514 717 1545 754 si
1608 712 1783 750 scripture.

231 781 372 806 sensus
414 770 580 807 moralis
618 770 816 818 scripture
849 771 901 807 sit
945 784 1064 808 sensu
1103 773 1268 811 litterali
1312 775 1544 822 speciosior,

229 826 391 864 videtur
434 828 544 876 quod
589 828 639 865 sit
684 829 812 877 magis
858 829 1089 867 autenticus
1138 840 1175 867 et
1213 831 1255 868 in
1300 833 1546 881 argumentis

178 904 214 925 10
230 885 321 932 plus
368 885 487 921 fidem
527 885 697 933 faciens;
750 888 862 935 quod
918 888 1181 926 confunderet
1219 900 1257 927 et
1301 891 1545 928 scrutinium

229 943 407 980 veritatis
441 953 479 980 et
512 944 810 982 contradiceret
841 945 991 982 sanctis
1028 947 1279 985 doctoribus.

288 1001 363 1038 Hic
407 1001 559 1038 dicitur
601 1003 712 1051 quod
752 1003 1014 1040 moralizacio
1055 1005 1254 1053 scripture
1294 1007 1412 1044 debet
1457 1008 1545 1056 capi

230 1072 320 1095 cum
366 1060 647 1096 moderamine
693 1069 731 1097 et
778 1073 858 1098 non
905 1062 1085 1110 presumi
1130 1063 1209 1100 nisi
1256 1065 1352 1101 dum
1407 1078 1546 1103 secure

230 1126 366 1165 posset
399 1117 489 1154 elici
524 1130 566 1154 ex
599 1118 678 1156 alia
710 1118 908 1166 scriptura
940 1120 1000 1156 vel
1029 1121 1185 1158 eadem.
1222 1124 1272 1159 Et
1300 1122 1356 1159 sic
1379 1124 1547 1160 concedi

175 1176 346 1213 15debet
392 1176 503 1224 quod
548 1176 731 1213 videlicet
765 1176 805 1212 in
844 1178 1094 1226 argumentis
1137 1189 1196 1217 est
1236 1180 1464 1228 preciosius
1508 1182 1546 1218 in

229 1233 537 1270 hortacionibus
561 1247 682 1283 quam
707 1247 847 1271 sensus
873 1236 975 1272 alius
998 1236 1168 1274 literalis
1192 1251 1313 1286 quem
1347 1240 1548 1287 sagaciter

133 1287 206 1318 Fol·
230 1291 454 1328 moralizat.
490 1294 638 1329 Sensus
684 1302 819 1329 tamen
864 1293 1011 1342 aliquis
1040 1292 1044 1346 Ι
1073 1295 1258 1332 litteralis
1299 1306 1358 1333 est
1396 1298 1546 1335 dulcis-

230 1349 369 1396 simus,
412 1350 735 1398 sapientissimus
775 1361 812 1387 et
854 1362 1049 1400 tanquam
1090 1354 1416 1400 preciosissimus
1462 1369 1545 1392 am-
1601 1362 1791 1402 'sheliteral

230 1407 482 1455 plectendus3
522 1421 613 1445 cum
653 1417 788 1446 autern
843 1411 950 1446 Deus
994 1410 1044 1447 sit
1087 1412 1361 1460 omnipotens,
1415 1414 1544 1450 omni·
1586 1406 1731 1459 sensgesits'
1759 1398 1807 1424 me

171 1483 212 1503 20
229 1465 357 1502 sciens
402 1475 439 1502 et
486 1476 629 1504 cuncta
674 1468 808 1504 futura
853 1468 1059 1516 ordinans,
1095 1479 1204 1517 patet
1249 1472 1358 1519 quod
1403 1485 1544 1520 quam—

227 1536 386 1572 cunque
419 1525 626 1562 veritatem
664 1526 860 1562 moralem
899 1527 960 1563 vel
999 1527 1121 1564 aliam
1156 1529 1245 1577 quis
1279 1529 1462 1568 elicuerit
1502 1544 1545 1567 ex

227 1581 441 1629 scriptura,
476 1583 651 1631 Spiritus
685 1585 858 1620 Sanctus
892 1584 1092 1632 scripture
1126 1599 1194 1623 sue
1228 1587 1392 1624 ordinat
1422 1589 1539 1624 istum

228 1652 404 1686 sensum,
446 1651 483 1678 et
523 1641 578 1678 sic
620 1654 699 1677 non
734 1641 884 1678 directe
916 1643 977 1679 vel
1010 1656 1081 1691 per
1114 1657 1154 1681 se
1188 1654 1247 1681 est
1280 1658 1422 1682 sensus
1456 1660 1543 1683 mo-

228 1698 321 1734 ralis
355 1699 582 1736 autenticus
622 1708 775 1748 quanto
827 1700 930 1747 talis,
973 1702 1068 1749 quia
1108 1712 1205 1739 tunc
1237 1704 1370 1740 omnis
1404 1717 1543 1741 sensus

171 1756 394 1793 25m0ralis
427 1757 529 1794 foret
564 1757 791 1794 autenticus
837 1767 874 1794 et
918 1759 1134 1797 cuiuslibet
1174 1761 1353 1798 doctoris
1382 1763 1543 1800 morali-

228 1814 338 1850 zacio
372 1827 473 1862 eque
512 1815 718 1852 autentica
759 1826 803 1852 ut
841 1816 1055 1864 scriptura.
1093 1820 1194 1855 Cum
1234 1832 1328 1867 ergo
1370 1821 1543 1869 Spiritus

228 1873 398 1908 Sanctus
444 1873 551 1910 ultra
598 1873 864 1921 philosophos
909 1885 1051 1913 onerat
1090 1876 1216 1925 legem
1257 1890 1369 1914 suam
1410 1880 1543 1916 multi-

227 1930 346 1966 formi
379 1931 598 1977 sentencia,
634 1940 743 1980 patet
775 1933 885 1979 quod
917 1946 1203 1983 quamcunque
1225 1948 1359 1972 veram
1385 1947 1543 1974 senten-

227 1988 329 2025 ciam
364 1989 454 2037 quis
479 1999 522 2025 ex
545 1989 621 2026 fide
645 1990 842 2038 scripture
865 1990 986 2028 sciret
1009 1991 1166 2039 elicere,
1201 1994 1273 2030 hec
1298 2004 1357 2030 est
1378 1994 1543 2032 indubie

171 2050 366 2083 3osensus
412 2047 509 2084 eius.
565 2047 637 2084 Cui
683 2060 777 2097 ergo
828 2049 985 2086 veritati
1038 2051 1197 2088 obesset
1250 2053 1360 2100 quod
1412 2053 1542 2090 dictus

227 2105 408 2141 centurio
474 2118 594 2154 quem
653 2106 854 2143 Dominus
907 2107 963 2144 sic
1016 2111 1276 2147 commendat
1330 2111 1541 2148 ecclesiam

226 2162 412 2210 gencium
447 2163 649 2212 figuraret,
689 2177 781 2201 cum
822 2165 990 2213 quilibet
1030 2166 1177 2215 figurat
1209 2168 1421 2217 quodlibet
1462 2169 1542 2206 sive

228 2221 383 2269 signat?

284 2281 333 2315 Et
378 2288 488 2327 patet
532 2281 642 2328 quod
682 2280 883 2329 scriptura
930 2295 1012 2319 non
1057 2283 1176 2320 debet
1220 2284 1453 2322 moralizari
1491 2286 1542 2324 ad

170 2341 210 2374 35
227 2349 368 2373 sensus
414 2338 640 2375 contrarios
685 2340 753 2375 sed
793 2352 933 2376 sensus
972 2340 1069 2378 satis
1109 2341 1290 2390 dispares
1329 2352 1366 2380 et
1409 2356 1540 2380 veros.

229 2397 277 2431 Et
310 2397 517 2443 quomodo
551 2409 689 2433 sensus
723 2398 887 2434 moralis
911 2398 1030 2435 fidem
1054 2399 1186 2446 faciet,
1210 2409 1321 2448 patet
1344 2414 1388 2438 ex
1411 2401 1540 2438 dictis.

227 2454 315 2489 Hoc
348 2453 454 2490 enirn
487 2453 583 2491 facit
616 2455 764 2492 virtute
797 2456 996 2504 scripture
1024 2457 1187 2495 alterius
1211 2459 1251 2495 in
1274 2472 1354 2508 qua
1377 2460 1541 2496 morali-

226 2521 315 2548 zata
364 2512 568 2550 sentencia
613 2522 671 2550 est
722 2513 941 2566 fundanda,
993 2525 1031 2552 et
1084 2516 1139 2553 sic
1190 2516 1359 2566 intelligi
1409 2526 1543 2566 potest

297 2681 322 2710 5.
343 2682 371 2709 A
392 2682 422 2710 in
445 2690 560 2717 marga
583 2682 736 2718 Dubium;
757 2683 779 2710 B
800 2684 831 2712 in
853 2692 971 2719 marg:
992 2684 1132 2720 Questio.
1219 2686 1249 2719 6,
1271 2695 1297 2722 7.
1317 2687 1364 2715 A:
1385 2687 1539 2723 scripture

229 2721 344 2750 posset.
447 2716 474 2745 8.
496 2717 565 2746 BC:
587 2719 768 2753 preciosior.
873 2727 914 2748 10.
935 2719 1003 2748 BC:
1024 2725 1053 2747 et
1073 2721 1168 2749 deest.
1261 2729 1299 2749 12.
1320 2723 1350 2749 A
1369 2722 1399 2749 in
1421 2730 1537 2762 marg:

228 2752 414 2785 Responsio3
436 2751 457 2778 B
483 2752 514 2779 in
541 2761 657 2787 marg-z
684 2752 820 2781 Solucio.
842 2753 930 2781 Unde
956 2755 1025 2790 capi
1045 2755 1136 2783 debet
1156 2756 1308 2791 scripture
1329 2757 1538 2784 moralizacio.

229 2785 264 2813 15.
288 2786 326 2813 C:
350 2788 537 2821 pretensius.
640 2795 683 2815 22.
706 2788 728 2815 Β
752 2788 782 2815 in
804 2796 920 2824 marg:
944 2790 1056 2817 Omnis
1076 2791 1189 2818 veritas
1209 2792 1362 2826 scripture
1385 2799 1400 2818 a
1420 2790 1538 2827 Spiritu

232 2821 347 2848 Sancto
367 2827 423 2849 est.
513 2821 555 2848 23.
578 2823 622 2850 A:
645 2830 708 2850 non
730 2824 825 2850 deest.
899 2831 946 2859 24.
968 2824 1037 2852 BC:
1058 2831 1174 2861 quanto
1195 2842 1227 2845 —
1246 2826 1420 2854 autenticus
1442 2827 1538 2854 deest.

230 2856 274 2883 26.
297 2857 345 2884 A:
366 2857 394 2883 in
416 2856 578 2892 scriptura.
653 2864 699 2892 20.
721 2858 765 2885 A:
788 2858 866 2886 scire
889 2859 1008 2896 elicere,
1030 2860 1099 2887 hoc.
1173 2861 1210 2888 31.
1234 2862 1279 2887 A:
1300 2869 1357 2896 que
1373 2861 1538 2888 Dominus.

228 2888 271 2917 32.
291 2891 333 2917 A:
358 2890 468 2926 figurat
487 2891 625 2927 quilibet.
711 2891 753 2920 33.
777 2893 812 2919 B:
839 2893 1000 2927 significat.
1074 2894 1114 2923 35.
1136 2897 1181 2923 A:
1203 2896 1374 2930 dispersos.

1358 2943 1401 2976 ὁδε
