2017 3353
183 288 261 324 288
768 289 992 322 JOHANNIS
1013 289 1194 321 WYCLIF
1214 289 1470 322 SERMONUM
1506 275 1657 333 [SERMO
1680 285 1785 314 XLIII.

469 405 581 433 tanto
626 395 841 444 copiosius,
886 404 997 444 patet
1036 397 1397 443 correspondentes
1441 396 1549 443 quod
1595 394 1786 431 humilior

468 463 506 490 et
543 459 680 493 centro
719 453 957 490 humilitatis
997 453 1263 502 propinquior
1301 455 1437 490 lumen
1475 452 1606 501 gracie
1645 452 1786 501 recipit

469 512 669 561 copiosius
703 525 725 548 a
757 520 870 560 patre
903 511 1115 557 luminum,
1150 511 1242 560 quia
1273 524 1343 560 per
1366 512 1482 559 plura
1505 510 1637 547 media
1661 511 1787 547 diver-

467 583 601 606 sarum
636 570 962 618 dyafaneytatum
996 578 1033 605 et
1066 581 1136 617 per
1168 570 1301 617 plures
1334 568 1554 606 fracciones
1588 568 1788 616 colligitur

467 628 542 664 sibi
575 628 710 664 lumen
743 627 874 675 gracie
908 626 1110 675 copiosius
1134 636 1170 663 et
1193 640 1263 675 per
1287 639 1535 675 consequens
1559 626 1788 663 meritorius
1805 629 1821 662 5

468 688 518 723 ad
551 687 764 734 agendum.
799 687 848 721 Et
880 685 936 721 sic
969 684 1173 721 humilitas
1207 698 1282 733 que
1313 685 1582 722 contrariatur
1605 684 1789 733 superbie

468 745 602 793 quoad
635 756 758 792 genus
791 751 922 791 potest
956 743 1033 779 dici
1066 751 1194 779 mater
1225 743 1432 789 virtutum,
1467 743 1569 779 sicut
1601 742 1789 790 superbia

469 811 526 838 est
570 801 736 838 inicium
780 801 961 838 omnium
1008 800 1179 837 aliorum
1224 810 1497 850 peccatorum.
1553 800 1629 846 Qui
1683 800 1787 836 enim

470 869 578 897 caret
610 859 798 908 superbia
831 868 888 896 est
921 860 1094 895 mundus
1126 872 1149 895 a
1181 859 1360 896 crimine.

202 934 269 962 The
290 932 431 960 Pharisee
527 917 744 966 Supposita
776 917 923 966 triplici
957 916 1151 954 divisione
1184 917 1300 953 huius
1324 916 1516 965 evangelii
1539 917 1589 953 ad
1612 916 1788 953 litteram
1809 929 1847 951 10

198 967 441 1005 representsthe
469 978 527 1023 (ut
564 976 605 1012 in
642 975 842 1024 principio
879 983 1065 1012 notatum
1105 976 1194 1022 est),
1234 975 1389 1011 videtur
1428 976 1537 1024 quod
1580 974 1789 1023 phariseus

196 1013 240 1025 wo
276 1012 309 1030 ι·
357 1011 363 1015 ·
397 1010 446 1031 >s

189 1002 424 1073 ιῖῧὲιῖῠιυὲἱιίἓέἰῐ
469 1034 542 1070 iste
575 1034 720 1082 figurat
752 1046 1013 1082 quoscunque
1044 1033 1252 1081 religiosos
1284 1033 1460 1081 privatos
1494 1042 1530 1069 et
1553 1032 1790 1080 publicanus

232 1074 407 1137 cliiiigtli'ziiis,
470 1092 570 1129 alios
603 1091 852 1140 quiescentes
884 1092 925 1127 in
948 1091 1140 1139 religione
1163 1091 1335 1139 simplici
1360 1091 1590 1127 christiana.
1622 1090 1790 1127 Videtur

471 1150 575 1187 enim
610 1151 717 1198 quod
751 1162 890 1186 omnes
925 1150 973 1186 de
1006 1149 1264 1197 religionibus
1288 1149 1371 1185 istis
1394 1149 1558 1197 privatis
1581 1157 1789 1197 tamquam

469 1208 644 1257 pharisei
667 1209 887 1244 secundum
911 1207 1291 1255 interpretacionem
1316 1207 1491 1244 nominis
1509 1215 1600 1243 sunt
1614 1205 1788 1254 superbi.
1811 1209 1847 1242 15

470 1266 681 1303 Phariseus
726 1265 832 1303 enim
872 1265 945 1302 iste
984 1265 1080 1302 dicit
1118 1265 1312 1314 implicite
1353 1266 1414 1302 vel
1458 1277 1638 1313 expresse
1683 1265 1792 1313 quod

472 1324 625 1361 excedit
663 1324 762 1361 alios
803 1324 843 1360 in
874 1323 1033 1360 virtute.
1068 1326 1116 1359 Et
1150 1333 1431 1372 argumentum
1465 1323 1582 1359 huius
1616 1331 1673 1359 est
1706 1335 1792 1359 cor-

471 1382 621 1431 poralis
666 1381 825 1419 habitus
868 1382 929 1418 vel
974 1381 1052 1418 alia
1097 1381 1307 1418 distinccio
1336 1378 1340 1436 Ι
1369 1390 1474 1418 secte
1512 1394 1581 1418 sue
1619 1390 1657 1417 et
1700 1393 1790 1417 cum
1808 1361 1888 1438 [1:⁰¹1.

471 1453 563 1489 sepe
597 1439 792 1488 contingit
824 1439 1069 1488 oppositum,
1102 1453 1239 1487 ymmo
1274 1441 1380 1488 quod
1405 1452 1448 1476 ex
1471 1440 1537 1476 illa
1561 1439 1791 1475 differencia

471 1500 548 1535 hoc
586 1499 699 1535 fieret
737 1499 840 1534 foret
880 1497 1143 1546 blasphemia,
1188 1497 1345 1535 videtur
1390 1499 1498 1546 quod
1536 1497 1577 1533 in
1614 1510 1656 1533 re
1695 1496 1790 1533 dicit
1806 1510 1848 1532 20

471 1558 685 1605 superbam
720 1555 1024 1604 blasphemiam,
1056 1564 1093 1592 et
1114 1555 1382 1604 interrogatus
1404 1555 1495 1592 talis
1519 1567 1642 1604 quare
1664 1555 1790 1591 factus

473 1623 530 1651 est
575 1616 622 1650 de
666 1614 736 1650 tali
780 1613 920 1650 ordine
959 1613 1055 1650 dicit
1097 1614 1288 1650 vocaliter
1338 1615 1445 1663 quod
1491 1615 1566 1650 hoc
1610 1613 1700 1649 ideo
1748 1621 1791 1649 ut

470 1673 576 1709 vivat
616 1671 843 1708 meritorius
881 1685 1002 1720 quam
1041 1672 1081 1708 in
1121 1673 1285 1718 mundo,
1319 1680 1356 1708 et
1388 1671 1555 1720 quilibet
1594 1672 1641 1707 de
1685 1679 1792 1707 secta

472 1730 670 1767 stricciori
715 1729 811 1766 dicit
853 1730 1045 1766 vocaliter
1089 1731 1198 1778 quod
1244 1730 1362 1767 istam
1407 1739 1556 1766 sectam
1606 1730 1791 1777 elegerat,

473 1789 567 1837 quia
605 1797 662 1825 est
700 1788 778 1824 alia
816 1797 923 1824 secta
961 1788 1194 1836 perfeccior,
1236 1801 1325 1824 cum
1365 1787 1484 1824 nimis
1517 1788 1659 1824 stultus
1691 1787 1794 1823 foret
1810 1790 1849 1823 25

472 1846 504 1883 si
536 1846 578 1883 in
599 1854 798 1895 potestate
822 1846 948 1882 libera
970 1847 1121 1882 habens
1145 1859 1427 1895 quamcunque
1450 1854 1599 1882 sectam
1622 1844 1794 1882 voluerit

473 1913 623 1941 sectam
672 1904 802 1940 minus
846 1906 994 1940 bonam
1042 1903 1203 1952 elegerit
1243 1913 1280 1940 et
1319 1904 1545 1952 specialiter
1585 1905 1632 1939 de
1676 1902 1792 1939 sectis

474 1962 797 1999 Mendicancium
837 1974 913 2011 que
951 1962 1068 1998 sectis
1108 1962 1497 2010 possessionatorum
1537 1970 1629 1998 sunt
1662 1960 1792 1997 minus

473 2029 707 2069 sumptuose
752 2029 788 2056 et
836 2021 894 2068 (ut
938 2029 1095 2056 tenetur
1140 2020 1423 2068 communiter)
1470 2021 1559 2068 plus
1604 2019 1791 2067 perfecte.

475 2081 553 2115 Sed
597 2080 647 2115 ad
692 2079 979 2114 destruendum
1018 2078 1093 2114 ista
1133 2078 1344 2115 mendacia
1382 2079 1530 2114 nedum
1571 2077 1643 2114 iste
1687 2085 1792 2113 secte
1809 2081 1851 2113 30

474 2145 565 2173 sunt
597 2136 671 2173 sibi
703 2136 798 2185 ipsis
832 2136 1045 2182 contrarie,
1078 2138 1147 2173 sed
1169 2149 1249 2173 una
1279 2136 1446 2184 simplex
1468 2148 1640 2184 persona
1663 2134 1793 2171 cuius—

475 2207 631 2243 cunque
663 2194 829 2231 istarum
863 2202 1063 2230 sectarum
1097 2194 1193 2230 dicit
1225 2193 1424 2230 contrarie
1457 2192 1695 2241 professioni
1724 2205 1794 2229 sue

475 2252 516 2289 in
547 2264 687 2301 opere:
722 2261 759 2288 et
791 2252 846 2288 sic
879 2265 1018 2288 omnes
1051 2252 1123 2288 iste
1156 2261 1260 2288 secte
1292 2252 1447 2288 novelle
1480 2259 1748 2299 patronantur
1771 2263 1793 2286 a

474 2318 587 2358 patre
621 2309 821 2346 mendacii
853 2310 921 2358 qui
954 2318 1011 2346 est
1043 2323 1108 2346 rex
1140 2322 1259 2358 super
1291 2322 1431 2346 omnes
1463 2308 1565 2345 filios
1588 2308 1792 2357 superbie3

474 2381 568 2404 nam
615 2367 773 2404 habitus
818 2380 911 2404 suus
956 2369 1103 2404 clamat
1146 2369 1366 2404 secundum
1411 2366 1792 2415 interpretacionem
1810 2368 1849 2401 35

475 2439 588 2462 suam
628 2427 736 2474 quod
774 2425 824 2462 sit
861 2425 1045 2462 sanccior
1084 2438 1205 2474 quam
1245 2425 1344 2462 alius
1378 2426 1425 2461 de
1458 2424 1620 2473 publico
1653 2423 1793 2461 ordine

476 2483 694 2520 christiano
727 2492 765 2519 et
797 2483 962 2520 omnino
997 2483 1251 2520 mendacium
1282 2496 1399 2520 cause
1423 2482 1642 2532 opponitur
1664 2481 1793 2530 prime

476 2554 607 2578 cause.
641 2543 690 2577 Et
722 2541 778 2577 sic
800 2541 941 2577 fratres
966 2541 1032 2589 qui
1054 2541 1274 2578 introducti
1296 2550 1387 2579 sunt
1408 2541 1623 2578 novissime
1646 2541 1794 2577 habent

477 2613 568 2636 cum
607 2599 722 2636 bonis
762 2599 1021 2636 commixtam
1060 2599 1264 2636 racionem
1309 2599 1507 2648 superbie,
1553 2598 1647 2647 quia
1684 2598 1793 2634 scola

545 2721 574 2746 4.
596 2711 667 2739 AC:
691 2711 941 2739 diafoneitatum:
963 2710 1003 2738 ib.
1021 2710 1085 2738 BC:
1117 2719 1162 2738 ier
1183 2712 1275 2738 deest.
1346 2711 1374 2738 6.
1397 2711 1419 2738 B
1439 2710 1469 2737 in
1491 2718 1605 2745 marg:
1627 2709 1792 2736 Humilitas

479 2751 573 2774 mater
593 2747 751 2773 virtutum.
826 2745 863 2773 13.
880 2746 901 2772 B
922 2746 951 2772 iu
973 2754 1085 2780 marga
1108 2720 1152 2773 im
1173 2745 1376 2773 sectatoribus
1396 2750 1424 2772 et
1439 2744 1529 2771 sectis
1543 2744 1631 2772 istius
1647 2743 1790 2779 pharisei.

480 2782 519 2811 18,
542 2789 583 2816 19·
606 2781 643 2808 B:
666 2785 698 2807 ut
719 2789 799 2822 sepe.
838 2788 885 2810 20,
901 2788 940 2807 21.
962 2781 1006 2806 A:
1029 2781 1110 2815 quod
1132 2781 1239 2808 incidit
1259 2781 1288 2807 iu
1311 2780 1486 2815 superbam.
1525 2786 1564 2806 21.
1585 2780 1628 2806 A:
1652 2782 1683 2805 ut
1701 2778 1792 2816 inte-1*—

478 2821 611 2850 rogatus.
677 2824 719 2842 22.
742 2817 781 2843 L:
804 2815 877 2842 dicit
897 2815 1087 2849 notabilitcr;
1108 2816 1146 2842 ib.
1162 2817 1206 2842 A:
1229 2816 1310 2850 quia.
1375 2822 1422 2848 24.
1442 2815 1486 2840 A:
1509 2813 1642 2848 eligerit:
1663 2813 1702 2839 ib.
1719 2812 1741 2839 B
1761 2820 1789 2838 ιι]

479 2858 591 2885 marg:
621 2850 788 2885 Quomodo
816 2854 894 2876 secte
921 2849 1134 2884 phariseorum
1163 2854 1232 2876 sunt
1259 2849 1410 2876 contrarie
1436 2848 1493 2875 sibi
1514 2848 1590 2883 ipsis
1611 2852 1637 2874 et
1658 2847 1726 2874 tuis
1747 2851 1791 2872 cst

479 2890 626 2919 patronus
647 2893 762 2912 earum.
853 2892 899 2917 24.
920 2885 964 2911 A:
993 2884 1170 2917 strucciori3
1200 2885 1241 2911 ib.
1262 2885 1306 2911 A:
1338 2884 1497 2919 elegeram.
1587 2882 1631 2909 25.
1688 2891 1693 2908 :
1721 2889 1789 2907 cum

480 2920 585 2946 multo.
650 2920 694 2947 28.
714 2920 758 2946 A:
781 2918 852 2954 quia
873 2919 972 2945 sectis.
1041 2918 1080 2946 31.
1101 2918 1173 2946 AC:
1196 2918 1443 2946 contradictorie.
1510 2916 1554 2953 37.
1575 2918 1619 2944 A:
1642 2920 1670 2943 et
1689 2923 1790 2942 omne.
