2017 3353
162 911 200 933 10

163 1190 198 1223 15

157 1491 199 1513 20

123 1527 198 1559 For

121 1577 201 1615 170⁸

154 2353 191 2385 35

148 2654 192 2684 40

220 269 354 297 sumto
372 258 540 315 xxxvii]
738 272 807 303 pm
818 273 881 303 MA
909 273 1034 304 PARS.
1745 270 1791 305 25
1808 282 1816 305 1

218 380 436 414 secundum
461 379 587 426 legem
606 377 765 413 Domini
792 377 978 415 edificare
1001 380 1209 416 ecclesiam
1229 393 1534 430 persequuntur,

218 445 436 472 statuentes
480 435 553 472 sibi
600 435 922 472 iurisdiccionem
970 446 1006 473 et
1052 448 1297 475 reservantes
1350 440 1423 476 sibi
1478 441 1533 477 in-

219 494 475 531 fundabiliter
508 493 604 530 certi
629 494 783 541 peccati
807 495 1107 532 absolucionem
1133 509 1222 532 cum
1250 496 1337 533 aliis
1361 499 1536 535 censuris

218 566 262 589 ac
288 551 577 588 tradicionibus
602 551 728 599 magis
751 553 986 600 nephandis,
1012 567 1131 602 quam
1160 564 1272 591 erant
1295 556 1531 603 pharisaice.

218 620 253 646 et
287 610 317 646 si
351 610 523 658 aliquem
560 603 626 658 qui
660 611 707 645 de
741 611 891 646 mundo
925 610 1033 659 ipsos
1066 611 1201 648 iuvare
1225 613 1371 661 poterit
1405 614 1533 662 ipsum

217 669 435 704 secundum
475 667 715 715 temporalia
756 677 793 704 et
825 681 905 704 non
939 669 1098 706 celestia
1134 672 1407 718 consolantur,
1444 673 1536 721 quia

217 735 345 762 totum
381 727 455 762 hoc
489 725 699 762 brachium
740 727 960 763 secundum
995 727 1143 764 iudicia
1176 729 1386 766 hominum
1422 743 1536 778 repu—

217 793 343 821 tatum
378 793 434 820 est
468 797 489 820 a
522 796 615 820 vero
648 796 817 832 corpore
835 785 982 821 Christi
1015 785 1359 824 discontinuatum
1385 798 1421 825 et
1447 802 1534 825 cum

216 842 472 878 terrestribus
505 850 780 890 aggravatum,
820 842 912 879 ideo
945 843 1019 879 nisi
1054 845 1222 881 ecclesia
1256 846 1404 883 Christi
1444 860 1536 883 con-

216 900 461 937 solacionem
498 900 681 936 habuerit
715 900 877 937 aliunde
910 914 980 949 per
1013 901 1134 950 ipsos,
1169 916 1249 939 non
1281 905 1409 953 sapiet
1438 906 1536 943 cele-

216 958 291 995 stia
323 960 392 995 sed
425 967 596 995 terrena.

275 1016 468 1062 Quintum
522 1029 622 1064 opus
676 1015 895 1064 spiritualis
951 1017 1225 1056 misericordie
1272 1028 1328 1056 est
1372 1020 1538 1058 iniurias
1552 1027 1826 1061 V.F01·,·.·‚ix·encss.

215 1074 289 1111 sibi
322 1074 453 1111 illatas
476 1075 680 1111 remittere
704 1076 811 1123 quod
836 1075 1087 1124 aliquantum
1121 1078 1189 1113 sed
1221 1077 1341 1114 nimis
1375 1079 1538 1116 remisse

216 1133 409 1181 competit
454 1132 619 1169 brachio
664 1133 853 1179 seculari3
907 1133 982 1182 ipsi
1034 1134 1139 1171 enim
1193 1136 1402 1173 remittunt
1456 1151 1538 1175 ma-

217 1191 342 1227 ximas
387 1190 553 1227 iniurias
599 1190 673 1227 sibi
727 1191 858 1228 illatas
910 1205 931 1228 a
983 1192 1137 1229 clericis
1189 1195 1256 1230 sed
1308 1195 1538 1232 meritorius

216 1248 465 1286 remitterent
511 1249 550 1285 in
595 1262 689 1286 casu
728 1249 767 1285 in
806 1262 886 1297 quo
925 1250 1001 1294 illis
1046 1252 1339 1289 benefacientes
1386 1253 1538 1290 miseri-

217 1307 391 1344 corditer
449 1307 715 1344 instrumenta
766 1308 960 1355 peccandi
1013 1311 1314 1355 subtraherent;
1375 1321 1537 1349 econtra

216 1374 350 1402 autem
383 1365 475 1402 laici
510 1365 646 1402 fideles
679 1365 994 1413 sophisticantur
1019 1380 1089 1415 per
1119 1368 1286 1405 clericos
1321 1371 1428 1418 quod
1462 1370 1536 1418 ipsi

216 1435 360 1471 penam
396 1432 433 1460 et
465 1424 625 1472 culpam
666 1436 804 1460 eorum
845 1424 1054 1462 remittunt
1086 1427 1146 1463 vel
1179 1435 1344 1475 quotam
1379 1437 1535 1476 partem

216 1481 346 1530 aptari
378 1481 549 1518 viderint
582 1483 633 1518 ad
666 1483 942 1519 mercandum.

273 1541 434 1576 Sextum
479 1553 579 1588 opus
624 1540 843 1588 spiritualis
884 1540 1158 1579 misericordie
1197 1552 1254 1579 est
1292 1542 1458 1581 iniurias
1496 1545 1536 1581 in
1552 1550 1603 1578 Vl.
1630 1551 1767 1590 ljatiqntje
1796 1551 1823 1578 in

215 1597 330 1634 dictis
365 1594 370 1651 1
404 1599 464 1653 vel
508 1597 622 1635 factis
673 1598 845 1646 proximi
896 1599 1021 1636 instar
1065 1600 1213 1637 Christi
1269 1602 1536 1650 equanimiter
1562 1586 1817 1623 munngnuury.

214 1656 406 1701 tolerare;
462 1657 569 1705 quod
627 1657 769 1693 vellem
832 1666 1047 1706 utrumque
1100 1659 1309 1695 brachium
1370 1661 1535 1698 ecclesie

215 1715 432 1761 prudenter
472 1727 713 1762 cognoscere
752 1724 788 1751 et
829 1724 969 1752 contra
1009 1716 1215 1764 phariseos
1249 1717 1374 1754 instar
1407 1719 1535 1766 prime

160 1797 191 1803 --
214 1773 348 1820 regule
381 1781 496 1809 acute
528 1772 725 1809 invehere.
761 1775 849 1809 Non
885 1773 989 1810 enim
1020 1783 1077 1810 est
1107 1774 1283 1813 virtuosa
1315 1777 1535 1814 tolerancia

214 1830 345 1866 fovere
379 1831 623 1878 periculosas
658 1840 694 1867 et
728 1831 959 1868 manifestas
992 1831 1170 1879 iniurias,
1205 1843 1247 1870 ut
1280 1834 1368 1883 quis
1402 1845 1535 1883 posset

213 1889 262 1924 ab
295 1888 372 1924 illis
404 1890 624 1925 secundum
659 1889 885 1926 doctrinam
909 1890 1056 1927 Christi
1091 1891 1288 1939 sagaciter
1320 1893 1533 1936 declinare,

213 1947 280 1982 sed
332 1946 496 1983 sufferre
552 1947 816 1984 contumelias
876 1957 912 1984 et
969 1949 1190 1997 opprobria
1240 1959 1406 1999 propter
1460 1952 1535 1988 hoc

213 2006 319 2052 quod
363 2004 449 2053 quis
488 2014 644 2053 partem
680 2005 827 2041 Christi
869 2006 1017 2055 detegit
1056 2016 1092 2043 et
1132 2008 1327 2055 defendit3
1369 2010 1444 2046 hoc
1478 2019 1535 2046 est

153 2063 168 2095 Γ
211 2075 311 2110 opus
357 2062 576 2110 spiritualis
630 2062 918 2110 misericordie,
976 2066 1045 2101 sed
1091 2067 1199 2114 quod
1246 2066 1337 2103 licet
1376 2080 1457 2104 non
1495 2067 1535 2104 in

211 2120 523 2168 presenciarum,
558 2134 648 2157 cum
682 2123 942 2169 postmodum
970 2123 1153 2160 homines
1177 2132 1535 2174 quantumcunque

211 2178 343 2226 primo
376 2178 416 2214 in
449 2192 570 2227 opere
605 2188 641 2215 et
673 2181 794 2216 verbo
827 2181 957 2229 asperi
991 2184 1253 2229 postmodum
1288 2183 1532 2232 quietantur.

269 2236 493 2285 Septimum
528 2250 628 2285 opus
662 2237 882 2286 spiritualis
916 2239 1192 2277 misericordie
1217 2250 1273 2277 est
1300 2255 1372 2290 pro
1406 2242 1534 2279 omni·
1579 2246 1646 2274 VII·
1668 2247 1790 2284 l‘rayer.

211 2295 282 2330 bus
321 2295 448 2331 eciam
487 2294 660 2332 inimicis
699 2296 905 2333 humiliter
943 2310 1125 2339 exorare:
1166 2300 1215 2335 ad
1256 2301 1363 2348 quod
1403 2301 1534 2349 requi—

210 2352 310 2388 ritur
344 2352 383 2388 in
415 2362 557 2390 orante
595 2353 726 2402 prima
767 2354 984 2403 disposicio
1016 2356 1207 2401 virtuosa,
1242 2359 1347 2394 unde
1380 2358 1411 2394 si
1446 2371 1534 2407 pre-

210 2409 279 2446 lati
319 2423 340 2446 a
380 2411 464 2459 lege
502 2411 562 2447 sui
603 2420 729 2448 status
770 2413 1007 2458 exorbitant,
1048 2414 1146 2450 nulli
1186 2425 1276 2451 sunt
1311 2416 1436 2464 magis
1476 2416 1534 2453 in-

211 2468 393 2516 dispositi
425 2477 469 2505 ut
502 2479 664 2506 orarent
699 2484 771 2518 pro
805 2472 956 2520 populo
991 2473 1051 2508 vel
1088 2472 1314 2510 ministrent
1348 2474 1534 2512 ecclesia-
1558 2478 1658 2517 which
1680 2480 1814 2518 consists

210 2526 309 2562 stica
342 2536 607 2565 sacramenta.
641 2530 741 2565 Cum
776 2538 910 2566 autem
945 2530 1094 2566 factum
1129 2531 1177 2567 sit
1203 2533 1287 2568 Deo
1322 2533 1533 2580 accepcius
1548 2513 1717 2577 choessylnig
1742 2516 1820 2550 good

211 2597 331 2632 quam
367 2594 423 2621 est
456 2598 588 2631 sonus,
630 2595 739 2634 patet
780 2589 888 2635 quod
921 2588 1057 2624 oracio
1098 2602 1176 2637 qua
1210 2591 1315 2626 Deus
1349 2591 1534 2639 placatur

212 2643 327 2678 debet
363 2643 488 2691 magis
522 2653 706 2681 constare
739 2644 778 2680 in
812 2644 970 2682 iusticia
994 2646 1127 2695 operis
1161 2660 1281 2696 quam
1317 2647 1356 2683 in
1388 2648 1530 2685 verbis.

278 2764 301 2791 5.
324 2765 366 2791 A:
390 2765 412 2791 si
434 2765 565 2800 aliquid:
594 2766 633 2792 ib.
656 2766 720 2792 BC:
744 2766 780 2793 dc
801 2766 894 2793 deest.
971 2776 1007 2795 12.
1030 2769 1057 2795 A
1079 2769 1107 2795 in
1131 2778 1243 2803 marga
1267 2770 1290 2797 5.
1368 2770 1404 2797 13.
1425 2771 1469 2797 A:
1494 2771 1529 2797 acl

207 2799 409 2833 aliquantum.
521 2809 559 2833 it.
582 2802 624 2827 A:
649 2801 804 2828 remittunt
828 2801 896 2828 sibi.
1013 2803 1050 2830 15.
1072 2805 1114 2830 A:
1139 2813 1153 2830 a
1175 2804 1269 2831 deest.
1387 2814 1429 2840 27.
1452 2807 1478 2832 A
1501 2806 1529 2832 iii

207 2842 319 2868 marg:
342 2833 370 2860 ὁ.
422 2834 465 2861 28.
490 2835 554 2862 BC:
577 2835 665 2862 dictis
688 2836 730 2862 vel
754 2835 855 2869 deest3
877 2836 916 2863 ib.
935 2837 1000 2865 BC:
1023 2838 1119 2865 instar
1140 2839 1254 2865 Christi
1278 2839 1371 2866 deest.
1423 2839 1468 2866 1³0.
1485 2841 1529 2867 A:

206 2868 375 2895 secuudum
398 2869 564 2903 quodlibet.
633 2869 671 2897 31.
693 2871 737 2897 A:
762 2870 840 2897 unde
862 2872 1073 2905 postmodum.
1147 2873 1190 2901 32.
1213 2873 1282 2900 BC:
1306 2874 1406 2901 verbis
1427 2875 1528 2904 atl'eri:

205 2903 245 2930 ib.
265 2904 316 2930 A:
340 2904 541 2938 postmodum
563 2904 656 2932 deest.
730 2904 773 2940 37.
795 2906 840 2933 A:
862 2911 959 2934 orent.
