2017 3353
165 870 203 891 10

164 1151 199 1183 15

158 1453 198 1474 20

155 1733 193 1765 25

154 2022 196 2055 30

223 227 358 256 SERMO
381 219 503 276 svnt]
727 233 866 266 PRIMA
893 233 1007 265 PARS
1745 227 1819 263 383

223 337 412 374 caritatis.
467 340 567 374 Cum
621 350 713 386 ergo
766 340 881 375 debet
929 339 1017 386 plus
1062 338 1225 386 diligere
1269 339 1532 376 universalem

223 395 431 432 ecclesiam
467 408 586 445 quam
633 397 734 433 hanc
778 395 1039 442 individuam,
1084 395 1241 433 videtur
1285 396 1381 433 mihi
1427 399 1534 446 quod

221 452 422 501 obligatur
454 453 667 491 universali
702 454 866 491 ecclesie
899 455 987 502 plus
1020 455 1229 502 prodesse;
1269 454 1361 491 licet
1400 464 1532 492 autem

221 511 308 559 quis
341 511 584 560 stipendium
619 512 872 560 singulariter
905 511 1077 560 accipiat
1111 514 1158 549 de
1192 512 1266 549 ista
1299 512 1533 561 particulari

221 569 400 613 ecclesia,
447 569 548 606 sicut
592 571 795 619 quondam
843 569 934 606 fecit
966 571 1195 618 Apostolus,
1243 572 1360 607 debet
1399 580 1532 607 tamen

220 626 259 662 in
291 627 366 664 ista
405 629 465 665 vel
498 640 736 677 quacunque
769 627 846 664 alia
884 627 924 664 in
956 641 1034 677 qua
1068 628 1282 665 crediderit
1319 629 1533 666 universali

220 685 385 722 ecclesie
423 687 510 734 plus
549 687 739 734 prodesse
777 685 852 722 sibi
892 685 1017 735 magis
1057 687 1252 735 proficere
1294 695 1330 723 et
1375 687 1414 723 in
1459 687 1533 724 ista

219 742 446 780 intencione
478 744 585 780 licite
617 745 828 781 alternare.

279 803 392 838 Unde
409 804 466 848 (ut
489 814 581 850 sepe
606 801 699 850 dixi)
719 802 883 850 obligati
908 802 1085 839 ecclesiis
1108 804 1242 851 quoad
1266 802 1530 839 ministerium
1588 809 1766 848 ,Beneficed

219 859 425 907 spirituale
470 869 506 897 et
544 869 693 897 stantes
732 873 822 897 cum
862 860 1020 908 regibus
1053 873 1098 897 ac
1134 860 1306 897 dominis
1345 860 1385 897 in
1419 861 1533 897 mini·
1548 849 1822 909 Ρῃῗῗῐξὲθῐῇζζθηοῖ

218 917 338 954 sterio
372 918 586 967 temporali
619 927 710 954 sunt
743 918 951 955 manifeste
984 919 1211 967 proditores
1235 919 1306 955 Dei
1341 928 1377 955 et
1410 919 1532 967 parti·
1612 916 1754 978 bsgffilljsss

218 975 362 1012 cularis
393 976 546 1013 domini
577 976 638 1012 cui
672 976 859 1023 serviunt,
893 989 966 1013 nec
998 990 1078 1012 non
1113 986 1148 1013 et
1181 977 1286 1013 illius
1319 977 1531 1025 parrochie
1759 972 1765 978 ’

217 1034 280 1070 cui
319 1035 489 1071 debeant
527 1034 790 1083 spiritualiter
830 1034 1068 1071 ministrare.
1109 1037 1158 1071 Et
1197 1035 1237 1071 in
1275 1035 1350 1072 ista
1395 1035 1530 1084 prodi-

217 1091 330 1128 cione
363 1102 454 1129 sunt
487 1092 542 1129 rei
574 1106 657 1130 non
688 1093 818 1129 solum
853 1092 979 1130 curati
1009 1092 1179 1140 predicti
1212 1094 1279 1129 sed
1312 1092 1387 1142 ipsi
1420 1106 1530 1130 secu-

215 1150 318 1187 lares
357 1150 510 1188 domini
549 1150 617 1199 qui
649 1150 870 1199 proditorie
909 1151 947 1187 in
981 1164 1053 1187 suo
1085 1151 1252 1188 servicio
1291 1164 1381 1188 cum
1416 1151 1529 1188 bonis

216 1208 287 1244 Dei
320 1210 560 1246 subtrahunt
592 1221 749 1246 servum
781 1222 897 1246 suum
933 1222 954 1245 a
987 1208 1184 1257 spirituali
1219 1209 1374 1246 meliori
1414 1209 1528 1246 mini-

215 1266 336 1303 sterio
375 1268 483 1316 quod
521 1266 690 1315 ipsemet
728 1267 927 1304 limitavit.
969 1267 1008 1303 Si
1050 1267 1155 1304 enim
1188 1281 1268 1304 non
1299 1267 1527 1304 sufficerent

214 1337 286 1361 nec
319 1324 465 1362 scirent
502 1324 576 1361 nisi
615 1325 671 1362 sic
704 1325 958 1373 singulariter
992 1325 1220 1362 ministrare
1257 1326 1458 1374 superflue
1492 1335 1528 1362 et

215 1382 526 1432 dampnabiliter
570 1383 798 1432 acciperent
842 1383 1019 1420 officium
1065 1383 1298 1421 sacerdotis.
1344 1386 1392 1420 Et
1437 1384 1528 1420 hinc

214 1443 334 1477 credo
374 1442 482 1490 quod
521 1453 631 1489 reges
671 1450 708 1478 et
747 1441 948 1490 principes
988 1442 1028 1478 in
1060 1454 1205 1490 penam
1240 1441 1394 1490 peccati
1429 1442 1526 1479 reci-

213 1498 326 1546 proci
359 1512 381 1536 a
413 1499 560 1536 talibus
594 1499 747 1536 clericis
780 1500 1004 1548 proditorie
1037 1501 1294 1537 seducuntur.

270 1557 426 1594 Dicitur
473 1557 577 1593 enim
622 1559 730 1606 quod
776 1571 840 1594 rex
872 1558 1012 1606 Anglie
1058 1571 1101 1595 ex
1147 1558 1313 1595 consilio
1359 1564 1816 1605 suorumEvilcounsellors

213 1614 495 1664 episcoporum
519 1625 555 1652 et
579 1616 816 1652 clericorum
845 1616 1151 1664 promocionem
1174 1630 1196 1653 a
1219 1616 1329 1653 curia
1344 1619 1526 1653 Romana
1553 1600 1803 1662 111tgvgotffisilgrtlig

212 1673 512 1721 expectancium
558 1675 705 1710 nedum
752 1684 942 1722 procurat
988 1688 1062 1723 pro
1106 1687 1211 1723 papa
1256 1683 1293 1710 et
1345 1674 1526 1711 cardina-
1556 1669 1629 1696 with
1651 1670 1700 1697 the
1721 1670 1815 1706 Pope.

210 1730 313 1768 libus
352 1740 394 1768 ut
434 1733 481 1768 de
516 1731 629 1768 bonis
662 1732 836 1780 propriis
870 1732 1041 1780 spolient
1074 1745 1271 1781 pauperes
1304 1732 1413 1780 regni
1453 1732 1525 1778 sui,

210 1791 278 1826 sed
311 1790 393 1826 lato
433 1789 564 1838 sigillo
597 1803 669 1826 suo
703 1790 832 1838 signat
878 1793 1112 1827 mandatum
1165 1792 1273 1839 quod
1324 1790 1526 1839 simplices

212 1847 295 1884 eius
328 1847 495 1884 subiecti
529 1847 707 1885 tribuant
740 1848 810 1885 tali
843 1849 1055 1896 dyabolico
1095 1849 1278 1897 rapinam
1312 1857 1526 1897 quantum-

212 1918 369 1955 cunque
408 1905 526 1943 fuerit
567 1906 683 1943 dacio
723 1915 863 1943 contra
902 1909 1044 1943 Deum.
1093 1909 1174 1943 Nec
1219 1907 1385 1943 dubium
1431 1907 1527 1955 quin

211 1964 310 2000 tales
344 1963 562 2001 consiliarii
596 1973 633 2000 et
666 1964 865 2001 consiliati
898 1965 978 2001 sive
1013 1964 1190 2013 episcopi
1222 1965 1302 2002 sive
1336 1964 1402 2002 alii
1435 1974 1526 2001 sunt

212 2022 489 2070 dampnabiles
521 2024 628 2071 apud
652 2025 793 2059 Deum.
828 2023 1033 2072 Numquid
1067 2023 1266 2060 credimus
1300 2024 1408 2072 quod
1436 2023 1525 2059 talis

211 2080 462 2117 consiliarius
507 2080 677 2117 sufficiet
717 2083 959 2129 respondere
998 2081 1037 2117 in
1076 2081 1138 2118 die
1177 2081 1314 2118 iudicii
1360 2090 1526 2130 propter

210 2139 369 2186 regem?
402 2141 553 2175 Revera
586 2152 668 2175 non
700 2148 795 2176 tunc
829 2139 1095 2176 satisfactorie
1119 2152 1191 2188 pro
1222 2152 1261 2176 se
1295 2139 1395 2188 ipso.
1430 2139 1524 2187 Regi

209 2205 343 2233 autem
376 2210 457 2233 non
489 2197 649 2246 proficit
682 2197 771 2234 talis
811 2197 979 2234 collacio
1012 2197 1087 2233 nisi
1126 2206 1168 2233 ut
1202 2210 1367 2245 regnum
1407 2210 1522 2233 suum

210 2255 517 2303 depauperetur,
552 2263 593 2291 ut
627 2255 811 2304 proditor
843 2268 935 2292 suus
963 2268 1033 2304 per
1055 2255 1346 2292 Antichristum
1381 2256 1524 2292 exalte-

178 2315 273 2348 ‘tur
311 2322 347 2349 et
385 2313 544 2362 utrique
582 2313 701 2350 simul
740 2313 780 2350 in
818 2313 928 2350 finali
966 2313 1116 2350 iudicio
1162 2315 1521 2362 condempnentur.

209 2369 249 2406 Si
283 2383 376 2419 ergo
409 2370 499 2407 talis
531 2371 633 2408 foret
660 2371 845 2420 proditor
867 2372 969 2421 regis
1003 2381 1039 2409 et
1072 2372 1185 2420 regni
1218 2372 1285 2421 qui
1320 2371 1522 2408 mutilaret

207 2440 341 2476 regem
379 2430 546 2466 subdole
586 2431 719 2478 quoad
758 2443 917 2479 corpus,
951 2439 1101 2480 quanto
1136 2430 1260 2479 magis
1295 2430 1397 2467 foret
1429 2443 1522 2478 pro-

276 2559 302 2586 7.
324 2551 420 2579 BCD:
441 2551 471 2579 in
493 2551 586 2579 deest.
702 2562 730 2588 9.
752 2553 805 2581 DE
824 2553 854 2580 in
876 2562 990 2589 marg:
1011 2553 1108 2587 Notag
1137 2553 1158 2580 B
1180 2553 1209 2580 in
1232 2561 1346 2588 marga
1367 2551 1521 2579 Tenentes

206 2585 349 2613 ecclesias
369 2590 397 2613 et
417 2586 582 2614 servientes
612 2587 748 2615 dominis
774 2589 960 2615 vasallorum
989 2597 1075 2615 more
1102 2593 1173 2615 sunt
1200 2588 1373 2622 proditores
1394 2586 1519 2614 Christi.

207 2628 250 2647 10.
271 2621 313 2647 A:
336 2625 386 2648 aut
406 2621 550 2648 dominis.
635 2630 670 2649 12.
693 2622 814 2650 BCDE:
837 2628 863 2650 et
884 2623 976 2650 deest.
1047 2632 1087 2657 14.
1110 2624 1153 2650 A:
1177 2622 1233 2657 ipsi
1256 2622 1349 2649 deest.
1419 2624 1457 2649 ιδ’.
1480 2622 1517 2648 E:

208 2655 401 2690 singulariter
421 2655 521 2684 deest:
542 2658 586 2683 A:
609 2657 793 2684 seculariter.
872 2666 914 2684 22.
936 2658 958 2685 B
979 2658 1007 2685 in
1031 2666 1143 2692 marg:
1168 2658 1270 2692 Quare
1291 2656 1410 2683 domini
1431 2657 1520 2683 sedu-

206 2695 316 2716 cuntur
342 2699 357 2717 a
383 2690 517 2718 clericis:
547 2691 628 2718 racio
655 2692 725 2730 quia
753 2693 935 2719 subtrahunt
962 2701 1014 2719 eos
1041 2692 1179 2719 videlicet
1206 2691 1332 2718 clericos
1354 2692 1391 2718 ab
1411 2691 1520 2718 ordine

206 2724 346 2752 clericali.
420 2726 463 2753 25.
484 2726 528 2753 A:
551 2727 686 2760 propriis
707 2726 799 2753 deest.
879 2727 925 2754 26.
949 2727 1016 2754 DE:
1041 2728 1107 2753 loco
1130 2726 1240 2761 sigillo.
1314 2733 1358 2761 27.
1381 2726 1425 2753 A:
1449 2726 1519 2753 sub-

206 2759 283 2786 iecti.
391 2767 435 2795 27.
456 2760 502 2787 28.
524 2761 568 2787 A:
590 2765 861 2797 quantumcunque
882 2762 959 2789 licet.
1068 2770 1115 2795 29.
1137 2762 1179 2788 A:
1202 2765 1229 2787 et
1250 2761 1402 2788 consiliati
1424 2761 1517 2787 deest.

204 2792 247 2820 32.
265 2794 286 2821 B
307 2794 335 2821 in
359 2803 471 2829 marga
493 2795 542 2822 Ad
565 2795 637 2835 quid
659 2796 758 2822 valent
778 2796 923 2823 daciones
944 2805 1021 2831 pape
1042 2801 1143 2822 exacte
1165 2803 1218 2830 per
1239 2804 1339 2822 seona.
1386 2794 1516 2829 341)st

205 2829 390 2890 gampnetur
411 2834 451 2856 ut.
547 2829 590 2858 32.
613 2829 678 2857 BC:
707 2834 735 2857 et
755 2835 786 2858 ut
806 2835 948 2866 uterque;
975 2833 1019 2858 A:
1042 2835 1069 2858 et
1091 2835 1232 2865 uterque;
1263 2816 1302 2857 1²5³.
1324 2830 1421 2859 ABC:
1444 2838 1516 2858 con-

226 2868 397 2899 empnetur.
