2017 3353
233 281 368 310 sumto
390 269 470 326 ιιι]
753 282 891 313 PRIMA
919 281 1044 312 PARS.
1767 270 1843 317 347

294 391 479 426 Secundo
515 388 690 424 dubitari
724 396 856 436 potest
889 399 1014 435 quare
1049 385 1143 422 mali
1184 386 1315 434 angeli
1351 395 1386 422 et
1426 386 1558 422 anime
1598 391 1815 432 ἼἎἸιγρΙωιιιά

235 447 406 497 prescite
440 460 530 484 cum
565 459 664 494 eque
698 446 872 494 perfecte
907 444 984 480 sint
1024 444 1063 480 in
1102 443 1256 480 naturis
1298 443 1472 491 propriis
1518 453 1558 480 ut
1583 426 1740 488 (ffidsss‘ffiffi
1761 426 1835 488 [133⁵

235 507 396 547 salvate.
431 517 554 554 quare
587 506 692 540 Deus
726 505 830 553 apud
861 515 969 552 quem
1010 515 1082 538 non
1115 509 1169 538 est
1203 513 1462 551 personarum
1496 514 1557 538 ac-
1598 495 1827 558 “¹²¹¹³2,¹[¹1²‚¹{ilf}¹¹t‘’

237 565 376 614 cepcio,
411 564 482 599 hos
517 561 718 599 beatificat
753 571 789 598 et
823 562 894 597 hos
929 560 1175 597 damnificat.
1763 552 1768 556 ⁴

202 624 218 656 5
292 623 369 658 Sed
385 622 433 658 ad
450 621 555 657 istud
571 620 736 656 dubium
754 620 969 667 respondet
984 618 1203 666 Apostolus
1219 618 1268 653 ad
1285 618 1494 662 Rom.1X0‚
1508 627 1551 652 21

234 681 342 728 quod
375 679 613 715 universitas
658 686 791 714 creata
839 676 1107 713 substernitur
1141 674 1394 712 ordinacioni
1430 674 1560 712 divine

234 738 323 786 plus
357 750 476 786 quam
511 737 639 772 lutum
680 735 875 772 subicitur
913 734 1109 771 voluntati
1155 733 1276 781 figuli.
1323 734 1414 769 Ideo
1454 735 1559 769 Deus

237 797 356 832 habet
391 803 634 843 potestatem
669 793 752 830 sine
786 806 1049 842 personarum
1092 791 1332 840 accepcione
1372 791 1560 828 ordinare
1603 796 1660 824 We
1682 801 1762 823 must
1784 797 1819 836 tue

234 867 357 890 unum
390 865 457 889 vas
506 851 546 888 in
579 853 773 888 honorem
820 860 856 888 et
901 851 1010 888 aliud
1054 850 1094 886 in
1141 849 1444 895 contumeliam,
1492 850 1559 886 sed
1584 832 1837 894 C‘ssffiegiuiss'e'iiid

181 925 219 947 10
234 911 452 961 pessimam
487 918 713 947 creaturam
750 919 808 946 est
842 909 984 946 melius
1020 921 1105 945 esse
1138 921 1260 956 quam
1293 908 1396 944 foret
1429 907 1559 955 ipsam
1673 901 1754 928 “Od-

234 983 315 1007 non
348 982 445 1015 esse,
482 981 571 1005 cum
606 968 737 1004 omnis
772 969 1014 1016 dampnatus
1048 965 1320 1003 essencialiter
1353 964 1561 1014 perficitur

234 1037 271 1065 et
304 1026 608 1064 accidentaliter
640 1025 796 1075 perficit
835 1034 965 1063 totum
1006 1026 1215 1061 mundum.
1257 1025 1348 1061 Ideo
1388 1023 1560 1071 pertinet

235 1084 536 1134 magnificencie
569 1084 640 1121 Dei
673 1084 906 1121 benefacere
946 1083 1002 1120 sic
1042 1083 1122 1119 suis
1162 1081 1421 1119 incarceratis
1461 1094 1561 1130 quos

233 1144 348 1192 punit
392 1152 474 1180 tam
520 1142 846 1188 misericorditer,
892 1150 1107 1190 postquam
1143 1153 1186 1177 ex
1208 1140 1405 1176 immensa
1429 1139 1562 1187 gracia

182 1206 217 1238 15
233 1202 273 1238 in
305 1201 431 1238 libero
463 1200 633 1238 arbitrio
658 1209 748 1237 sunt
772 1200 907 1237 creati.
942 1201 1073 1236 Causa
1097 1211 1190 1247 ergo
1215 1197 1345 1235 divine
1369 1197 1562 1246 predesti-

233 1259 376 1297 nancie
420 1268 462 1295 ut
507 1260 608 1295 adeo
642 1258 900 1307 distinguitur
933 1257 1167 1303 formaliter,
1209 1256 1299 1293 licet
1339 1256 1388 1292 sit
1427 1264 1563 1292 eterna

235 1327 292 1355 est
325 1317 485 1354 realiter
509 1319 614 1353 Deus
647 1317 744 1365 ipse.
779 1319 827 1352 Et
861 1329 982 1353 causa
1011 1313 1371 1364 predestinacionis
1406 1313 1562 1362 passive

235 1385 293 1413 est
322 1373 326 1429 Ι
355 1376 578 1412 subiectum
619 1375 937 1423 predestinatum
982 1383 1117 1411 eterna
1157 1371 1480 1421 predestinancia
1525 1380 1562 1408 et

234 1435 290 1471 sic
324 1447 414 1470 cum
449 1435 555 1470 Deus
589 1432 638 1469 sit
671 1432 802 1481 prima
835 1446 969 1477 causa,
1002 1445 1083 1468 non
1113 1441 1171 1467 est
1208 1431 1411 1479 querenda
1442 1442 1562 1466 causa

178 1507 219 1528 20
234 1491 414 1529 ulterior.
448 1493 496 1527 Et
529 1492 892 1539 correspondentes
931 1490 1077 1527 dicitur
1116 1491 1163 1525 de
1202 1488 1274 1525 Dei
1313 1487 1561 1537 presciencia

234 1560 271 1588 et
304 1549 463 1598 passiva
496 1549 767 1598 disposicione
791 1548 965 1585 hominis
989 1557 1031 1584 ut
1056 1550 1310 1597 dampnetur.
1345 1547 1559 1592 Quondam

234 1617 367 1646 autem
402 1607 479 1644 dixi
513 1609 620 1656 quod
654 1607 874 1644 relaciones
914 1607 1030 1642 huius
1073 1605 1247 1643 racionis
1288 1606 1435 1641 habent
1481 1616 1561 1640 me-

235 1667 356 1703 ritum
397 1675 434 1702 et
473 1665 711 1702 demeritum
757 1679 830 1714 pro
877 1674 1059 1713 tempore
1099 1676 1171 1701 suo
1211 1663 1443 1708 succedens,
1485 1674 1560 1710 que
1611 1667 1706 1707 Tliis·
1732 1667 1851 1696 uestion

236 1733 368 1773 preter
384 1735 525 1760 causas
540 1723 742 1772 predictas
759 1731 926 1760 causant
945 1723 1250 1771 quodammodo
1273 1721 1369 1757 istas
1394 1720 1558 1757 formas.
1654 1711 1680 1730 ¹5
1700 1712 1708 1730 ¹
1734 1703 1770 1730 ¹²¹

181 1788 219 1820 25
237 1783 315 1819 Sed
348 1791 432 1818 tota
466 1781 540 1818 ista
575 1780 790 1818 difficultas
825 1790 882 1818 est
915 1780 1095 1829 logicalis
1130 1789 1166 1817 et
1200 1779 1343 1816 inanis.

293 1840 438 1876 Tercio
479 1839 652 1876 dubitari
691 1848 837 1888 potest,
880 1839 1146 1887 supponendo
1186 1839 1294 1886 quod
1326 1836 1366 1872 in
1406 1835 1560 1873 inferno
1623 1843 1661 1882 In·
1678 1842 1735 1869 hell
1757 1842 1807 1870 the

237 1911 317 1935 non
363 1898 437 1934 erit
481 1897 703 1946 corporalis
754 1897 953 1934 resolucio
1003 1896 1263 1933 lacrimarum
1307 1895 1368 1932 vel
1412 1894 1562 1931 stridor
1590 1877 1843 1948 Ῡὲέξῖιζηέἷὲζῑὲἷ

239 1956 438 2001 dencium,
474 1968 561 1992 cum
598 1957 741 2004 duplex
775 1955 824 1991 sit
857 1968 959 2004 pena
993 1954 1143 1991 scilicet
1183 1966 1285 2002 pena
1326 1952 1491 2001 dampni
1525 1961 1562 1989 et
1608 1947 1768 2009 thfflgessffi
1785 1947 1820 1975 of

239 2027 343 2064 pena
376 2026 527 2059 sensim,
562 2026 638 2062 que
670 2014 829 2050 illarum
865 2014 914 2049 sit
953 2012 1123 2061 gravior.
1173 2015 1220 2048 Et
1258 2011 1415 2048 videtur
1453 2012 1561 2059 quod
1722 2003 1731 2009 .
1761 2003 1768 2016 ²

182 2078 224 2111 30
241 2085 343 2121 pena
376 2072 541 2120 dampni
575 2071 624 2108 sit
669 2071 869 2108 infinitum
915 2071 1073 2119 gravior
1112 2083 1232 2119 quam
1276 2081 1379 2118 pena
1422 2081 1561 2105 sensus

241 2140 598 2180 quantumcunque
631 2139 749 2167 acuta
782 2139 859 2166 stat
899 2143 989 2165 cum
1029 2127 1276 2166 beatitudine
1315 2136 1351 2164 et
1389 2127 1562 2175 premia-

244 2189 358 2226 cione
391 2197 585 2237 perpetua
619 2189 871 2224 succedente.
906 2189 1011 2224 Pena
1045 2196 1178 2223 autem
1204 2185 1369 2234 dampni
1395 2198 1485 2222 cum
1510 2184 1560 2221 sit

242 2247 426 2284 carencia
458 2246 695 2295 simpliciter
719 2245 977 2283 beatitudinis
1001 2245 1243 2293 sempiterne
1266 2243 1563 2293 incomparabi-

242 2305 332 2342 liter
363 2305 493 2353 ipsam
518 2313 728 2353 exsuperat
750 2317 887 2353 ymmo
919 2303 1213 2341 considerando
1238 2314 1384 2351 penam
1421 2314 1560 2338 sensus

186 2369 226 2401 35
242 2372 285 2400 ut
336 2362 535 2399 infinitam
575 2362 793 2400 duracione
838 2363 1046 2399 fundatam
1093 2361 1133 2398 in
1184 2361 1316 2410 primo
1361 2368 1560 2409 apostata,

145 1358 219 1389 Fol.

142 1401 220 1436 180d

314 2471 332 2490 1.
355 2462 383 2489 A
403 2462 432 2488 in
455 2470 569 2497 marg:
598 2460 775 2490 Secundum
805 2463 950 2490 dubium:
981 2463 1002 2489 B
1024 2463 1053 2489 in
1076 2470 1189 2497 marg:
1223 2461 1352 2496 Questio
1380 2461 1500 2488 subtilis
1527 2460 1563 2487 de

245 2496 433 2536 presciencia
453 2501 486 2535 et·
501 2496 778 2532 predestinacione.
830 2506 855 2527 2.
876 2497 902 2526 3.
925 2497 1042 2525 Codd.:
1066 2497 1199 2532 perfecta
1221 2517 1225 2522 .
1244 2517 1249 2522 .
1267 2518 1273 2523 .
1296 2497 1420 2523 salvata.
1471 2503 1496 2522 2.
1518 2496 1560 2522 A:

244 2532 317 2559 tuit:
338 2532 378 2558 ib.
401 2530 440 2558 C:
464 2535 533 2569 sint.
637 2530 662 2558 3.
685 2531 724 2559 C:
747 2540 878 2567 quarum
900 2532 992 2559 Deus.
1097 2531 1121 2559 5.
1142 2532 1171 2559 A
1192 2531 1221 2558 in
1244 2539 1357 2564 marg:
1379 2530 1560 2565 Responsio.

246 2575 278 2594 ιι.
303 2566 367 2594 DC:
390 2566 524 2592 totaliter
546 2566 709 2600 perficitur.
793 2575 831 2594 12.
853 2568 881 2594 A
902 2567 931 2594 in
954 2575 1068 2602 marg:
1090 2566 1171 2593 Nota
1193 2566 1228 2593 de
1250 2565 1515 2600 predestinacione
1535 2568 1563 2591 ct

247 2600 451 2636 presciencia3
481 2601 509 2627 A
530 2601 559 2627 in
582 2608 679 2635 marg.
700 2601 753 2628 inf.
775 2602 827 2628 fol.
850 2601 935 2628 180‘1:
966 2601 1047 2628 Nota
1075 2600 1282 2628 differeuciam
1310 2600 1389 2627 inter
1416 2599 1562 2634 predesti-

247 2636 407 2662 nacionem
438 2640 465 2662 et
494 2635 784 2670 predestinanciam.
815 2636 851 2663 Et
882 2644 975 2673 supra
997 2636 1146 2663 Sermone
1166 2635 1302 2662 XLVIII.
1335 2639 1405 2661 nota
1433 2634 1468 2660 de
1497 2642 1563 2668 pre-

246 2670 406 2708 destinatis
427 2674 455 2696 et
476 2669 633 2704 prescitis;
655 2669 695 2697 ib.
716 2670 754 2697 B:
772 2670 843 2698 Ideo
865 2671 990 2705 perficit.
1031 2679 1072 2709 19.
1087 2670 1152 2698 BC:
1175 2670 1218 2696 sic
1232 2670 1315 2696 Deus
1335 2674 1363 2695 et
1378 2677 1447 2695 cum
1462 2668 1562 2701 Deus:

247 2706 286 2732 ib.
315 2705 336 2731 B
364 2704 393 2731 in
422 2712 536 2739 marga
568 2703 668 2731 Causa
698 2705 799 2732 divine
825 2705 1068 2740 predestinancie
1096 2710 1123 2732 et
1144 2703 1420 2739 predestinacionis
1441 2703 1562 2738 passive

247 2748 304 2774 que
326 2745 379 2767 est.
402 2739 472 2773 quia
493 2739 593 2773 prima
613 2738 744 2774 ipsemet
765 2740 857 2766 Deus.
914 2748 958 2767 22.
980 2741 1024 2767 A:
1052 2738 1240 2767 huiusmodi.
1298 2746 1344 2771 24.
1369 2738 1407 2764 ss:
1437 2742 1562 2776 propter

247 2783 372 2803 causas:
395 2774 435 2800 ib.
457 2774 500 2801 A:
523 2773 590 2800 illas
611 2774 739 2801 formas.
812 2774 854 2803 25.
877 2775 922 2802 A:
945 2775 1052 2809 logica.
1126 2773 1172 2801 26.
1194 2774 1221 2799 A
1242 2773 1271 2799 in
1294 2781 1401 2807 marg:
1416 2772 1561 2800 Tereium

247 2809 393 2836 dubium:
410 2808 431 2835 B
447 2808 477 2835 iu
490 2816 586 2843 marg.
598 2818 603 2835 :
617 2808 757 2843 Questio.
771 2809 880 2836 Utrum
896 2818 973 2844 pena
988 2809 1058 2836 dam
1087 2809 1115 2835 ni
1131 2809 1371 2842 dampnatorum
1392 2808 1429 2835 sit
1441 2807 1563 2835 “savior

245 2851 325 2906 pena
345 2851 464 2870 sensus.
521 2850 565 2877 27.
587 2842 654 2881 1553:
676 2847 708 2870 ut
727 2843 851 2871 stridor.
908 2843 952 2871 28.
974 2844 1018 2871 A:
1043 2853 1059 2871 u
1085 2843 1092 2870 i
1114 2843 1238 2877 duplex.
1293 2849 1341 2876 29.
1363 2842 1401 2869 B:
1423 2842 1442 2870 il
1459 2850 1559 2869 orum.

263 2887 291 2905 o.
308 2877 373 2905 BC:
396 2885 472 2912 pena
488 2877 587 2909 ἀρθεὶς
608 2878 648 2904 1b.
663 2878 706 2905 A:
729 2886 820 2913 quarn
837 2886 926 2913 pena,
943 2882 1035 2905 recte:
1054 2886 1145 2913 quam
1163 2885 1239 2911 pena
1261 2884 1379 2908 sensus,
1395 2885 1464 2904 cum
1505 2884 1561 2903 ena

247 2921 364 2940 sensus.
449 2910 495 2946 34.
517 2910 557 2939 C:
578 2912 691 2948 ipsum.
777 2911 819 2941 35.
843 2913 880 2940 3:
903 2917 934 2940 ut
955 2913 1054 2947 deest:
1077 2912 1116 2939 ib.
1140 2911 1179 2940 C:
1200 2911 1334 2945 infinita3
1356 2911 1396 2940 ib.
1423 2911 1476 2939 fun
1502 2915 1559 2939 ata.
