2017 3353
77 354 151 385 Fol.

77 397 158 441 144'’

147 891 183 913 10

149 1172 185 1204 15

146 1472 188 1494 20

151 2044 191 2077 30

195 244 331 274 SERMO
352 232 420 290 1v.]
720 243 858 274 PRlMA
885 242 1009 273 PARS.
1744 234 1792 271 25

197 353 416 396 Christum,
449 360 486 387 et
511 350 551 386 in
575 350 663 386 loco
697 348 767 385 illo
791 349 953 397 copiose
981 346 986 400 1
1016 356 1221 395 receperat
1245 347 1396 384 donum
1421 348 1507 384 Dei.

196 414 276 448 Nec
306 409 410 447 valet
444 408 654 446 contencio
693 421 773 457 qua
806 407 973 456 quidam
1013 408 1262 443 altercantur
1301 405 1335 441 si
1369 403 1800 465 00sp0-1d}lequarr51{³sgo

198 469 292 506 ralis
325 466 553 515 baptizacio
585 465 777 502 Johannis
802 465 912 501 dedit
943 464 1141 514 graciam3
1176 463 1388 511 proprium
1422 463 1511 512 qui·
1525 444 1686 508 wtigfwfiiesrm
1706 446 1796 507 {aives

197 529 286 564 dem
307 535 364 563 est
387 527 471 561 Deo
494 526 589 561 dare
607 523 799 572 graciam,
820 523 912 560 licet
932 523 1030 560 talia
1048 521 1275 570 corporalia
1295 521 1513 569 disponant
1616 515 1716 541 grace.

197 584 418 629 hominem,
453 592 497 620 ut
520 582 698 631 graciam
733 595 755 618 a
778 584 861 619 Deo
886 581 1067 629 recipiat.
1102 581 1217 617 Unde
1248 579 1352 617 sicut
1386 579 1513 616 multe

198 653 310 691 gutte
354 641 650 689 predisponunt
696 641 746 677 ad
793 639 1051 677 cavacionem
1097 638 1244 686 lapidis
1286 648 1323 675 et
1367 637 1514 674 ultima

200 709 313 738 cavat
346 700 492 747 ipsum,
527 698 583 735 sic
615 697 748 736 multa
773 697 1002 746 corporalia
1025 696 1273 744 baptismata
1296 704 1514 744 preparant

199 769 242 796 ut
276 771 298 795 a
330 760 415 794 Deo
449 756 560 809 (cum
594 756 670 793 sibi
704 755 917 804 placuerit)
962 755 1098 804 gracia
1138 754 1367 791 inducatur.
1421 754 1513 790 Ideo

201 816 259 853 illi
283 815 351 865 qui
376 815 626 852 contendunt
660 814 701 850 in
734 814 811 851 isto
846 815 1107 851 ostenderent
1135 812 1167 849 si
1201 813 1279 849 sint
1313 811 1416 849 tanti
1440 811 1513 848 Dei

199 873 417 920 secretarii,
452 874 560 923 quod
594 873 635 909 in
666 872 871 920 baptismo
894 871 1075 920 Baptiste
1098 872 1206 907 Deus
1239 869 1411 907 contulit
1444 870 1515 906 do-

199 946 295 969 num
328 945 468 978 suum3
502 932 571 967 sed
603 930 707 968 sicut
741 930 964 978 corporalis
997 928 1225 977 baptizacio
1259 941 1340 965 non
1372 940 1444 976 per
1474 940 1515 964 se

201 991 352 1028 confert
385 989 563 1038 graciam
597 989 897 1037 baptismalem,
928 988 985 1025 sic
1017 1000 1097 1024 non
1120 988 1235 1024 obest
1268 996 1359 1034 post
1382 986 1515 1034 bapti-

202 1049 407 1086 zacionem
445 1047 640 1084 Johannis
689 1047 825 1084 fideles
871 1046 912 1083 in
957 1045 1123 1082 nomine
1168 1044 1319 1081 Christi
1365 1044 1512 1081 iterum

202 1106 414 1155 baptizari.
450 1107 528 1142 Sed
561 1116 651 1154 post
675 1105 924 1153 baptismum
950 1104 1102 1141 Christi
1126 1104 1228 1140 foret
1261 1102 1515 1151 superfluum
1531 1097 1811 1161 {ffisssffiffssfflngff

203 1178 248 1203 ac
282 1164 545 1203 temerarium
579 1176 827 1213 quemquam
862 1162 1120 1211 rebaptizari,
1164 1174 1256 1198 curn
1290 1173 1363 1198 nec
1397 1173 1513 1197 evan-
1561 1168 1598 1196 be
1618 1169 1772 1203 repeated.
1803 1148 1810 1158 ι

203 1223 351 1272 gelium
385 1223 461 1259 hoc
494 1221 678 1270 precipit,
712 1234 785 1258 nec
809 1222 859 1258 ad
883 1220 1203 1269 baptizacionem
1229 1219 1406 1256 flaminis
1429 1231 1515 1255 cor—

205 1281 356 1331 poralis
389 1280 617 1328 baptizacio
651 1279 701 1316 sit
724 1280 907 1316 absolute
930 1278 1160 1316 necessario
1196 1277 1401 1326 requisita,
1434 1278 1516 1313 Nec

204 1341 320 1377 video
353 1339 462 1388 quod
494 1338 728 1387 ignoranter
760 1338 830 1375 sed
863 1350 943 1374 non
977 1334 1336 1384 contemptibiliter
1368 1335 1516 1372 iterans

205 1398 455 1446 corporalem
491 1396 740 1444 baptismum
775 1408 818 1432 ex
850 1397 925 1432 hoc
964 1403 1106 1443 peccat
1144 1394 1381 1440 mortaliter,
1424 1392 1518 1430 licet

206 1457 381 1506 quadam
415 1455 690 1492 sollicitudine
724 1454 835 1502 prius
868 1453 1061 1502 baptizati
1094 1465 1175 1489 non
1199 1453 1344 1489 debent
1376 1452 1516 1499 rebap-

207 1514 322 1552 tizari
356 1522 393 1550 et
437 1513 569 1562 posito
613 1512 843 1561 baptizante
888 1511 928 1550 in
973 1511 1188 1548 formidine
1232 1511 1378 1548 debent
1421 1511 1518 1557 bap-

206 1573 320 1610 tizari
341 1574 413 1609 sub
437 1571 678 1610 condicione
701 1584 773 1622 ego
803 1571 954 1624 baptizo
976 1578 1024 1617 te,
1049 1571 1082 1607 si
1110 1582 1182 1606 non
1205 1581 1244 1606 es
1260 1569 1374 1618 prius
1396 1568 1518 1618 bapti-

204 1639 326 1685 zatus,
362 1640 399 1667 et
423 1639 588 1678 propter
619 1629 901 1666 necessitatem
935 1627 1178 1665 sacramenti
1211 1626 1404 1675 baptismi
1436 1635 1517 1663 tam

207 1689 342 1727 clerici
375 1701 497 1737 quam
531 1688 623 1725 laici
656 1696 826 1735 possunt
858 1687 1042 1723 homines
1075 1686 1293 1734 baptizare.
1334 1685 1412 1721 Sed
1445 1684 1518 1720 dif-
1534 1703 1672 1739 ssaptism
1695 1703 1711 1729 b
1756 1703 1807 1729 he-

151 1765 165 1786 2
207 1747 364 1784 ficultas
410 1756 468 1783 est
511 1746 544 1782 si
590 1746 770 1783 infideles
803 1746 864 1782 vel
909 1745 1074 1781 heretici
1114 1752 1282 1792 possunt
1313 1742 1519 1790 baptizare
1551 1744 1642 1767 rencs
1663 1746 1700 1765 ²¹¹¹
1744 1738 1790 1765 in-

209 1805 345 1842 fideles
379 1808 437 1850 (ut
469 1804 720 1852 Augustinus
744 1803 909 1840 discutit
936 1804 983 1840 de
1006 1801 1259 1849 Donatistis).
1294 1803 1344 1838 Et
1364 1800 1522 1837 videtur
1571 1774 1658 1802 fidels
1683 1773 1775 1800 vahd'

209 1863 307 1900 mihi
360 1863 468 1911 quod
519 1862 748 1911 quicunque
799 1861 1067 1909 corporaliter
1118 1861 1190 1897 rite
1241 1858 1520 1907 baptizaverit,

210 1925 315 1958 Deus
350 1920 619 1969 spiritualiter
642 1920 830 1968 baptizat,
867 1928 904 1956 et
926 1928 1287 1968 quantumcunque
1311 1917 1400 1966 quis
1423 1918 1520 1965 bap-

212 1979 408 2026 tizaverit,
434 1979 631 2015 servando
648 1978 913 2024 ceremonias,
932 1980 1038 2014 Deus
1061 1977 1093 2013 si
1117 1976 1193 2013 sibi
1218 1974 1417 2024 placuerit
1438 1987 1521 2012 non

208 2037 400 2086 baptizat.
455 2038 657 2074 Debemus
691 2047 826 2073 tamen
861 2037 1024 2073 credere
1057 2036 1166 2084 quod
1200 2036 1306 2070 Deus
1340 2032 1521 2081 baptizat

207 2095 456 2144 regulariter,
482 2096 643 2144 quando
669 2094 842 2131 ministri
866 2094 949 2130 eius
967 2106 1047 2130 non
1063 2102 1219 2141 ponunt
1236 2091 1408 2128 obicem.
1432 2091 1521 2128 Sive

206 2154 334 2191 fidelis
351 2153 431 2190 sive
446 2153 619 2190 infidelis
635 2165 678 2189 ex
692 2152 829 2189 animo
846 2152 884 2188 in
900 2152 1064 2188 nomine
1080 2150 1228 2188 Christi
1245 2149 1522 2198 baptizaverit,

206 2215 313 2249 Deus
365 2224 445 2248 non
497 2213 682 2248 obstante
733 2210 973 2259 indignitate
1026 2222 1197 2258 persone
1245 2209 1354 2258 quod
1402 2221 1521 2245 suum
1555 2227 1624 2255 God
1647 2228 1720 2254 does
1742 2226 1788 2253 his

207 2281 265 2308 est
300 2269 469 2318 perficit,
504 2270 599 2318 quia
623 2269 740 2306 aliter
773 2269 813 2305 in
847 2268 1104 2305 confeccione
1128 2266 1342 2305 eucaristie
1375 2276 1413 2303 et
1447 2266 1519 2302 mi·
1538 2261 1811 2333 pffsstwigstifftssii’f

151 2337 166 2348 ”²
207 2328 452 2366 nistracione
475 2328 753 2376 cuiuscunque
776 2327 1018 2364 sacramenti
1042 2326 1208 2363 alterius
1231 2326 1333 2362 foret
1355 2324 1524 2361 ecclesia
1608 2333 1731 2359 nisters.

208 2387 406 2435 perplexa.
461 2387 539 2423 Sed
573 2387 666 2422 dato
700 2387 810 2434 quod
843 2385 932 2434 quis
973 2384 1064 2421 ficte
1098 2394 1135 2421 et
1176 2383 1394 2420 infideliter
1426 2384 1522 2430 bap-

278 2483 297 2502 1.
320 2477 363 2502 A:
385 2475 547 2508 reciperat.
655 2481 680 2500 2.
704 2473 772 2502 BC:
793 2474 984 2501 altricantur.
1102 2471 1127 2500 3.
1148 2473 1193 2500 A:
1214 2471 1262 2499 Jo.
1353 2469 1380 2507 3,
1401 2479 1429 2504 4.
1452 2469 1522 2498 BC:

208 2509 370 2546 proprium
395 2525 423 2528 —
443 2510 578 2545 graciam
599 2511 695 2537 deest.
838 2509 863 2536 5.
884 2508 952 2536 ssc:
982 2508 1071 2536 Unde
1092 2513 1134 2535 ut.
1278 2507 1306 2535 6.
1333 2507 1378 2535 A:
1400 2505 1521 2532 ultimo.

209 2553 236 2581 9.
260 2544 324 2573 BC:
347 2549 427 2571 sunt.
548 2552 588 2571 10.
611 2553 644 2572 ιι.
665 2545 709 2571 A:
731 2543 872 2570 domum.
993 2542 1030 2571 13,
1054 2545 1096 2571 A:
1119 2542 1255 2570 fidelem.
1378 2549 1419 2573 14.
1444 2542 1471 2567 A
1492 2540 1521 2567 in

210 2588 324 2614 marg:
352 2579 463 2607 Utrum
485 2579 632 2614 baptizati
654 2583 786 2614 possunt
808 2579 1004 2613 rebaptizari.
1103 2585 1142 2613 ¹7·
1163 2579 1206 2604 A:
1230 2584 1292 2603 non
1313 2576 1352 2603 sit
1373 2576 1522 2602 absolute.

210 2624 251 2650 ¹9·
272 2618 316 2642 A:
339 2619 478 2650 peccant.
551 2621 598 2641 20.
622 2617 664 2641 A:
688 2613 773 2648 prius
795 2613 890 2640 deest.
963 2620 1006 2640 22.
1028 2613 1072 2640 A:
1094 2617 1122 2640 te
1143 2612 1238 2639 deest.
1323 2619 1367 2642 22,
1387 2608 1430 2637 23.
1453 2608 1523 2636 BC:

210 2655 297 2678 antea
319 2649 501 2684 baptizatus.
573 2656 620 2684 24.
643 2650 685 2675 A:
709 2653 770 2675 tam
792 2648 859 2675 laici
881 2655 975 2683 quarn
997 2648 1098 2675 clerici
1185 2655 1231 2682 24,
1253 2645 1295 2672 25.
1311 2647 1339 2673 A
1354 2645 1383 2673 in
1406 2652 1522 2679 marg.:

210 2685 384 2712 difficultas
406 2683 427 2710 Β
448 2685 477 2710 in
500 2691 615 2718 marg:
636 2683 728 2711 Nota.
746 2682 886 2718 Questio.
908 2683 952 2710 A:
974 2683 1026 2710 sed
1050 2682 1196 2710 diffinitas
1217 2685 1272 2708 est.
1380 2687 1424 2715 27.
1451 2679 1470 2705 Β
1493 2680 1522 2705 in

212 2728 326 2753 marg.:
350 2719 492 2751 Soluci03
521 2720 566 2746 A:
593 2720 648 2746 rite
669 2717 887 2752 baptizaverat.
996 2725 1040 2752 ²9·
1064 2719 1107 2744 A:
1130 2715 1189 2744 sibi
1210 2717 1305 2743 deest.
1413 2713 1455 2742 33.
1477 2714 1522 2740 A:

211 2756 293 2782 Deus
314 2759 426 2781 autem.
535 2754 580 2787 34.
603 2756 646 2780 A:
668 2754 699 2780 in
720 2753 869 2780 faccione.
979 2751 1021 2780 35.
1044 2751 1084 2780 C:
1114 2756 1142 2778 et
1162 2752 1300 2778 alterius.
1409 2748 1454 2777 36.
1477 2749 1521 2775 A:

211 2790 303 2817 docto
325 2794 424 2824 quou3
447 2788 484 2815 ss:
508 2787 599 2816 docto
622 2792 670 2822 ut3
692 2786 732 2815 C:
757 2787 829 2815 dato
850 2793 892 2814 ut.

282 2872 334 2903 ²4·
362 2860 556 2904 Augustini,
585 2861 634 2891 De
662 2859 851 2902 Baptismo,
881 2859 972 2902 Opp.
1001 2859 1059 2898 lX,
1090 2857 1161 2901 189.
