2017 3353
197 228 333 258 seluto
354 217 447 275 mx]
706 231 848 263 PRIMA
875 231 999 262 PARS.

186 338 326 390 ficavit
360 339 515 374 domum
555 350 663 374 suam
705 349 823 388 super
857 349 1029 374 arenam.
1066 337 1241 383 Quidam
1277 348 1410 376 autem
1447 340 1528 376 edi-

199 396 320 434 ficant
364 394 438 432 sibi
483 396 727 445 temporales
772 396 914 434 domos
959 407 1057 444 quas
1101 394 1255 432 viantes
1299 396 1527 435 inhabitant

198 456 345 492 nedum
376 465 495 502 super
525 453 640 490 bonis
669 454 829 491 fortune
857 453 926 490 sed
956 465 1075 501 super
1104 453 1270 491 brachio
1297 455 1526 503 temporali.

199 514 276 550 Sed
320 512 396 549 ista
440 524 562 549 arena
607 524 697 549 cum
742 511 791 548 sit
835 520 993 548 tantum
1036 511 1224 549 volubilis
1269 520 1327 549 est
1360 512 1526 551 incerta.

167 570 391 617 &Quamvis
437 578 571 607 autem
616 582 738 607 arena
781 578 889 606 terra
933 569 1135 618 profunda
1180 569 1431 608 circumdata
1478 571 1527 609 sit

108 623 239 685 Ῑῗξῖῐᾶἰῃ
278 638 391 677 parte
435 637 496 665 sta
523 623 529 682 Ι
557 627 635 664 bile
679 628 1001 674 fundamentum,
1046 636 1326 666 verumtamen
1370 629 1527 678 privata

104 679 167 702 ²³³
200 700 221 724 a
259 686 494 724 fulcimento
531 694 664 722 terreo
703 687 751 722 de
788 684 895 722 facili
935 685 1086 722 corruit
1119 699 1189 734 per
1221 700 1417 736 aquarum
1452 687 1527 724 illi-

200 744 366 791 sionem,
400 753 442 781 ut
465 752 575 793 patet
608 744 656 780 de
688 745 829 781 sabulo
864 743 1033 781 marino.
1068 745 1169 781 Cum
1199 753 1333 782 autem
1357 745 1527 783 circum-

200 802 334 852 sepcio
355 802 446 839 talis
468 801 518 838 sit
544 801 754 848 instabilis,
778 810 888 851 patet
911 803 1019 852 quod
1035 801 1187 840 incerta
1210 812 1267 840 est
1289 816 1527 854 quecunque

145 876 184 898 10
200 862 342 898 domus
366 859 585 910 spiritualis
609 860 798 898 fundacio
827 873 1036 910 quousque
1066 862 1114 898 ad
1144 860 1320 910 primum
1349 862 1525 911 lapidem

200 919 249 956 sit
288 920 514 956 deventum.
555 921 657 955 Nam
697 918 891 968 quamdiu
925 920 1075 955 mundo
1115 918 1223 956 dives
1261 928 1394 969 potest
1434 933 1525 957 cum

200 977 279 1014 suis
318 976 471 1014 diviciis
511 976 762 1014 circumdare
801 985 985 1026 potentes
1030 977 1225 1014 volubiles
1269 987 1312 1015 ut
1345 991 1522 1025 arenam,

199 1044 326 1072 status
370 1047 464 1072 suus
510 1035 735 1072 mundanus
781 1034 938 1072 defendi
983 1035 1144 1084 poterit7
1196 1038 1265 1073 sed
1317 1036 1525 1073 assistente

200 1103 310 1131 certo
344 1102 455 1130 motu
487 1093 549 1130 vel
581 1093 749 1130 fortuitu
791 1092 1026 1130 diviciarum
1069 1094 1226 1130 defluxu
1266 1094 1400 1132 deficit
1439 1095 1524 1131 fun-

147 1154 434 1189 15damentum
468 1159 504 1188 et
537 1150 686 1188 omnia.
721 1151 786 1188 Sic
820 1151 974 1189 mistice
1007 1160 1064 1188 est
1098 1153 1146 1189 de
1174 1151 1372 1201 spirituali
1403 1155 1524 1190 domo

200 1210 274 1247 nisi
308 1210 348 1246 in
380 1209 556 1246 Domino
590 1218 627 1245 et
658 1208 872 1247 virtutibus
906 1209 955 1246 sit
988 1210 1167 1247 fundata.

258 1268 374 1305 Circa
403 1268 479 1305 hoc
509 1267 758 1316 evangelium
782 1267 989 1305 dubitatur
1018 1267 1049 1305 si
1080 1270 1223 1306 domus
1246 1269 1346 1305 tales
1372 1269 1525 1317 private

200 1336 241 1363 ut
287 1326 455 1374 collegia
507 1334 543 1363 et
594 1325 883 1374 possessionati
928 1326 1089 1363 ordines
1142 1326 1181 1363 in
1231 1327 1523 1375 temporalibus

200 1383 500 1422 racionabiliter
537 1383 615 1421 sint
654 1384 832 1422 fundata.
873 1386 921 1421 Et
959 1384 1116 1421 videtur
1156 1386 1263 1434 quod
1296 1398 1390 1432 non,
1431 1386 1524 1434 quia

145 1458 185 1480 20
200 1456 289 1480 cum
324 1442 546 1491 corporalis
578 1441 767 1479 fundacio
800 1442 849 1479 sit
883 1443 937 1479 eis
977 1442 1252 1492 impertinens,
1285 1456 1367 1480 non
1400 1453 1523 1480 restat

198 1501 276 1538 illis
308 1499 383 1537 nisi
422 1500 610 1537 fundacio
652 1500 890 1550 spiritualis:
925 1501 993 1538 sed
1026 1501 1094 1538 illa
1127 1514 1208 1538 non
1247 1510 1379 1550 potest
1419 1511 1524 1539 certe

198 1559 334 1596 inferri
379 1558 419 1595 in
463 1559 547 1595 istis
592 1558 848 1605 stercoribus*⁷
897 1571 990 1607 ergo
1035 1559 1166 1596 omnis
1205 1559 1295 1597 talis
1333 1560 1523 1597 fundacio

199 1627 255 1654 est
288 1617 454 1654 incerta.
489 1620 570 1654 Nec
604 1617 744 1653 dubito
786 1618 833 1654 de
872 1618 947 1654 ista
981 1617 1252 1665 conclusione,
1287 1618 1380 1667 quia
1413 1619 1523 1655 nulla

198 1676 300 1712 foret
332 1675 422 1711 talis
456 1675 656 1721 fundacio,
691 1675 766 1711 nisi
799 1675 901 1712 foret
940 1675 980 1712 in
1012 1675 1170 1721 virtute,
1205 1677 1273 1713 sed
1305 1676 1396 1713 talis
1434 1690 1522 1725 per-

141 1738 181 1770 25
198 1733 372 1782 petuitas
405 1733 444 1770 in
477 1733 768 1781 temporalibus
801 1733 841 1770 in
876 1733 1017 1770 maiori
1052 1743 1165 1782 parte
1198 1734 1303 1771 fovet
1333 1734 1520 1781 discolos,

198 1800 306 1828 caret
351 1791 592 1828 fundacione
636 1804 658 1828 a
704 1792 863 1829 Christo
914 1800 951 1829 et
1003 1801 1059 1828 est
1106 1792 1309 1830 contraria
1353 1793 1519 1830 racioni.

199 1852 321 1886 Fovet
353 1849 546 1899 (inquam)
582 1849 767 1895 discolos,
809 1849 903 1899 quia
942 1859 1299 1900 quantumcunque
1338 1851 1520 1888 homines

196 1907 342 1944 fuerint
380 1907 614 1945 abscondite
658 1907 808 1955 viciosi,
856 1909 950 1945 dum
995 1917 1131 1945 tamen
1175 1907 1329 1957 accepti
1375 1909 1520 1946 fuerint

196 1967 415 2003 secundum
442 1967 688 2003 mundanam
713 1966 1012 2015 apparenciam,
1037 1969 1086 2003 ad
1111 1967 1229 2003 talem
1257 1967 1517 2004 elemosinam

140 2030 182 2062 30
196 2024 408 2062 vendicant
424 2033 618 2073 perpetuo
635 2036 718 2061 esse
739 2023 806 2071 ibi,
830 2033 867 2062 et
888 2024 978 2062 talis
999 2024 1191 2062 securitas
1213 2025 1307 2062 facit
1322 2025 1518 2074 plurimos

198 2082 406 2119 discolare.

255 2140 303 2177 Et
343 2149 538 2189 quantum
578 2141 628 2177 ad
667 2140 949 2177 fundacionem
991 2155 1012 2178 a
1055 2141 1226 2187 Christo,
1262 2149 1370 2190 patet
1410 2144 1517 2190 quod

197 2199 280 2248 ipse
313 2211 383 2247 per
415 2207 544 2235 totum
580 2198 841 2247 evangelium,
876 2199 942 2235 ubi
977 2199 1156 2248 loquitur
1195 2202 1242 2236 de
1275 2200 1516 2236 fundacione

195 2258 256 2293 vel
290 2256 514 2303 dotacione,
548 2257 727 2306 loquitur
767 2259 814 2293 de
854 2257 932 2294 alia
965 2257 1163 2306 spirituali
1197 2258 1437 2294 fundacione
1477 2258 1517 2294 in

142 2324 179 2356 35
199 2315 389 2361 moribus,
424 2328 545 2364 quam
584 2328 664 2352 non
703 2315 948 2364 presumpsit
986 2318 1081 2353 dare
1120 2316 1361 2353 hereditarie
1401 2329 1516 2364 gene—

196 2372 348 2410 racioni
380 2372 581 2410 viancium
621 2375 688 2410 sed
729 2374 1032 2423 quibuscunque
1071 2374 1138 2423 qui
1178 2375 1300 2422 gratis
1340 2374 1515 2411 virtuose

195 2431 477 2476 laboraverint,
502 2433 610 2480 quod
634 2444 723 2468 cum
748 2432 881 2480 posuit
905 2432 943 2469 in
968 2432 1142 2469 hominis
1164 2432 1289 2470 libera
1304 2441 1513 2481 potestate,

264 2573 289 2593 2.
309 2566 352 2593 A:
376 2565 433 2592 sibi
455 2565 547 2592 deest.
616 2564 640 2592 3.
663 2567 706 2593 A:
730 2566 819 2593 bona.
884 2576 913 2601 4.
936 2567 977 2594 D:
1000 2568 1051 2595 illa
1074 2575 1181 2600 arena:
1205 2566 1270 2594 HC:
1294 2565 1353 2593 Sed
1375 2571 1513 2593 creatura

194 2605 324 2628 terrena.
432 2608 458 2635 7.
480 2599 506 2626 8.
527 2601 571 2627 A:
594 2600 781 2628 illusionem.
891 2609 931 2629 10.
953 2603 997 2629 A:
1026 2602 1246 2635 fundamento:
1277 2601 1345 2628 DE:
1374 2601 1511 2628 fundata.

195 2644 230 2662 11.
251 2634 378 2662 ABCD:
407 2634 514 2662 mundi
536 2634 632 2662 dives.
741 2643 779 2662 12.
800 2636 845 2663 A:
876 2641 994 2671 potens.
1104 2635 1142 2664 13.
1164 2636 1205 2663 D:
1235 2640 1332 2663 status
1353 2644 1511 2669 summus:

194 2670 233 2697 E:
257 2677 398 2697 summus
419 2677 497 2696 corr.
519 2669 566 2697 in:
589 2678 679 2703 suus;
707 2670 746 2697 ib.
768 2670 811 2698 A:
834 2676 950 2698 astante
970 2676 1065 2705 terre:
1089 2671 1127 2698 B:
1149 2670 1354 2698 assistentem.
1412 2679 1453 2705 14.
1471 2670 1509 2697 E:

195 2704 348 2732 defecerit.
422 2703 460 2731 15.
481 2704 525 2731 A:
549 2709 576 2732 ct
597 2705 735 2732 omnino.
810 2713 848 2740 17.
864 2706 919 2733 ΑΕ
939 2706 968 2733 in
991 2715 1104 2739 marga
1126 2705 1278 2740 Dubium3
1301 2705 1322 2732 Β
1344 2705 1373 2732 in
1395 2713 1508 2739 marga

196 2739 336 2774 QuestiO.
357 2738 477 2766 Domus
492 2739 657 2766 elemosine
673 2739 805 2774 private:
826 2740 867 2767 ib.
884 2741 927 2768 A:
949 2746 1051 2768 utrum
1062 2740 1181 2768 ‘domus
1196 2739 1361 2767 elemosine
1382 2739 1509 2774 private.

196 2782 237 2809 ¹9·
259 2773 385 2802 ACDF:
418 2778 487 2800 sunt
513 2773 657 2808 fundata;
687 2774 727 2802 ib.
748 2775 773 2802 D
801 2774 831 2801 in
858 2783 970 2811 marg:
1003 2775 1212 2811 Collegiorum
1239 2774 1399 2808 fundacio3
1430 2774 1453 2801 E
1480 2774 1508 2801 in

196 2816 261 2836 mar
286 2818 308 2835 ,ε
331 2807 446 2835 Contra
466 2808 684 2836 fundacionem
704 2810 904 2844 collegiorum
926 2815 953 2837 ct
975 2810 1224 2845 privilegiorum:
1245 2809 1318 2836 Ain
1336 2817 1447 2843 marg:
1471 2810 1508 2836 A.

193 2851 237 2870 22.
291 2852 297 2871 :
318 2842 421 2870 inseri.
479 2842 523 2870 28.
539 2843 607 2871 DE:
629 2843 743 2879 accepti
765 2849 835 2872 sunt
856 2853 956 2880 super.
1014 2844 1055 2872 32.
1078 2844 1105 2872 A
1126 2844 1153 2871 in
1177 2852 1291 2879 marg:
1313 2844 1345 2871 B.
1404 2843 1446 2879 37.
1463 2844 1507 2871 A:

192 2878 425 2912 laboraverunt3
452 2877 491 2905 ib.
514 2878 558 2905 A:
582 2877 676 2905 libera
698 2878 791 2906 deest.

1738 225 1816 272 389

1556 350 1684 387 liarlllly
1706 352 1815 378 wealtli

1590 387 1616 415 is
1638 396 1671 414 as
1693 388 1781 415 saud.

1602 1271 1759 1299 lindowe-d

1571 1306 1702 1341 college-s
1725 1309 1782 1335 aud

1601 1348 1759 1370 courcnts.

1544 2156 1739 2184 foundation
1763 2158 1791 2185 iu

1553 2190 1657 2218 Christ
1678 2198 1789 2220 cannot

1583 2227 1617 2253 be
1639 2228 1757 2255 handcd

1594 2262 1685 2289 down
1710 2263 1746 2299 by

1567 2297 1753 2325 inheritance
