2017 3353
239 247 376 276 smnio
398 237 524 294 xvm]
744 247 883 282 PRIMA
912 249 1037 281 PARS.

238 358 324 393 Non
363 356 611 394 mechaberis.
656 357 705 391 Et
743 368 833 391 cum
880 355 1061 391 Christus
1099 356 1215 391 debet
1255 366 1338 391 esse
1382 367 1551 402 sponsus

236 415 365 451 tocius
410 414 574 452 ecclesie
618 422 655 449 et
700 413 910 449 cuiuslibet
956 413 1125 449 membri
1170 412 1243 458 sui,
1289 421 1398 460 patet
1443 415 1551 461 quod

236 473 403 521 quilibet
436 473 503 521 qui
535 471 702 508 offendit
734 471 774 507 in
807 472 1043 508 mandatum
1074 471 1251 519 aliquod,
1287 471 1334 507 de
1358 479 1472 507 tanto
1496 480 1552 507 est

238 532 400 567 mechus
423 529 640 579 spiritualis
666 530 725 576 (ut
748 541 839 577 sepe
863 529 1032 577 explicat
1061 529 1259 577 scriptura
1282 528 1551 577 prophetica).

204 589 361 626 §Aliter
400 588 505 625 enim
544 587 788 624 luxuriantes
831 586 1104 623 fornicacione
1143 586 1316 635 simplici
1362 587 1553 623 haberent

237 647 539 683 excusacionem
572 646 611 682 in
646 645 972 694 prevaricacione
1005 645 1121 681 huius
1155 644 1348 690 mandati,
1383 657 1472 680 cum
1511 654 1554 681 ut

237 705 333 741 false
378 704 616 746 defenditur,
656 716 737 740 non
776 703 996 751 precipitur
1039 703 1114 739 nisi
1163 702 1428 751 corporaliter
1472 715 1553 739 non

239 763 428 800 mechari.
467 762 683 810 Apostolus
726 770 862 798 tamen
901 762 951 798 ad
990 761 1168 810 Ephesos
1206 762 1261 796 VO
1306 760 1401 796 dicit
1446 762 1555 809 quod

237 822 359 857 omnis
392 821 621 870 fornicator
657 827 723 856 aut
764 832 909 855 avarus
955 832 1028 855 non
1072 819 1185 855 habet
1228 819 1479 855 hereditatem
1521 819 1556 854 in

184 892 359 930 107·egno
397 879 545 915 Christi
573 886 608 915 et
640 878 727 925 Dei,
760 879 834 914 hoc
868 886 937 923 est,
962 877 1093 914 omnis
1126 877 1193 926 qui
1216 877 1300 913 istis
1324 876 1557 913 criminibus

237 946 294 974 est
318 936 491 973 finaliter
523 936 719 976 irretitus:
754 937 859 972 unde
891 935 1033 983 triplex
1066 935 1274 972 mechacio
1308 943 1364 971 est
1387 934 1555 982 signata,

235 994 385 1031 scilicet
418 994 652 1043 corporalis,
687 993 906 1042 spiritualis
938 994 999 1030 vel
1034 993 1155 1030 mixta
1179 992 1415 1041 corporalis.
1450 995 1556 1038 Qua—

236 1063 327 1089 tuor
360 1053 490 1089 modis
523 1062 655 1101 potest
688 1052 932 1100 contingere,
967 1060 1010 1088 ut
1042 1053 1205 1100 quando
1227 1051 1286 1087 vir
1320 1051 1557 1099 coniugatus

235 1111 406 1148 alienam
432 1111 688 1159 coniugatam
713 1110 931 1159 cognoscit,
954 1110 1015 1146 vel
1038 1109 1157 1146 aliam
1181 1122 1263 1146 non
1287 1109 1555 1157 coniugatam,

183 1169 360 1208 15tercio
405 1170 567 1217 quando
612 1181 710 1205 uxor
758 1168 972 1216 coniugata
1016 1169 1066 1205 ad
1110 1167 1394 1204 incitacionem
1442 1180 1555 1204 suam

235 1227 366 1264 alieno
400 1227 614 1275 coniugato
647 1226 888 1275 supponitur
920 1227 1029 1275 quod
1062 1235 1119 1262 est
1158 1225 1448 1274 turpissimum,
1488 1226 1556 1262 sed

236 1295 379 1334 quarto
413 1286 574 1334 quando
608 1285 762 1322 homini
795 1297 875 1321 non
907 1284 1121 1332 coniugato
1150 1284 1272 1332 gratis
1302 1283 1555 1332 supponitur.

238 1346 318 1380 Nec
363 1353 470 1380 caret
517 1343 632 1379 huius
672 1343 851 1380 mandati
891 1342 1163 1390 prevaricacio
1208 1342 1324 1378 obvia
1369 1341 1556 1385 racionis,

239 1414 329 1438 cum
376 1414 496 1438 nemo
542 1401 671 1449 diligit
714 1401 826 1437 illum
866 1400 1093 1449 proximum
1139 1400 1398 1448 coniugatum
1446 1399 1556 1436 cuius

180 1475 222 1497 20
238 1469 362 1508 parte,
398 1461 473 1496 hoc
507 1469 576 1506 est,
610 1472 732 1496 uxore
764 1459 942 1496 abutitur
972 1458 1048 1495 isto
1073 1459 1208 1495 modo.
1243 1460 1291 1494 Et
1320 1458 1425 1494 idem
1456 1457 1556 1494 iudi-

237 1526 350 1554 catur
373 1518 635 1555 conformiter
659 1519 706 1554 de
728 1530 862 1554 uxore.
888 1517 1109 1565 Loquendo
1133 1525 1266 1553 autem
1295 1515 1557 1564 spiritualiter

236 1576 464 1625 quicunque
503 1577 625 1613 homo
665 1577 873 1612 mechatur
913 1588 1003 1612 cum
1042 1575 1130 1623 ipso
1169 1575 1343 1620 diabolo,
1385 1587 1475 1610 cum
1516 1574 1556 1610 in

235 1634 370 1683 aliquo
403 1634 486 1671 eius
519 1634 802 1683 temptacionis
834 1633 1002 1682 triplicis
1036 1633 1110 1669 sibi
1144 1632 1391 1670 consenserit
1433 1634 1556 1669 modo

235 1692 356 1729 dicto.
392 1692 544 1729 Mixtim
579 1701 712 1729 autem
746 1701 828 1728 tarn
860 1691 1125 1740 corporaliter
1148 1704 1269 1739 quam
1294 1690 1556 1739 spiritualiter

178 1754 216 1787 25
235 1752 442 1787 mechatur
476 1751 643 1799 quilibet
676 1750 743 1799 qui
778 1750 1043 1798 corporaliter
1077 1758 1134 1785 est
1166 1750 1386 1786 mechatus.
1421 1749 1469 1785 Et
1499 1757 1556 1785 est

233 1810 453 1857 dampnum
489 1808 643 1845 mechie
673 1808 793 1844 nimis
825 1807 1023 1851 sensibile,
1063 1820 1153 1843 cum
1193 1819 1237 1843 ex
1268 1807 1336 1843 illa
1374 1816 1557 1855 patenter

233 1867 418 1903 oriuntur
440 1880 583 1915 pugne,
618 1866 936 1903 hereditaciones
966 1866 1061 1902 false
1085 1874 1122 1901 et
1147 1864 1457 1913 coniugaciones
1481 1878 1556 1913 que

234 1925 274 1960 in
332 1924 724 1961 dehonoracionibus
779 1933 993 1972 parentum
1050 1923 1295 1960 naturalium
1347 1922 1557 1971 illegaliter

1765 255 1838 292 127

1580 366 1623 393 δώ
1644 367 1825 394 command-

1660 406 1752 428 ment.

1581 949 1716 977 Various
1737 951 1835 978 forms

1606 985 1641 1012 ot·
1660 986 1809 1021 adultery.

235 1992 326 2019 sunt
368 1992 512 2019 exorte.
559 1982 730 2019 Maxime
778 1991 911 2019 autern
957 1990 1075 2018 nocet
1120 1981 1339 2030 spiritualis
1385 1981 1718 2031 mechia,sp11-imal
1758 1997 1843 2024 adul-

177 2046 220 2079 30
236 2043 397 2089 quando
431 2054 600 2089 sponsus
634 2041 799 2077 ecclesie
832 2040 1015 2077 Christus
1054 2039 1269 2075 dimittitur
1316 2048 1351 2075 et
1393 2039 1555 2076 diabolo

235 2100 461 2136 adheretur.
496 2100 611 2136 Unde
644 2100 864 2135 secundum
898 2098 1218 2135 Lincolniensem
1247 2097 1302 2133 sic
1327 2106 1384 2133 est
1417 2097 1456 2133 in
1480 2097 1555 2134 ista

236 2157 403 2203 mechia,
437 2157 539 2194 sicut
562 2158 663 2194 foret
695 2157 849 2194 abiecte
881 2169 1025 2205 sponse
1056 2169 1145 2192 cum
1170 2168 1318 2204 sponso
1343 2155 1553 2199 ditissimo,

235 2215 459 2252 castissimo
493 2224 530 2252 et
563 2215 835 2264 pulcherrimo
869 2214 1124 2252 accumbenti
1158 2226 1233 2263 que
1258 2213 1554 2250 meretricando

235 2286 326 2310 cum
359 2275 543 2310 adultero
575 2273 810 2322 turpissimo
850 2274 952 2310 clam
994 2286 1083 2309 eum
1118 2272 1158 2308 in
1192 2273 1339 2308 lectum
1373 2272 1554 2308 introdu-

178 2336 340 2370 35ceret
385 2341 422 2368 et
467 2332 632 2368 dimisso
686 2345 835 2380 sponso
883 2332 1023 2380 pulcro
1076 2331 1257 2379 predicto
1311 2331 1386 2366 hoc
1439 2339 1554 2377 turpe

236 2398 460 2426 monstrum
501 2391 726 2438 amplexata
764 2389 882 2426 fuerit
920 2389 1136 2437 impudice.
1176 2389 1240 2425 Sic
1273 2397 1330 2425 est
1363 2390 1410 2424 de
1443 2388 1553 2424 omni

235 2447 424 2484 existente
467 2448 507 2484 in
550 2448 682 2496 gracia
729 2449 947 2484 secundum
982 2456 1206 2495 presentem
1241 2446 1440 2483 iusticiam
1487 2445 1554 2494 qui

237 2505 410 2542 dimissis
448 2506 601 2554 legibus
640 2505 788 2543 Christi
827 2507 1003 2543 cautelas
1043 2505 1193 2542 diaboli
1234 2503 1427 2542 imitatur.
1462 2505 1554 2540 Ideo

307 2717 327 2737 1.
350 2709 370 2737 Β
391 2709 420 2737 iu
443 2718 557 2745 marg:
578 2709 647 2737 Non
670 2709 871 2738 mechaberis,
893 2709 1072 2737 Mandatum
1094 2713 1212 2737 sextum
1235 2709 1406 2735 declaratur
1431 2713 1458 2734 et
1479 2716 1553 2742 quo-

238 2745 331 2771 modo
353 2744 495 2772 violatur.
581 2744 607 2772 8.
630 2745 670 2772 C:
692 2745 728 2771 ad
751 2745 844 2772 deest.
956 2753 994 2772 12.
1017 2745 1037 2771 B
1059 2745 1088 2771 in
1111 2753 1225 2779 marg.:
1253 2743 1423 2771 Forncacio
1444 2743 1554 2777 triplex

238 2779 346 2813 legitur
366 2785 392 2806 ct
413 2785 487 2814 quot
508 2780 609 2807 modis
630 2780 763 2814 quelibet
784 2779 905 2806 illarum
929 2780 1018 2806 habet
1038 2779 1305 2839 s'rectir1s:(p(›tes11
1328 2777 1401 2805 fieri.
1455 2786 1492 2812 15.
1509 2778 1552 2803 A:

239 2822 298 2840 nou
320 2814 414 2841 deest.
494 2823 533 2843 21.
555 2823 598 2841 22.
620 2814 686 2841 BC:
709 2814 884 2850 quicunque
906 2819 1018 2841 autem.
1099 2813 1141 2841 23.
1165 2814 1230 2841 132:
1253 2813 1364 2847 aliqua.
1439 2820 1485 2844 24.
1507 2813 1552 2838 A:

239 2849 282 2874 xcl
305 2848 396 2876 dicto.
471 2858 515 2884 27⁴
537 2851 581 2876 A:
604 2857 747 2884 pungere.
815 2848 860 2876 130.
883 2850 926 2875 A:
950 2849 1092 2875 Christus
1114 2849 1207 2875 deest.
1274 2847 1316 2874 1³2.
1339 2846 1404 2873 HC:
1427 2846 1553 2873 obiecte,

238 2882 280 2910 33.
303 2884 326 2909 (Σ
347 2889 372 2909 ct
395 2884 494 2914 deest:
518 2885 554 2911 B:
577 2884 783 2911 occumbenti.

1570 2035 1635 2058 tcrv
1672 2032 1722 2058 the
1763 2037 1844 2058 most

1617 2063 1622 2067 “
1634 2066 1777 2093 harmful.
