2017 3353
231 259 366 287 smnio
388 248 513 305 ΠΜ]
750 260 892 292 PRlMA
918 260 1040 292 PARS.

232 369 267 404 in
313 367 416 403 omni
453 369 567 404 verbo
607 368 708 416 quod
749 366 928 416 procedit
973 367 1020 402 de
1063 378 1130 402 ore
1170 366 1255 401 Dei.
1310 369 1410 404 Cum
1456 379 1549 414 ergo

231 427 396 463 verbum
416 424 486 461 Dei
510 425 559 462 sit
583 434 719 474 pastus
743 423 945 460 interioris
970 423 1142 460 hominis
1167 432 1203 459 et
1228 436 1329 471 pane
1355 423 1550 460 materiali

233 482 482 533 prestancius
521 484 578 530 (ut
618 491 728 531 patet
762 494 806 519 ex
839 481 986 529 dictis),
1028 490 1136 530 patet
1170 480 1316 519 cecitas
1350 482 1552 518 evidencic

233 540 382 578 diaboli
417 543 525 589 quod
558 540 739 578 Christus
771 539 1040 588 superbiendo
1073 540 1221 575 faceret
1253 540 1359 577 istud
1389 549 1553 588 propter

201 603 345 636 §suam
380 599 570 642 esuriem;
611 611 701 635 cum
735 597 844 635 racio
877 597 1091 634 necessitat
1124 599 1231 646 quod
1260 607 1396 647 pastus
1420 597 1553 634 anime

234 657 301 707 qui
333 670 414 694 non
454 657 585 705 potuit
626 656 787 693 Christo
820 655 1003 701 deficere,
1044 655 1172 691 fuerat
1212 656 1338 704 magis
1377 656 1552 704 placens,

235 725 272 752 et
309 724 552 764 postponere
593 714 718 762 magis
758 715 907 751 bonum
948 726 1021 762 pro
1062 713 1193 749 minus
1233 716 1339 751 bono
1379 714 1480 750 foret
1514 712 1553 749 in

235 773 394 810 Christo
439 773 558 809 nimis
604 772 815 821 culpabile.
874 773 975 808 Cum
1021 771 1127 808 enim
1177 771 1287 809 cibus
1334 771 1554 820 spiritualis

235 831 361 868 eciam
402 831 529 879 pascit
567 844 725 879 corpus,
766 829 988 878 mitigando
1026 829 1087 866 vel
1118 829 1333 867 nutriendo
1378 831 1551 866 calorem

181 890 459 926 1011aturalem
492 902 542 926 ne
575 897 786 925 consumat
819 887 1030 925 humidum
1064 887 1251 934 radicale,
1285 897 1327 924 ut
1361 897 1470 936 patet
1507 889 1554 924 de

236 950 371 996 Moyse
405 947 673 996 quadraginta
696 946 835 983 diebus
857 955 972 995 pasto
996 958 1067 994 per
1088 947 1210 983 verba
1226 945 1388 983 Domini
1414 945 1555 982 melius

236 1018 357 1054 quam
392 1005 482 1042 cibo
516 1004 717 1054 corporali
742 1007 800 1049 (ut
832 1013 941 1053 patet
965 1003 1090 1041 Exodi
1113 1005 1234 1041 XXIV
1267 1014 1304 1041 et
1327 1005 1554 1050 XXX11110).

237 1072 346 1113 patet
378 1063 538 1100 nuditas
572 1063 798 1111 argumenti
838 1062 989 1099 diaboli
1029 1063 1137 1111 quod
1170 1062 1352 1099 Christus
1391 1064 1467 1099 hoc
1501 1063 1555 1099 fa-

237 1130 343 1159 ceret
375 1130 541 1170 propter
573 1121 744 1158 esuriem
779 1121 1100 1169 extinguendam.

184 1182 221 1215 15
296 1181 482 1217 Secundo
515 1179 699 1216 diabolus
732 1179 943 1228 temptavit
977 1178 1181 1215 Christum
1216 1179 1431 1215 deferendo
1466 1191 1555 1214 eum

239 1251 308 1287 per
345 1238 565 1274 Jerusalem
605 1246 643 1274 et
681 1238 895 1274 statuendo
936 1249 1026 1273 eum
1072 1249 1191 1285 super
1236 1235 1557 1274 deambulatoria

238 1296 390 1345 templi,
426 1305 462 1332 et
496 1297 567 1332 hec
602 1295 821 1344 temptacio
856 1294 1052 1332 direccius
1085 1296 1275 1331 tendebat
1307 1303 1350 1331 ut
1374 1294 1558 1331 diabolus

239 1354 443 1391 Christum
482 1354 630 1391 faceret
675 1353 895 1402 superbire.
940 1355 1042 1389 Nam
1077 1354 1199 1389 homo
1233 1353 1401 1399 delatus,
1442 1365 1487 1389 ac
1526 1352 1557 1388 si

238 1413 391 1449 volaret
423 1424 542 1460 super
574 1420 657 1449 tam
690 1412 940 1460 solempnem
974 1410 1175 1448 civitatem
1215 1419 1252 1447 et
1291 1420 1381 1459 post
1405 1410 1445 1447 in
1468 1411 1557 1447 loco

184 1480 321 1508 aotam
366 1470 578 1518 solempni,
623 1470 725 1507 sicut
768 1469 842 1506 fuit
886 1469 1149 1518 pinnaculum
1198 1469 1351 1517 templi,
1401 1481 1472 1517 per
1518 1481 1558 1505 se

240 1529 510 1575 descenderet,
541 1528 680 1565 exhinc
713 1541 735 1565 a
763 1527 963 1576 probabili
992 1527 1228 1576 superbiret.
1259 1529 1307 1563 Et
1334 1526 1397 1564 hic
1420 1539 1558 1563 sensus

238 1586 395 1623 videtur
428 1599 472 1623 ex
502 1595 610 1623 textu
649 1586 750 1631 elici,
792 1599 882 1622 cum
922 1585 1106 1622 diabolus
1139 1585 1343 1622 Christum
1377 1598 1558 1633 assump-

240 1645 290 1681 sit
328 1644 368 1681 in
412 1653 593 1681 sanctam
634 1644 835 1681 civitatem
876 1653 913 1680 et
951 1656 1042 1680 eum
1081 1643 1220 1680 statuit
1258 1656 1379 1691 supra
1418 1642 1557 1691 templi

241 1703 516 1751 pinnaculum.
550 1702 591 1739 Si
625 1702 730 1739 enim
764 1702 980 1750 permissus
1014 1710 1071 1738 est
1099 1702 1247 1738 habere
1269 1714 1388 1749 super
1413 1714 1558 1749 corpus

186 1762 226 1795 25
242 1761 390 1798 Christi
433 1769 587 1797 tantam
631 1760 876 1809 potenciam,
922 1769 964 1796 ut
1002 1759 1134 1808 ipsum
1180 1761 1227 1795 de
1265 1759 1381 1795 terris
1420 1760 1556 1798 elevet.

240 1819 455 1855 verisimile
488 1827 544 1855 est
578 1820 686 1867 quod
718 1818 759 1855 in
791 1817 1037 1855 evidenciam
1071 1829 1140 1854 sue
1172 1817 1456 1866 temptacionis
1489 1829 1559 1864 per

242 1878 375 1914 locum
410 1878 530 1913 talem
563 1878 724 1913 veheret
755 1875 823 1912 ubi
847 1875 1074 1912 evidencius
1097 1875 1335 1924 superbiret.
1370 1876 1462 1911 Ideo
1485 1874 1560 1911 ista

241 1934 469 1984 preposicio
502 1934 675 1983 insignat
714 1933 1066 1971 circumstanciam
1099 1933 1393 1982 superioritatis
1427 1934 1559 1981 quoad

243 1992 444 2030 civitatem
496 1994 730 2029 Jerusalem.
784 1993 862 2029 Sed
913 2000 1077 2040 putatur
1130 2004 1152 2028 a
1206 1991 1406 2039 probabili
1452 1992 1560 2039 quod

186 2053 228 2086 30
243 2051 439 2088 Dominus
473 2051 668 2099 percussit
700 2051 896 2100 populum
937 2049 1107 2087 civitatis
1140 2049 1297 2094 acrisia,
1339 2050 1447 2098 quod
1480 2061 1561 2085 non

242 2109 422 2146 viderent
455 2109 704 2146 delacionem
738 2107 886 2146 Christi
919 2120 989 2157 per
1022 2107 1145 2153 illam,
1180 2107 1273 2156 quia
1312 2107 1428 2144 aliter
1459 2107 1561 2143 foret

244 2167 326 2204 eius
359 2167 512 2204 delacio
545 2168 633 2216 plus
665 2168 833 2203 famosa.
867 2168 915 2202 Et
947 2166 987 2202 in
1021 2167 1096 2202 hoc
1120 2167 1237 2202 docet
1261 2165 1560 2214 mitigacionem

243 2225 526 2274 temptacionis
559 2225 721 2271 diaboli,
756 2237 805 2261 ne
839 2223 1029 2261 membris
1063 2223 1210 2260 Christi
1237 2232 1393 2260 tantum
1417 2232 1562 2260 noceat

244 2292 287 2320 ut
333 2283 517 2320 intendit.
566 2286 614 2319 Et
661 2282 846 2331 allegavit
893 2282 1076 2319 diabolus
1123 2282 1364 2330 scripturam
1414 2281 1561 2318 Psalmi

187 2342 228 2375 35
246 2336 441 2385 LXXXXi,
483 2355 522 2378 11
564 2342 611 2378 de
634 2341 791 2387 Messia,
817 2341 1023 2389 quomodo
1047 2341 1155 2377 Deus
1181 2341 1333 2390 angelis
1353 2340 1432 2376 suis
1454 2352 1561 2375 man-

245 2400 351 2435 davit
388 2407 427 2435 ut
460 2399 597 2436 tollant
635 2400 757 2449 ipsum
791 2399 827 2435 in
865 2399 1050 2444 manibus,
1090 2411 1135 2434 ne
1162 2399 1276 2447 forte
1313 2398 1481 2447 offendat
1511 2398 1563 2433 ad

246 2458 411 2507 lapidem
442 2458 579 2506 pedem
612 2470 734 2493 suum.
768 2459 850 2493 Nec
883 2456 1029 2493 mirum
1070 2469 1160 2492 cum
1195 2455 1377 2504 permisit
1410 2456 1559 2491 malum

246 2516 431 2563 angelum
472 2515 602 2563 ipsum
643 2527 712 2563 per
751 2523 907 2551 tantum
948 2514 1128 2563 spacium
1168 2514 1224 2551 sic
1263 2514 1429 2550 deferre.
1485 2514 1560 2549 Sed

248 2572 428 2610 Christus
474 2573 680 2621 respondit
729 2572 802 2609 sibi
850 2585 920 2621 per
967 2572 1208 2620 scripturam
1258 2570 1561 2608 Deuteronomii

188 2631 345 2676 40V110,
387 2632 452 2667 16:
494 2631 689 2679 Scriptum
729 2638 797 2675 est,
830 2643 902 2666 non
942 2630 1144 2679 temptabis
1177 2630 1401 2675 Dominum,
1435 2630 1560 2664 Deum

247 2696 364 2724 tuum.
399 2690 459 2724 Ad
493 2688 588 2737 quid
621 2701 715 2736 ergo
748 2687 927 2735 oportuit
960 2687 1162 2724 Christum
1192 2687 1230 2723 in
1253 2700 1343 2723 aere
1367 2700 1406 2723 se
1430 2686 1559 2734 ipsum

317 2808 342 2826 2.
365 2801 408 2826 A:
430 2799 485 2827 Dei
506 2799 600 2826 deest.
665 2798 693 2826 6.
716 2798 756 2826 C:
779 2803 888 2834 potest.
954 2798 990 2827 13.
1014 2807 1055 2832 14.
1078 2798 1143 2825 BC:
1166 2798 1220 2825 hec
1239 2798 1361 2825 fecerat.
1424 2797 1460 2824 15.
1483 2797 1510 2823 Α
1532 2796 1560 2823 iu

250 2842 362 2895 marfis
385 2842 410 2861 2.
468 2833 509 2861 16.
527 2833 567 2861 C:
590 2833 751 2861 statuendo
767 2842 869 2868 super.
925 2841 971 2861 20.
995 2834 1032 2860 ss:
1056 2832 1277 2869 solempnizflin
1294 2840 1408 2870 marg:
1425 2831 1559 2858 sublimi.

249 2877 292 2896 22.
351 2879 356 2895 z
379 2868 583 2903 supersignat.
700 2876 747 2902 29.
768 2867 815 2895 30.
838 2868 876 2895 C:
899 2868 980 2902 quod
1004 2868 1095 2895 Deus.
1212 2867 1258 2895 30.
1280 2866 1346 2893 BC:
1369 2870 1445 2893 torte
1467 2866 1559 2892 deest.

246 2902 292 2938 37.
314 2903 380 2931 BC:
403 2903 514 2931 mirum
537 2903 631 2940 quod.
702 2902 750 2932 38.
771 2904 816 2932 A:
839 2903 945 2939 spacii.
1024 2911 1073 2935 40.
1094 2902 1164 2929 AB:
1187 2901 1343 2937 Scriptum
1366 2906 1410 2928 est
1431 2901 1523 2927 deest.

1605 1172 1640 1199 lI.
1663 1177 1692 1200 to
1715 1172 1810 1207 pride.

1602 1930 1626 1956 11
1647 1930 1672 1957 is
1693 1930 1822 1965 thought

1577 1965 1640 1991 that
1662 1965 1767 1992 Christ
1788 1974 1852 1991 was

1578 2004 1629 2026 not
1657 2008 1724 2027 seen
1756 2004 1786 2026 to
1818 2001 1852 2026 bc

1576 2034 1694 2062 carried
1719 2035 1851 2069 through

1654 2070 1704 2097 the
1725 2070 1779 2097 air.
