2017 3353
274 258 410 287 smnio
432 245 542 303 xxu.]
784 257 925 289 PRlMA
955 256 1083 287 PARS.

273 365 527 415 singulariter
571 367 675 400 Deus
721 376 873 400 eorum.
931 361 1112 399 Christus
1164 370 1298 398 autem
1357 360 1418 397 cui
1477 360 1590 397 Judei

273 434 363 462 sunt
395 424 450 460 ita
493 421 684 460 contrarii
716 420 826 457 novit
866 419 1085 457 clarissime
1128 428 1165 456 et
1208 418 1302 456 facit
1342 419 1590 455 voluntatem

274 482 359 528 Dei,
400 490 437 518 et
474 493 545 529 per
583 492 843 528 consequens,
883 479 916 515 si
954 491 1045 515 cum
1085 477 1169 514 istis
1208 476 1372 526 paribus
1411 475 1592 513 Christus

274 539 413 577 dixerit
458 540 565 588 quod
608 538 738 586 ipsum
784 549 865 573 non
910 536 982 573 scit
1014 539 1157 581 Deum,
1191 535 1293 572 sicut
1330 534 1405 583 ipsi
1449 534 1591 582 perfidi

241 599 404 647 5ipsum
455 596 696 642 nescierunt,
749 603 910 644 oportet
968 595 1076 643 quod
1133 593 1228 642 ipsis
1280 592 1320 629 in
1380 592 1591 629 mendacio

272 656 493 693 simuletur.
528 656 699 703 Oportet
732 653 837 690 enim
872 652 974 689 filios
998 651 1070 689 Dei
1104 651 1230 689 eciam
1264 650 1475 699 adoptivos
1507 649 1592 686 sine

274 713 558 751 contrarietate
582 712 816 749 omnimode
839 710 1033 748 simulari.
1065 712 1113 746 Et
1137 718 1246 758 patet
1270 710 1476 757 quomodo
1501 721 1589 745 cum

273 773 356 809 istis
388 771 565 820 paribus,
601 784 691 807 cum
724 769 782 806 illi
815 769 893 805 sint
927 768 1135 805 manifeste
1170 769 1397 813 mendaces,
1431 775 1591 814 oportet

273 831 380 879 quod
396 829 577 866 Christus
599 836 765 877 propter
789 840 927 864 eorum
952 825 1257 863 similitudinem
1281 826 1383 862 foret
1407 825 1589 861 mendax.

217 904 255 926 10
329 891 377 925 Et
409 887 575 924 ulterius
609 899 653 923 ex
685 885 935 923 habundanti
969 885 1146 921 declarat
1170 883 1351 920 Christus
1380 882 1589 920 veritatem

216 1181 253 1216 15

270 946 310 983 in
343 946 475 995 primo
509 945 667 982 obiecto
699 944 774 981 sibi
806 943 1013 992 imposito:
1046 943 1260 987 Abraham,
1298 940 1441 990 inquit,
1476 948 1593 990 pater

271 1012 397 1041 vester
434 1003 624 1041 exultavit
660 1010 700 1038 ut
741 1002 887 1039 videret
920 1002 1018 1038 diem
1051 1013 1190 1046 meum,
1232 1000 1325 1035 vidit
1364 1007 1399 1036 et
1430 999 1591 1049 gavisus

270 1071 336 1099 est.
383 1065 438 1098 Ex
477 1075 556 1111 quo
594 1069 703 1110 patet
743 1061 851 1109 quod
890 1059 1070 1096 Christus
1108 1067 1151 1095 ut
1187 1057 1301 1094 Judei
1346 1058 1590 1094 concludunt

270 1130 479 1169 tamquam
524 1119 579 1156 eis
622 1117 907 1155 inconveniens
951 1117 1001 1154 sit
1047 1116 1175 1154 maior
1218 1117 1422 1152 Abraham
1467 1115 1590 1163 patri-

270 1180 409 1219 archa:
455 1179 523 1215 sed
563 1186 703 1214 contra
746 1176 851 1213 istud
890 1175 1085 1224 replicant
1123 1175 1244 1223 quod,
1286 1187 1375 1211 cum
1410 1173 1590 1210 Christus

269 1238 450 1273 nondum
501 1236 549 1272 sit
605 1234 972 1284 quinquagenarius
1035 1242 1071 1270 et
1126 1233 1330 1269 Abraham
1393 1233 1441 1268 ad
1504 1240 1590 1268 tan-

270 1304 354 1331 turn
388 1304 545 1342 tempus
578 1294 688 1342 prius
728 1293 839 1339 obiit,
879 1301 1063 1341 patenter
1093 1290 1250 1328 videtur
1281 1290 1390 1339 ipsos
1429 1289 1590 1326 convin-

271 1366 360 1390 cere
393 1353 595 1390 Christum
630 1364 673 1388 ex
705 1353 919 1388 verborum
953 1363 1117 1387 suorum
1148 1349 1373 1386 mendacio.
1399 1348 1590 1384 Dixerunt

270 1420 403 1448 autern
438 1411 568 1459 ipsum
601 1423 682 1446 non
717 1422 800 1446 esse
840 1407 1245 1458 quinquagenarium,
1280 1420 1370 1443 curn
1403 1419 1484 1442 non
1516 1405 1590 1442 fuit

213 1469 433 1517 20triginta
476 1468 597 1505 trium
643 1481 855 1514 annorum,
900 1475 943 1503 ut
987 1466 1019 1503 si
1061 1466 1178 1503 vellet
1222 1478 1263 1502 se
1308 1465 1456 1513 fingere
1507 1476 1590 1500 esse

210 1765 250 1797 25

211 2055 253 2088 30

269 1540 418 1574 senem,
473 1528 593 1573 fama,
648 1527 859 1564 oculorum
913 1524 1106 1562 iudicium
1161 1523 1457 1561 contradicant.
1512 1523 1589 1559 Sed

269 1585 450 1622 Christus
488 1586 702 1622 ostendens
741 1583 940 1621 subtiliter
977 1596 1091 1620 suam
1132 1581 1382 1619 divinitatem
1423 1593 1467 1617 ex
1512 1593 1591 1629 qua

268 1653 325 1680 est
364 1643 493 1681 maior
531 1644 736 1680 Abraham
779 1642 906 1679 eciam
945 1642 1166 1678 secundum
1207 1639 1500 1677 humanitatem
1534 1638 1590 1675 sic

267 1710 535 1750 assumptam:
579 1702 791 1750 Antequam
823 1700 1036 1747 Abraham,
1068 1698 1210 1747 inquit,
1231 1699 1351 1749 fieret
1383 1710 1456 1748 ego
1487 1710 1592 1739 sum,-

267 1760 307 1796 in
341 1759 484 1809 quibus
516 1759 645 1796 verbis
679 1768 735 1795 est
767 1758 976 1807 implicata
1007 1757 1219 1803 subtilitas,
1255 1770 1344 1794 cum
1368 1769 1449 1792 non
1475 1755 1590 1791 dicit:

266 1819 478 1867 Antequam
501 1818 699 1854 Abraham
723 1817 820 1867 suit,
853 1829 925 1867 ego
947 1816 1028 1865 fui,
1060 1817 1128 1852 sed
1162 1823 1363 1864 antequam
1392 1814 1590 1850 Abraham

254 1877 388 1927 fieret,
417 1889 490 1927 ego
515 1889 621 1921 sum‚·
652 1888 726 1924 pro
759 1888 838 1924 quo
870 1874 1003 1923 primo
1035 1874 1259 1910 notandum
1293 1874 1402 1921 quod
1436 1873 1591 1919 (secun-

269 1936 362 1971 dum
397 1947 557 1971 sensum
593 1933 747 1970 racioni
781 1931 1068 1981 exemplarem)
1098 1933 1303 1969 Abraham
1328 1931 1472 1967 debere
1505 1929 1590 1966 fieri

269 2002 325 2030 est
369 2001 549 2029 eternum
595 1991 697 2029 sicut
739 2004 810 2028 sua
854 1990 1082 2027 factibilitas
1123 1999 1180 2027 est
1218 1998 1367 2035 eterna,
1406 1989 1475 2025 sed
1519 2000 1590 2024 sua

268 2051 389 2088 fuicio
428 2050 577 2099 incepit
615 2050 655 2086 in
696 2048 835 2086 mundi
874 2048 1088 2097 principio.
1135 2048 1319 2085 Secundo
1365 2047 1589 2083 notandum

269 2111 377 2158 quod
417 2109 457 2145 in
496 2108 705 2145 eternitate
738 2121 819 2145 non
853 2116 909 2144 est
943 2106 1166 2143 formaliter
1197 2105 1318 2142 fuicio
1357 2105 1418 2141 vel
1450 2103 1590 2141 futuri-

269 2167 344 2213 cio,
389 2169 457 2204 sed
501 2168 652 2203 nudum
687 2179 783 2212 esse,
825 2179 915 2203 curn
953 2165 994 2202 in
1033 2165 1119 2213 ipsa
1156 2177 1238 2200 non
1277 2163 1327 2200 sit
1370 2162 1589 2202 successio:

268 2225 358 2262 ideo
401 2225 604 2273 signanter
642 2224 737 2261 dicit
771 2223 951 2261 Christus
1002 2236 1115 2260 suam
1167 2222 1358 2259 deitatem
1410 2233 1591 2258 reserans

268 2297 349 2320 non
382 2285 490 2332 quod
523 2296 594 2331 ego
633 2282 687 2319 fui
719 2284 787 2320 sed
821 2283 930 2331 quod
962 2294 1035 2332 ego
1067 2294 1165 2327 sum,
1198 2280 1291 2329 quia
1325 2293 1414 2316 cum
1444 2279 1493 2316 sit
1526 2278 1591 2315 ille

236 2342 336 2390 Iqui
375 2341 500 2378 Exodi
540 2344 624 2387 1110,
673 2354 719 2387 14
758 2340 854 2377 dicit
887 2339 1032 2388 Moysi:
1072 2340 1156 2376 Hec
1189 2339 1291 2375 dices
1316 2338 1416 2388 filiis
1454 2338 1591 2381 Israel,

269 2401 333 2449 qui
362 2408 417 2436 est
450 2400 551 2436 misit
583 2412 642 2436 me
673 2400 725 2435 ad
756 2411 834 2436 vos.
871 2401 918 2434 Et
941 2397 1080 2443 tercio,
1105 2397 1286 2434 iudicans
1310 2409 1422 2434 suam
1448 2395 1590 2433 eterni-

340 2554 359 2573 1.
382 2547 426 2573 A:
449 2545 606 2579 similiter:
628 2545 668 2572 ib.
684 2545 728 2572 A:
751 2549 851 2572 autem
873 2545 976 2572 tacuit.
1058 2552 1082 2571 2.
1106 2543 1221 2571 Codd.:
1243 2543 1354 2579 itaque.
1440 2553 1470 2578 4.
1486 2545 1529 2571 A:
1553 2543 1591 2569 sit

270 2580 379 2642 Deuxm.
442 2580 466 2619 5:
482 2581 670 2642 A:dopgrtct
685 2580 822 2618 exnipsis.
847 2614 851 2618 ⁸
897 2579 926 2607 ().
948 2579 1053 2607 Codd:
1076 2579 1338 2618 sim11lenter3A:
1360 2578 1481 2617 Scilicet
1497 2578 1589 2605 enim.

271 2628 361 2677 {iva'
373 2623 561 2677 2⁰331¹133511⁹
577 2615 925 2684 ωὲἦῗιᾎ’ςέξ·οέᾈᾞέὲῗὲὲῐ
1027 2614 1061 2676 Ξῖ
1075 2615 1126 2676 ‘2⁴32
1147 2618 1312 2682 affigas&
1334 2613 1472 2675 &¹253
1490 2613 1589 2674 ἒίξέἓῑ

270 2693 308 2712 12.
329 2686 373 2712 A:
396 2685 542 2723 exultavit
562 2689 618 2722 etc,
723 2692 764 2717 14.
785 2684 828 2711 A:
851 2684 875 2710 ci
899 2692 1029 2719 sequens
1051 2684 1099 2710 sit.
1199 2682 1236 2710 15.
1260 2682 1300 2710 C:
1330 2682 1472 2710 Christus
1494 2682 1588 2709 deest.

271 2728 311 2755 19.
332 2720 377 2747 A:
401 2723 638 2758 omn-quaginta.
730 2726 776 2745 20.
798 2717 864 2745 BC:
887 2719 1036 2751 duorum;
1063 2718 1104 2745 ib.
1127 2717 1192 2745 BC:
1214 2726 1280 2744 csse
1301 2718 1394 2744 deest.
1486 2724 1525 2744 21.
1548 2716 1588 2744 C:

269 2754 489 2792 contradi-cent.
562 2761 606 2780 22.
627 2754 671 2780 A:
694 2753 846 2780 subtiliter
865 2753 959 2780 deest.
1022 2762 1069 2787 24·
1090 2754 1134 2780 A:
1156 2760 1223 2787 cgu.
1295 2752 1339 2780 25.
1360 2753 1404 2779 A:
1426 2751 1454 2778 in
1501 2751 1590 2778 uibus

269 2794 313 2815 est
333 2789 486 2824 explicita.
625 2796 669 2823 27.
690 2789 734 2814 A:
757 2788 839 2815 fieret
858 2792 915 2815 etc.
1048 2787 1094 2815 28.
1114 2788 1159 2814 A:
1188 2787 1346 2814 racionum
1375 2794 1483 2821 exemp
1499 2794 1587 2813 arum

269 2823 315 2850 *Bt
338 2823 586 2858 exemplariumlz
608 2822 648 2849 ib.
670 2823 698 2849 A
718 2823 748 2849 in
770 2830 884 2857 marg:
907 2831 933 2856 ις
961 2822 1001 2849 ib.
1022 2824 1067 2850 A:
1089 2822 1247 2849 Abraham
1269 2821 1391 2848 deberet
1407 2829 1473 2847 csse
1495 2821 1588 2851 sicut:

269 2858 309 2885 ib.
326 2857 443 2885 Codd.:
465 2857 546 2893 quod
568 2857 737 2884 Abraham.
819 2865 866 2893 29.
889 2857 928 2885 C:
950 2857 1003 2884 sic.
1082 2856 1126 2884 32.
1147 2857 1174 2883 A
1195 2856 1224 2883 in
1247 2864 1360 2882 marm:
1382 2863 1406 2882 2.
1480 2854 1526 2889 34.
1549 2855 1588 2882 C:

270 2901 325 2927 ego
347 2893 421 2925 sim:
448 2893 487 2919 ib.
510 2893 554 2919 A:
576 2892 646 2927 qnia
669 2892 762 2919 deest.
850 2891 891 2921 35.
912 2893 957 2920 A:
980 2892 1056 2919 dicis
1077 2891 1146 2919 tiliis
1167 2891 1229 2926 qui.
1315 2876 1360 2919 ¹36.
1383 2895 1427 2917 ter
1448 2890 1475 2917 in
1498 2890 1587 2917 codd.

1804 246 1869 281 151

1675 877 1806 905 Cln’ist's

1606 913 1755 939 assertion
1787 913 1880 939 about

1657 948 1826 975 Abraham.

1635 2042 1735 2070 There
1757 2043 1782 2070 is
1804 2051 1842 2070 no

1619 2082 1685 2117 past
1706 2086 1741 2105 οι·
1761 2078 1860 2117 future

1649 2121 1678 2140 111
1700 2117 1838 2149 etermty.
