2017 3353
250 250 386 280 SERMO
410 236 504 295 ΧΠ]
757 252 899 282 ΡΗΙΜΑ
927 251 1052 282 PARS.
1777 252 1850 289 27Ι

249 371 404 408 cunque
437 371 537 406 opus
577 357 681 394 circa
720 359 870 393 bonum
910 355 1134 404 proprium⁷
1180 354 1273 403 quia
1317 367 1389 392 nec
1434 356 1566 403 quoad

250 426 452 454 mortuum
487 428 558 452 nec
603 417 737 463 quoad
770 414 980 451 viventem.

306 474 509 513 Similiter.
545 486 634 509 cum
671 472 932 509 confirmacio
965 470 1193 508 testamenti
1218 470 1308 507 talis
1328 470 1376 506 sit
1400 470 1566 506 omnino
1582 477 1629 516 To
1656 479 1721 518 take
1746 487 1856 518 money

246 532 477 581 spiritualis,
520 531 671 579 exigere
704 540 869 579 propter
902 530 1010 566 illam
1052 529 1264 577 pecuniam
1304 529 1405 564 foret
1444 515 1855 575 abho-¹‘'¹'0{‘{q¹¹¹‡‡si¹}}²¹i¹ss‘'¹¹

214 590 447 627 Sminabilis
479 589 673 638 symonia.
709 589 748 625 Si
782 598 915 625 autem
950 587 1295 624 abhominandum
1331 599 1431 634 opus
1479 599 1566 634 pre·
1652 582 1785 618 ⁸³¹¹³0¹¹>2

246 649 333 686 sciti
357 657 525 685 testatur
547 657 755 696 tamquam
780 646 947 692 licitum,
978 645 1176 682 invenitur
1200 657 1243 681 ex
1266 653 1380 693 parte
1404 644 1567 692 dyaboli

248 707 368 744 falsus
408 706 518 743 testis
553 714 588 742 et
633 705 815 753 accipere
859 713 1024 753 propter
1068 704 1189 740 talem
1235 702 1566 739 testificacionem

249 767 295 802 de
329 777 534 814 quoquam
574 763 786 812 pecuniam
832 763 933 799 foret
978 774 1078 810 opus
1125 760 1251 809 magis
1295 760 1566 808 dampnabile,

249 836 338 859 cum
375 824 491 859 debet
525 831 709 858 constare
742 821 966 869 cuicunque
1011 819 1201 868 episcopo
1247 820 1355 868 quod
1403 827 1568 867 propter

194 895 231 916 10
247 894 360 917 suam
394 879 725 917 testificacionem
758 878 971 928 pecuniam
1006 878 1108 914 foret
1142 890 1242 926 opus
1276 876 1403 925 magis
1427 878 1567 925 damp-

246 939 378 976 nabile
416 951 489 975 nec
534 937 661 986 magis
705 937 887 986 proderit
932 936 1133 973 defuncto.
1179 938 1227 972 Et
1272 943 1466 984 quantum
1518 935 1568 971 ad

245 997 436 1034 noticiam
467 996 741 1045 superstitum,
765 995 983 1032 includitur
1015 1007 1086 1043 per
1109 993 1417 1030 confirmantem
1440 992 1567 1041 plebis

245 1055 396 1096 illusio:
431 1068 511 1091 non
544 1055 648 1091 enim
685 1055 804 1090 habet
827 1054 957 1090 solum
981 1052 1143 1089 titulum
1179 1051 1354 1088 defuncti
1389 1051 1429 1087 in
1452 1050 1567 1087 bonis

245 1113 557 1159 remanentibus,
593 1112 687 1161 quia
719 1111 809 1149 talis
844 1125 887 1148 ex
919 1111 993 1148 sibi
1028 1110 1150 1147 dubio
1183 1109 1307 1146 nichil
1340 1110 1472 1155 habet,
1505 1109 1566 1145 vel

194 1174 229 1207 15
246 1173 613 1220 quomodocunque
646 1171 865 1219 prudenter
897 1178 965 1206 aut
1009 1181 1127 1206 avare
1172 1169 1243 1205 hec
1288 1169 1394 1204 bona
1434 1166 1565 1203 distri-

247 1229 377 1266 buerit
409 1229 532 1266 nichil
565 1230 614 1265 ad
648 1228 836 1265 meritum
869 1229 930 1264 vel
974 1226 1229 1272 demeritum,
1275 1225 1565 1262 beatitudinem

244 1289 305 1324 vel
350 1287 685 1336 dampnacionem
732 1285 907 1323 defuncti
951 1294 1019 1322 aut
1063 1294 1105 1321 ut
1161 1284 1283 1321 cicius
1328 1292 1567 1332 purgaretur

246 1359 268 1383 a
300 1345 534 1394 purgatorio
567 1345 642 1381 nisi
676 1346 722 1381 de
756 1353 906 1393 quanto
941 1343 1128 1380 meritum
1163 1341 1372 1379 militantis
1401 1341 1566 1378 ecclesie

246 1404 372 1452 magis
406 1403 544 1452 prosit.
579 1402 683 1439 Satis
717 1402 821 1439 enim
856 1402 1118 1439 excluduntur
1156 1400 1335 1449 episcopi
1379 1399 1505 1436 nostri
1544 1412 1566 1436 a

188 1462 325 1499 mvita
358 1461 671 1510 contemplativa
708 1460 901 1509 primeva,
946 1459 1038 1496 licet
1082 1472 1163 1495 non
1207 1459 1357 1495 alienas
1401 1457 1565 1494 divicias
1609 1463 1677 1503 The
1697 1464 1825 1503 modern

245 1521 364 1557 stulte
397 1530 433 1556 et
466 1519 767 1556 infundabiliter
795 1517 1029 1567 collegerint
1058 1530 1177 1566 super
1200 1517 1327 1565 ipsos;
1362 1525 1399 1552 et
1432 1515 1564 1564 colligi
1586 1500 1799 1562 intiblcilussiigssl
1816 1535 1850 1562 of

246 1588 376 1627 potest
411 1591 453 1615 ex
496 1577 581 1614 istis
626 1579 831 1626 quomodo
876 1584 1161 1613 testamentum
1208 1576 1447 1611 modernum
1492 1574 1565 1610 fuit
1638 1569 1688 1596 the
1708 1570 1798 1598 devil.

246 1650 289 1673 ex
321 1636 511 1673 instinctu
545 1635 706 1684 dyaboli
738 1636 1027 1671 introductum.
1080 1636 1128 1670 Et
1172 1646 1291 1682 super
1336 1634 1412 1669 hoc
1457 1633 1565 1681 quod

245 1696 401 1731 lucrum
435 1693 567 1742 sapuit
613 1694 694 1730 eius
740 1693 1002 1730 confirmacio
1047 1705 1069 1729 a
1115 1691 1319 1728 modernis
1365 1690 1564 1739 episcopis

189 1752 545 1789 25infundabiliter
578 1761 634 1788 est
668 1760 833 1800 accepta
866 1760 902 1788 et
935 1750 990 1787 sic
1023 1750 1107 1786 iure
1131 1749 1292 1798 dyaboli
1321 1749 1563 1785 introducta.

244 1813 372 1847 Fucus
427 1809 532 1847 enim
586 1823 676 1846 cum
730 1822 808 1858 quo
862 1808 1040 1858 episcopi
1090 1817 1298 1857 tamquam
1353 1806 1564 1843 servitores

244 1868 382 1917 populi
428 1877 594 1916 possunt
640 1867 679 1904 in
724 1867 808 1904 istis
851 1880 945 1904 sane
986 1867 1194 1903 consulere
1237 1865 1391 1902 induxit
1436 1866 1563 1913 legem

243 1926 478 1963 Antichristi
501 1925 768 1963 necessariam
794 1927 841 1962 de
866 1938 1011 1970 messe3
1037 1924 1215 1973 episcopi
1239 1924 1375 1972 itaque
1399 1935 1563 1971 sagaces

245 1994 436 2034 cuperent
469 1986 516 2021 de
556 1984 631 2021 isto
677 1997 797 2021 onere
841 1983 1003 2020 liberari
1049 1992 1085 2019 et
1130 1984 1387 2019 hortarentur
1431 1981 1565 2017 multi-

186 2048 227 2080 30
244 2043 400 2091 pliciter
444 2044 552 2092 quod
596 2043 794 2079 seculares
845 2041 1020 2078 defuncti
1073 2041 1308 2078 renuncient
1360 2040 1400 2076 in
1443 2052 1565 2076 manu

245 2101 421 2138 fidelium
455 2100 641 2137 omnibus
675 2100 789 2137 bonis
821 2100 901 2137 suis

733 2227 926 2268 SERMO
964 2227 1070 2268 XLI.

298 2323 427 2359 Homo
466 2324 620 2372 quidam
662 2330 746 2360 erat
785 2323 903 2370 dives,
949 2323 1013 2372 qui
1045 2322 1207 2358 habebat
1241 2321 1422 2357 villicum.
1459 2322 1564 2356 Luce

240 2382 361 2428 XV10‚
392 2395 423 2418 1.

183 2444 224 2476 35
297 2442 446 2476 Notata
468 2440 584 2476 litera
609 2439 801 2488 evangelii
824 2447 935 2487 patet
967 2440 1017 2475 ad
1041 2451 1201 2475 sensum
1226 2436 1429 2473 misticum
1454 2436 1561 2484 quod

240 2498 362 2534 homo
396 2497 502 2534 dives
536 2507 593 2534 est
626 2497 813 2534 dominus
844 2499 954 2534 Jesus
995 2496 1175 2533 Christus
1220 2497 1267 2532 de
1312 2508 1391 2544 quo
1436 2495 1561 2542 Apoc.

239 2556 359 2602 X1X0‚
402 2557 446 2592 16
481 2555 669 2592 scribitur
701 2557 809 2604 quod
848 2556 959 2592 habet
994 2556 1029 2591 in
1054 2556 1214 2604 femore
1253 2566 1322 2590 suo
1355 2553 1563 2602 scriptum.-

311 2664 330 2683 1,
351 2655 396 2682 A:
418 2655 500 2691 quod
523 2663 586 2682 nec.
661 2663 686 2689 7.
708 2655 752 2682 A:
775 2654 861 2681 testis
882 2654 976 2681 deest.
1052 2653 1078 2680 8.
1101 2654 1140 2681 ss:
1162 2653 1318 2688 cuiquam.
1395 2660 1436 2682 10,
1459 2659 1492 2678 11.
1514 2650 1560 2677 A.-

240 2690 401 2726 pecuniam
416 2706 449 2710 ——
464 2689 661 2725 dampnabile
682 2689 776 2716 deest.
840 2697 873 2716 11.
897 2689 934 2716 B:
957 2697 1011 2716 nec
1032 2689 1192 2719 defuncto:
1215 2690 1258 2715 A:
1281 2687 1384 2714 minus
1405 2686 1558 2713 defuncto.

240 2725 281 2753 16.
304 2725 370 2752 BC:
392 2726 436 2752 vel
459 2725 552 2752 deest.
634 2732 672 2759 17.
694 2725 738 2751 A:
761 2723 913 2751 liberetur.
999 2724 1037 2751 18.
1061 2723 1102 2751 C:
1125 2732 1160 2750 ex
1181 2722 1372 2758 purgatorio.
1456 2728 1495 2747 21.
1517 2719 1558 2746 C:

239 2761 436 2795 collegarum.
494 2759 539 2786 26.
561 2759 604 2786 A:
627 2759 743 2786 fructus
765 2758 856 2785 enim.
913 2758 960 2789 26,
983 2766 1026 2792 27.
1048 2759 1092 2785 A:
1116 2757 1252 2784 seniores
1274 2756 1390 2792 populi.
1447 2754 1492 2782 28.
1514 2755 1557 2781 A:

240 2796 276 2822 de
298 2801 378 2825 mee:
399 2795 499 2822 inesse
519 2794 564 2829 (ἒ).
640 2793 678 2820 31.
702 2794 741 2821 C:
764 2793 828 2820 suis
848 2798 902 2820 etc.
985 2793 1027 2820 33.
1050 2793 1116 2820 BC:
1138 2792 1301 2819 Dominica
1322 2799 1419 2821 nona:
1451 2790 1490 2816 ib.
1514 2789 1554 2816 C:

240 2835 310 2865 post
330 2830 508 2859 Trinitatis:
530 2830 574 2856 A:
596 2834 624 2856 et
644 2829 784 2856 habebat.
857 2827 901 2863 37.
924 2829 968 2855 A:
991 2827 1060 2855 XIX
1082 2828 1175 2854 deest.

311 2879 362 2912 32.
391 2879 442 2912 Cf.
465 2878 630 2920 Wyclif’s
657 2879 824 2909 Sermons
851 2877 904 2909 ed.
932 2877 976 2920 by
1002 2877 1135 2908 Arnold
1166 2877 1188 2917 1,
1218 2886 1270 2908 22.
