<?xml version="1.0" encoding="UTF-8"?>
<!DOCTYPE html PUBLIC "-//W3C//DTD XHTML 1.0 Transitional//EN"
    "http://www.w3.org/TR/xhtml1/DTD/xhtml1-transitional.dtd">
<html xmlns="http://www.w3.org/1999/xhtml" xml:lang="en" lang="en">
 <head>
  <title>
</title>
<meta http-equiv="Content-Type" content="text/html;charset=utf-8" />
  <meta name='ocr-system' content='tesseract 3.04.00' />
  <meta name='ocr-capabilities' content='ocr_page ocr_carea ocr_par ocr_line ocrx_word'/>
</head>
<body>
  <div class='ocr_page' id='page_1' title='image "./iohanniswyclifse0701wycl_0163.png"; bbox 0 0 2017 3353; ppageno 0'>
   <div class='ocr_carea' id='block_1_1' title="bbox 166 923 204 945">
    <p class='ocr_par' dir='ltr' id='par_1_1' title="bbox 166 923 204 945">
     <span class='ocr_line' id='line_1_1' title="bbox 166 923 204 945; baseline -0.026 0"><span class='ocrx_word' id='word_1_1' title='bbox 166 923 204 945; x_wconf 78' lang='lat'>10</span> 
     </span>
    </p>
   </div>
   <div class='ocr_carea' id='block_1_2' title="bbox 168 1204 204 1235">
    <p class='ocr_par' dir='ltr' id='par_1_2' title="bbox 168 1204 204 1235">
     <span class='ocr_line' id='line_1_2' title="bbox 168 1204 204 1235; baseline 0 0"><span class='ocrx_word' id='word_1_2' title='bbox 168 1204 204 1235; x_wconf 79' lang='lat'>15</span> 
     </span>
    </p>
   </div>
   <div class='ocr_carea' id='block_1_3' title="bbox 166 1506 207 1527">
    <p class='ocr_par' dir='ltr' id='par_1_3' title="bbox 166 1506 207 1527">
     <span class='ocr_line' id='line_1_3' title="bbox 166 1506 207 1527; baseline -0.024 0"><span class='ocrx_word' id='word_1_3' title='bbox 166 1506 207 1527; x_wconf 87' lang='lat'>20</span> 
     </span>
    </p>
   </div>
   <div class='ocr_carea' id='block_1_4' title="bbox 166 1788 205 1820">
    <p class='ocr_par' dir='ltr' id='par_1_4' title="bbox 166 1788 205 1820">
     <span class='ocr_line' id='line_1_4' title="bbox 166 1788 205 1820; baseline 0.026 -1"><span class='ocrx_word' id='word_1_4' title='bbox 166 1788 205 1820; x_wconf 81' lang='lat'>25</span> 
     </span>
    </p>
   </div>
   <div class='ocr_carea' id='block_1_5' title="bbox 220 267 1019 325">
    <p class='ocr_par' dir='ltr' id='par_1_5' title="bbox 220 267 1019 325">
     <span class='ocr_line' id='line_1_5' title="bbox 220 267 1019 325; baseline 0.001 -17"><span class='ocrx_word' id='word_1_5' title='bbox 220 280 354 308; x_wconf 79' lang='lat' dir='ltr'>SERMO</span> <span class='ocrx_word' id='word_1_6' title='bbox 378 267 472 325; x_wconf 62' lang='lat' dir='ltr'>xvi]</span> <span class='ocrx_word' id='word_1_7' title='bbox 728 280 865 312; x_wconf 77' lang='lat' dir='ltr'><strong>PRIMA</strong></span> <span class='ocrx_word' id='word_1_8' title='bbox 895 279 1019 310; x_wconf 80' lang='lat' dir='ltr'><strong>PARS.</strong></span> 
     </span>
    </p>
   </div>
   <div class='ocr_carea' id='block_1_6' title="bbox 1748 287 1815 311">
    <p class='ocr_par' dir='ltr' id='par_1_6' title="bbox 1748 287 1815 311">
     <span class='ocr_line' id='line_1_6' title="bbox 1748 287 1815 311; baseline -0.015 0"><span class='ocrx_word' id='word_1_9' title='bbox 1748 287 1815 311; x_wconf 85' lang='grc' dir='ltr'>ΙΙΙ</span> 
     </span>
    </p>
   </div>
   <div class='ocr_carea' id='block_1_7' title="bbox 278 383 1809 436">
    <p class='ocr_par' dir='ltr' id='par_1_7' title="bbox 278 383 1809 436">
     <span class='ocr_line' id='line_1_7' title="bbox 278 383 1809 436; baseline -0.003 -11"><span class='ocrx_word' id='word_1_10' title='bbox 278 391 438 434; x_wconf 86' lang='lat' dir='ltr'>lterum,</span> <span class='ocrx_word' id='word_1_11' title='bbox 484 386 515 423; x_wconf 93' lang='lat' dir='ltr'>si</span> <span class='ocrx_word' id='word_1_12' title='bbox 560 398 660 433; x_wconf 88' lang='lat' dir='ltr'>opus</span> <span class='ocrx_word' id='word_1_13' title='bbox 705 385 980 434; x_wconf 85' lang='lat' dir='ltr'>generacionis</span> <span class='ocrx_word' id='word_1_14' title='bbox 1021 383 1213 421; x_wconf 86' lang='lat' dir='ltr'>naturalis</span> <span class='ocrx_word' id='word_1_15' title='bbox 1252 384 1302 420; x_wconf 87' lang='lat' dir='ltr'>sit</span> <span class='ocrx_word' id='word_1_16' title='bbox 1345 384 1530 421; x_wconf 79' lang='lat' dir='ltr'>ultimate</span> <span class='ocrx_word' id='word_1_17' title='bbox 1558 400 1809 436; x_wconf 76' lang='lat' dir='ltr'>Prcachingisa</span> 
     </span>
    </p>
   </div>
   <div class='ocr_carea' id='block_1_8' title="bbox 219 442 1538 2064">
    <p class='ocr_par' dir='ltr' id='par_1_8' title="bbox 219 442 1538 1950">
     <span class='ocr_line' id='line_1_8' title="bbox 219 442 1530 492; baseline -0.005 -9"><span class='ocrx_word' id='word_1_18' title='bbox 219 446 432 492; x_wconf 81' lang='lat' dir='ltr'>laudabile,</span> <span class='ocrx_word' id='word_1_19' title='bbox 467 444 593 480; x_wconf 89' lang='lat' dir='ltr'>multo</span> <span class='ocrx_word' id='word_1_20' title='bbox 628 444 754 492; x_wconf 81' lang='lat' dir='ltr'>magis</span> <span class='ocrx_word' id='word_1_21' title='bbox 787 456 888 491; x_wconf 87' lang='lat' dir='ltr'>opus</span> <span class='ocrx_word' id='word_1_22' title='bbox 922 442 1198 491; x_wconf 81' lang='lat' dir='ltr'>generacionis</span> <span class='ocrx_word' id='word_1_23' title='bbox 1231 442 1452 490; x_wconf 85' lang='lat' dir='ltr'>spiritualis</span> <span class='ocrx_word' id='word_1_24' title='bbox 1483 443 1530 478; x_wconf 85' lang='lat' dir='ltr'>ad</span> 
     </span>
     <span class='ocr_line' id='line_1_9' title="bbox 220 501 1528 552; baseline -0.005 -11"><span class='ocrx_word' id='word_1_25' title='bbox 220 505 327 552; x_wconf 88' lang='lat' dir='ltr'>quod</span> <span class='ocrx_word' id='word_1_26' title='bbox 366 511 525 551; x_wconf 82' lang='lat' dir='ltr'>oportet</span> <span class='ocrx_word' id='word_1_27' title='bbox 558 504 685 538; x_wconf 88' lang='lat' dir='ltr'>Deum</span> <span class='ocrx_word' id='word_1_28' title='bbox 728 510 807 538; x_wconf 85' lang='lat' dir='ltr'>tarn</span> <span class='ocrx_word' id='word_1_29' title='bbox 851 501 1091 538; x_wconf 83' lang='lat' dir='ltr'>miraculose</span> <span class='ocrx_word' id='word_1_30' title='bbox 1131 513 1384 537; x_wconf 88' lang='lat' dir='ltr'>concurrere.</span> <span class='ocrx_word' id='word_1_31' title='bbox 1431 502 1528 536; x_wconf 80' lang='lat' dir='ltr'>Nam</span> 
     </span>
     <span class='ocr_line' id='line_1_10' title="bbox 222 558 1534 607; baseline -0.004 -9"><span class='ocrx_word' id='word_1_32' title='bbox 222 571 351 599; x_wconf 85' lang='lat' dir='ltr'>mater</span> <span class='ocrx_word' id='word_1_33' title='bbox 383 560 552 598; x_wconf 86' lang='lat' dir='ltr'>ecclesia</span> <span class='ocrx_word' id='word_1_34' title='bbox 585 572 661 607; x_wconf 90' lang='lat' dir='ltr'>que</span> <span class='ocrx_word' id='word_1_35' title='bbox 696 572 740 596; x_wconf 86' lang='lat' dir='ltr'>ex</span> <span class='ocrx_word' id='word_1_36' title='bbox 772 561 848 596; x_wconf 90' lang='lat' dir='ltr'>hoc</span> <span class='ocrx_word' id='word_1_37' title='bbox 881 571 1002 607; x_wconf 92' lang='lat' dir='ltr'>opere</span> <span class='ocrx_word' id='word_1_38' title='bbox 1034 558 1266 607; x_wconf 83' lang='lat' dir='ltr'>parcialiter</span> <span class='ocrx_word' id='word_1_39' title='bbox 1298 567 1534 606; x_wconf 87' lang='lat' dir='ltr'>procreatur</span> 
     </span>
     <span class='ocr_line' id='line_1_11' title="bbox 220 615 1532 667; baseline -0.004 -11"><span class='ocrx_word' id='word_1_40' title='bbox 220 630 257 656; x_wconf 87' lang='lat' dir='ltr'>ct</span> <span class='ocrx_word' id='word_1_41' title='bbox 300 632 448 667; x_wconf 85' lang='lat' dir='ltr'>sponsa</span> <span class='ocrx_word' id='word_1_42' title='bbox 494 618 641 655; x_wconf 85' lang='lat' dir='ltr'>Christi</span> <span class='ocrx_word' id='word_1_43' title='bbox 686 630 807 666; x_wconf 89' lang='lat' dir='ltr'>quam</span> <span class='ocrx_word' id='word_1_44' title='bbox 854 626 934 654; x_wconf 90' lang='lat' dir='ltr'>tam</span> <span class='ocrx_word' id='word_1_45' title='bbox 981 616 1276 665; x_wconf 87' lang='lat' dir='ltr'>preeminenter</span> <span class='ocrx_word' id='word_1_46' title='bbox 1324 615 1532 661; x_wconf 80' lang='lat' dir='ltr'>inhabitat,</span> 
     </span>
     <span class='ocr_line' id='line_1_12' title="bbox 220 673 1534 724; baseline -0.003 -10"><span class='ocrx_word' id='word_1_47' title='bbox 220 687 461 714; x_wconf 84' lang='lat' dir='ltr'>attestantur</span> <span class='ocrx_word' id='word_1_48' title='bbox 515 688 636 724; x_wconf 87' lang='lat' dir='ltr'>super</span> <span class='ocrx_word' id='word_1_49' title='bbox 692 675 946 724; x_wconf 86' lang='lat' dir='ltr'>perfeccione</span> <span class='ocrx_word' id='word_1_50' title='bbox 999 673 1359 722; x_wconf 84' lang='lat' dir='ltr'>evangelizacionis</span> <span class='ocrx_word' id='word_1_51' title='bbox 1413 686 1534 722; x_wconf 86' lang='lat' dir='ltr'>supra</span> 
     </span>
     <span class='ocr_line' id='line_1_13' title="bbox 220 732 1532 784; baseline -0.003 -12"><span class='ocrx_word' id='word_1_52' title='bbox 220 737 489 784; x_wconf 88' lang='lat' dir='ltr'>quodcunque</span> <span class='ocrx_word' id='word_1_53' title='bbox 521 747 624 782; x_wconf 88' lang='lat' dir='ltr'>opus</span> <span class='ocrx_word' id='word_1_54' title='bbox 657 734 766 771; x_wconf 86' lang='lat' dir='ltr'>aliud</span> <span class='ocrx_word' id='word_1_55' title='bbox 790 742 985 779; x_wconf 78' lang='lat' dir='ltr'>creature,</span> <span class='ocrx_word' id='word_1_56' title='bbox 1021 741 1057 769; x_wconf 90' lang='lat' dir='ltr'>et</span> <span class='ocrx_word' id='word_1_57' title='bbox 1090 732 1182 769; x_wconf 92' lang='lat' dir='ltr'>hinc</span> <span class='ocrx_word' id='word_1_58' title='bbox 1212 732 1417 780; x_wconf 87' lang='lat' dir='ltr'>apostolus</span> <span class='ocrx_word' id='word_1_59' title='bbox 1442 745 1532 769; x_wconf 89' lang='lat' dir='ltr'>cum</span> 
     </span>
     <span class='ocr_line' id='line_1_14' title="bbox 221 791 1533 841; baseline -0.003 -11"><span class='ocrx_word' id='word_1_60' title='bbox 221 794 302 830; x_wconf 87' lang='lat' dir='ltr'>suis</span> <span class='ocrx_word' id='word_1_61' title='bbox 335 792 544 841; x_wconf 81' lang='lat' dir='ltr'>discipulis</span> <span class='ocrx_word' id='word_1_62' title='bbox 577 805 657 828; x_wconf 90' lang='lat' dir='ltr'>non</span> <span class='ocrx_word' id='word_1_63' title='bbox 690 793 863 829; x_wconf 84' lang='lat' dir='ltr'>audebat</span> <span class='ocrx_word' id='word_1_64' title='bbox 902 791 976 827; x_wconf 89' lang='lat' dir='ltr'>sibi</span> <span class='ocrx_word' id='word_1_65' title='bbox 1016 791 1215 828; x_wconf 87' lang='lat' dir='ltr'>ascribere</span> <span class='ocrx_word' id='word_1_66' title='bbox 1247 791 1533 827; x_wconf 86' lang='lat' dir='ltr'>instrumenta—</span> 
     </span>
     <span class='ocr_line' id='line_1_15' title="bbox 221 849 1533 900; baseline -0.003 -12"><span class='ocrx_word' id='word_1_67' title='bbox 221 852 311 888; x_wconf 86' lang='lat' dir='ltr'>liter</span> <span class='ocrx_word' id='word_1_68' title='bbox 348 851 580 900; x_wconf 85' lang='lat' dir='ltr'>imperfecte</span> <span class='ocrx_word' id='word_1_69' title='bbox 620 863 721 898; x_wconf 91' lang='lat' dir='ltr'>opus</span> <span class='ocrx_word' id='word_1_70' title='bbox 762 849 1076 898; x_wconf 84' lang='lat' dir='ltr'>evangelizandi.</span> <span class='ocrx_word' id='word_1_71' title='bbox 1117 850 1174 885; x_wconf 89' lang='lat' dir='ltr'>An</span> <span class='ocrx_word' id='word_1_72' title='bbox 1213 849 1533 899; x_wconf 78' lang='lat' dir='ltr'>experimentum,</span> 
     </span>
     <span class='ocr_line' id='line_1_16' title="bbox 222 907 1536 959; baseline -0.003 -13"><span class='ocrx_word' id='word_1_73' title='bbox 222 910 363 958; x_wconf 85' lang='lat' dir='ltr'>inquit,</span> <span class='ocrx_word' id='word_1_74' title='bbox 409 909 566 959; x_wconf 80' lang='lat' dir='ltr'>queritis</span> <span class='ocrx_word' id='word_1_75' title='bbox 609 910 687 945; x_wconf 82' lang='lat' dir='ltr'>eius</span> <span class='ocrx_word' id='word_1_76' title='bbox 731 909 795 958; x_wconf 82' lang='lat' dir='ltr'>qui</span> <span class='ocrx_word' id='word_1_77' title='bbox 837 909 872 944; x_wconf 84' lang='lat' dir='ltr'>in</span> <span class='ocrx_word' id='word_1_78' title='bbox 916 921 974 944; x_wconf 85' lang='lat' dir='ltr'>me</span> <span class='ocrx_word' id='word_1_79' title='bbox 1014 907 1181 956; x_wconf 85' lang='lat' dir='ltr'>quuitur</span> <span class='ocrx_word' id='word_1_80' title='bbox 1220 908 1395 943; x_wconf 80' lang='lat' dir='ltr'>dominus</span> <span class='ocrx_word' id='word_1_81' title='bbox 1425 907 1536 942; x_wconf 78' lang='lat' dir='ltr'>Jesus</span> 
     </span>
     <span class='ocr_line' id='line_1_17' title="bbox 225 965 1534 1015; baseline -0.003 -11"><span class='ocrx_word' id='word_1_82' title='bbox 225 968 414 1005; x_wconf 84' lang='lat' dir='ltr'>Christus.</span> <span class='ocrx_word' id='word_1_83' title='bbox 449 968 489 1004; x_wconf 89' lang='lat' dir='ltr'>Si</span> <span class='ocrx_word' id='word_1_84' title='bbox 523 967 657 1015; x_wconf 91' lang='lat' dir='ltr'>itaque</span> <span class='ocrx_word' id='word_1_85' title='bbox 681 967 849 1003; x_wconf 87' lang='lat' dir='ltr'>materia</span> <span class='ocrx_word' id='word_1_86' title='bbox 873 965 1003 1014; x_wconf 84' lang='lat' dir='ltr'>prima</span> <span class='ocrx_word' id='word_1_87' title='bbox 1027 966 1247 1001; x_wconf 86' lang='lat' dir='ltr'>secundum</span> <span class='ocrx_word' id='word_1_88' title='bbox 1272 965 1534 1013; x_wconf 89' lang='lat' dir='ltr'>philosophos</span> 
     </span>
     <span class='ocr_line' id='line_1_18' title="bbox 219 1023 1536 1074; baseline -0.004 -11"><span class='ocrx_word' id='word_1_89' title='bbox 219 1024 372 1074; x_wconf 85' lang='lat' dir='ltr'>appetit</span> <span class='ocrx_word' id='word_1_90' title='bbox 390 1026 560 1064; x_wconf 89' lang='lat' dir='ltr'>formam</span> <span class='ocrx_word' id='word_1_91' title='bbox 585 1025 687 1062; x_wconf 89' lang='lat' dir='ltr'>sicut</span> <span class='ocrx_word' id='word_1_92' title='bbox 712 1025 855 1061; x_wconf 88' lang='lat' dir='ltr'>mulier</span> <span class='ocrx_word' id='word_1_93' title='bbox 877 1024 1020 1070; x_wconf 85' lang='lat' dir='ltr'>virum,</span> <span class='ocrx_word' id='word_1_94' title='bbox 1045 1032 1195 1072; x_wconf 88' lang='lat' dir='ltr'>quanto</span> <span class='ocrx_word' id='word_1_95' title='bbox 1221 1023 1345 1071; x_wconf 81' lang='lat' dir='ltr'>magis</span> <span class='ocrx_word' id='word_1_96' title='bbox 1368 1023 1536 1070; x_wconf 82' lang='lat' dir='ltr'>simplex</span> 
     </span>
     <span class='ocr_line' id='line_1_19' title="bbox 222 1081 1534 1131; baseline -0.005 -10"><span class='ocrx_word' id='word_1_97' title='bbox 222 1084 461 1121; x_wconf 88' lang='lat' dir='ltr'>christianus</span> <span class='ocrx_word' id='word_1_98' title='bbox 501 1092 707 1131; x_wconf 87' lang='lat' dir='ltr'>appeteret</span> <span class='ocrx_word' id='word_1_99' title='bbox 739 1083 815 1119; x_wconf 91' lang='lat' dir='ltr'>isto</span> <span class='ocrx_word' id='word_1_100' title='bbox 855 1082 990 1119; x_wconf 87' lang='lat' dir='ltr'>celesti</span> <span class='ocrx_word' id='word_1_101' title='bbox 1031 1081 1195 1128; x_wconf 88' lang='lat' dir='ltr'>lumine,</span> <span class='ocrx_word' id='word_1_102' title='bbox 1230 1081 1382 1118; x_wconf 91' lang='lat' dir='ltr'>scilicet</span> <span class='ocrx_word' id='word_1_103' title='bbox 1414 1082 1534 1117; x_wconf 88' lang='lat' dir='ltr'>verbo</span> 
     </span>
     <span class='ocr_line' id='line_1_20' title="bbox 221 1138 1536 1189; baseline -0.004 -10"><span class='ocrx_word' id='word_1_104' title='bbox 221 1143 292 1179; x_wconf 90' lang='lat' dir='ltr'>Dei</span> <span class='ocrx_word' id='word_1_105' title='bbox 326 1142 549 1188; x_wconf 87' lang='lat' dir='ltr'>informari,</span> <span class='ocrx_word' id='word_1_106' title='bbox 584 1150 621 1178; x_wconf 89' lang='lat' dir='ltr'>et</span> <span class='ocrx_word' id='word_1_107' title='bbox 654 1154 745 1178; x_wconf 90' lang='lat' dir='ltr'>cum</span> <span class='ocrx_word' id='word_1_108' title='bbox 779 1140 911 1189; x_wconf 87' lang='lat' dir='ltr'>ipsum</span> <span class='ocrx_word' id='word_1_109' title='bbox 934 1140 984 1176; x_wconf 89' lang='lat' dir='ltr'>sit</span> <span class='ocrx_word' id='word_1_110' title='bbox 1007 1140 1118 1177; x_wconf 90' lang='lat' dir='ltr'>cibus</span> <span class='ocrx_word' id='word_1_111' title='bbox 1142 1139 1275 1176; x_wconf 87' lang='lat' dir='ltr'>anime</span> <span class='ocrx_word' id='word_1_112' title='bbox 1299 1138 1536 1175; x_wconf 89' lang='lat' dir='ltr'>delicatissi-</span> 
     </span>
     <span class='ocr_line' id='line_1_21' title="bbox 223 1197 1536 1249; baseline -0.004 -12"><span class='ocrx_word' id='word_1_113' title='bbox 223 1214 325 1247; x_wconf 90' lang='lat' dir='ltr'>mus,</span> <span class='ocrx_word' id='word_1_114' title='bbox 360 1210 469 1249; x_wconf 89' lang='lat' dir='ltr'>patet</span> <span class='ocrx_word' id='word_1_115' title='bbox 502 1201 609 1248; x_wconf 91' lang='lat' dir='ltr'>quod</span> <span class='ocrx_word' id='word_1_116' title='bbox 642 1212 757 1236; x_wconf 87' lang='lat' dir='ltr'>casus</span> <span class='ocrx_word' id='word_1_117' title='bbox 797 1198 999 1247; x_wconf 86' lang='lat' dir='ltr'>appetitus</span> <span class='ocrx_word' id='word_1_118' title='bbox 1040 1197 1215 1234; x_wconf 88' lang='lat' dir='ltr'>hominis</span> <span class='ocrx_word' id='word_1_119' title='bbox 1255 1199 1304 1234; x_wconf 89' lang='lat' dir='ltr'>ab</span> <span class='ocrx_word' id='word_1_120' title='bbox 1337 1198 1412 1233; x_wconf 90' lang='lat' dir='ltr'>hoc</span> <span class='ocrx_word' id='word_1_121' title='bbox 1447 1197 1536 1233; x_wconf 88' lang='lat' dir='ltr'>cibo</span> 
     </span>
     <span class='ocr_line' id='line_1_22' title="bbox 222 1254 1537 1307; baseline -0.004 -12"><span class='ocrx_word' id='word_1_122' title='bbox 222 1271 342 1307; x_wconf 86' lang='lat' dir='ltr'>super</span> <span class='ocrx_word' id='word_1_123' title='bbox 364 1267 492 1295; x_wconf 87' lang='lat' dir='ltr'>morte</span> <span class='ocrx_word' id='word_1_124' title='bbox 516 1257 858 1306; x_wconf 86' lang='lat' dir='ltr'>periculosissima</span> <span class='ocrx_word' id='word_1_125' title='bbox 882 1265 1149 1302; x_wconf 82' lang='lat' dir='ltr'>contestatur3</span> <span class='ocrx_word' id='word_1_126' title='bbox 1183 1255 1251 1303; x_wconf 90' lang='lat' dir='ltr'>qui</span> <span class='ocrx_word' id='word_1_127' title='bbox 1276 1255 1382 1292; x_wconf 88' lang='lat' dir='ltr'>enim</span> <span class='ocrx_word' id='word_1_128' title='bbox 1407 1254 1537 1291; x_wconf 88' lang='lat' dir='ltr'>oderit</span> 
     </span>
     <span class='ocr_line' id='line_1_23' title="bbox 223 1313 1534 1364; baseline -0.004 -11"><span class='ocrx_word' id='word_1_129' title='bbox 223 1318 326 1354; x_wconf 88' lang='lat' dir='ltr'>istud</span> <span class='ocrx_word' id='word_1_130' title='bbox 350 1319 514 1354; x_wconf 86' lang='lat' dir='ltr'>verbum</span> <span class='ocrx_word' id='word_1_131' title='bbox 545 1325 603 1352; x_wconf 89' lang='lat' dir='ltr'>est</span> <span class='ocrx_word' id='word_1_132' title='bbox 634 1329 759 1364; x_wconf 88' lang='lat' dir='ltr'>prope</span> <span class='ocrx_word' id='word_1_133' title='bbox 793 1324 963 1351; x_wconf 87' lang='lat' dir='ltr'>mortem</span> <span class='ocrx_word' id='word_1_134' title='bbox 993 1315 1226 1360; x_wconf 87' lang='lat' dir='ltr'>secundam,</span> <span class='ocrx_word' id='word_1_135' title='bbox 1260 1322 1304 1349; x_wconf 93' lang='lat' dir='ltr'>ut</span> <span class='ocrx_word' id='word_1_136' title='bbox 1337 1313 1534 1358; x_wconf 83' lang='lat' dir='ltr'>diabolus,</span> 
     </span>
     <span class='ocr_line' id='line_1_24' title="bbox 222 1370 1534 1422; baseline -0.005 -11"><span class='ocrx_word' id='word_1_137' title='bbox 222 1376 281 1412; x_wconf 91' lang='lat' dir='ltr'>vel</span> <span class='ocrx_word' id='word_1_138' title='bbox 314 1375 353 1411; x_wconf 88' lang='lat' dir='ltr'>in</span> <span class='ocrx_word' id='word_1_139' title='bbox 386 1375 474 1422; x_wconf 82' lang='lat' dir='ltr'>illa3</span> <span class='ocrx_word' id='word_1_140' title='bbox 508 1387 629 1411; x_wconf 90' lang='lat' dir='ltr'>causa</span> <span class='ocrx_word' id='word_1_141' title='bbox 663 1383 796 1410; x_wconf 91' lang='lat' dir='ltr'>autem</span> <span class='ocrx_word' id='word_1_142' title='bbox 830 1385 954 1421; x_wconf 88' lang='lat' dir='ltr'>quare</span> <span class='ocrx_word' id='word_1_143' title='bbox 988 1374 1062 1409; x_wconf 92' lang='lat' dir='ltr'>hoc</span> <span class='ocrx_word' id='word_1_144' title='bbox 1095 1374 1261 1409; x_wconf 88' lang='lat' dir='ltr'>verbum</span> <span class='ocrx_word' id='word_1_145' title='bbox 1295 1384 1375 1408; x_wconf 92' lang='lat' dir='ltr'>non</span> <span class='ocrx_word' id='word_1_146' title='bbox 1409 1381 1467 1408; x_wconf 88' lang='lat' dir='ltr'>est</span> <span class='ocrx_word' id='word_1_147' title='bbox 1496 1370 1534 1406; x_wconf 94' lang='lat' dir='ltr'>in</span> 
     </span>
     <span class='ocr_line' id='line_1_25' title="bbox 223 1429 1537 1479; baseline -0.005 -9"><span class='ocrx_word' id='word_1_148' title='bbox 223 1434 337 1470; x_wconf 89' lang='lat' dir='ltr'>nobis</span> <span class='ocrx_word' id='word_1_149' title='bbox 371 1434 508 1470; x_wconf 81' lang='lat' dir='ltr'>efficax</span> <span class='ocrx_word' id='word_1_150' title='bbox 540 1433 643 1469; x_wconf 87' lang='lat' dir='ltr'>sicut</span> <span class='ocrx_word' id='word_1_151' title='bbox 675 1432 786 1479; x_wconf 89' lang='lat' dir='ltr'>olim,</span> <span class='ocrx_word' id='word_1_152' title='bbox 822 1440 880 1468; x_wconf 92' lang='lat' dir='ltr'>est</span> <span class='ocrx_word' id='word_1_153' title='bbox 910 1431 1055 1479; x_wconf 85' lang='lat' dir='ltr'>partim</span> <span class='ocrx_word' id='word_1_154' title='bbox 1084 1429 1274 1467; x_wconf 89' lang='lat' dir='ltr'>auditorii</span> <span class='ocrx_word' id='word_1_155' title='bbox 1298 1429 1537 1478; x_wconf 88' lang='lat' dir='ltr'>perversitas</span> 
     </span>
     <span class='ocr_line' id='line_1_26' title="bbox 224 1488 1535 1540; baseline -0.004 -12"><span class='ocrx_word' id='word_1_156' title='bbox 224 1503 259 1528; x_wconf 90' lang='lat' dir='ltr'>et</span> <span class='ocrx_word' id='word_1_157' title='bbox 294 1491 440 1540; x_wconf 88' lang='lat' dir='ltr'>partim</span> <span class='ocrx_word' id='word_1_158' title='bbox 467 1491 773 1539; x_wconf 82' lang='lat' dir='ltr'>evangelizantis</span> <span class='ocrx_word' id='word_1_159' title='bbox 798 1489 1000 1538; x_wconf 88' lang='lat' dir='ltr'>iniquitas.</span> <span class='ocrx_word' id='word_1_160' title='bbox 1035 1489 1146 1526; x_wconf 86' lang='lat' dir='ltr'>Sicut</span> <span class='ocrx_word' id='word_1_161' title='bbox 1175 1488 1281 1525; x_wconf 90' lang='lat' dir='ltr'>enim</span> <span class='ocrx_word' id='word_1_162' title='bbox 1306 1488 1345 1524; x_wconf 91' lang='lat' dir='ltr'>in</span> <span class='ocrx_word' id='word_1_163' title='bbox 1369 1488 1535 1524; x_wconf 83' lang='lat' dir='ltr'>accione</span> 
     </span>
     <span class='ocr_line' id='line_1_27' title="bbox 223 1545 1536 1598; baseline -0.005 -12"><span class='ocrx_word' id='word_1_164' title='bbox 223 1549 396 1587; x_wconf 88' lang='lat' dir='ltr'>naturali</span> <span class='ocrx_word' id='word_1_165' title='bbox 441 1549 547 1598; x_wconf 88' lang='lat' dir='ltr'>passi</span> <span class='ocrx_word' id='word_1_166' title='bbox 594 1548 856 1597; x_wconf 88' lang='lat' dir='ltr'>indisposicio</span> <span class='ocrx_word' id='word_1_167' title='bbox 904 1547 1073 1595; x_wconf 84' lang='lat' dir='ltr'>impedit</span> <span class='ocrx_word' id='word_1_168' title='bbox 1120 1547 1344 1592; x_wconf 86' lang='lat' dir='ltr'>accionem,</span> <span class='ocrx_word' id='word_1_169' title='bbox 1393 1546 1448 1582; x_wconf 89' lang='lat' dir='ltr'>sic</span> <span class='ocrx_word' id='word_1_170' title='bbox 1498 1545 1536 1581; x_wconf 92' lang='lat' dir='ltr'>in</span> 
     </span>
     <span class='ocr_line' id='line_1_28' title="bbox 223 1604 1535 1655; baseline -0.005 -10"><span class='ocrx_word' id='word_1_171' title='bbox 223 1609 387 1645; x_wconf 89' lang='lat' dir='ltr'>accione</span> <span class='ocrx_word' id='word_1_172' title='bbox 419 1609 493 1645; x_wconf 89' lang='lat' dir='ltr'>hac</span> <span class='ocrx_word' id='word_1_173' title='bbox 526 1607 834 1655; x_wconf 84' lang='lat' dir='ltr'>supernaturali,</span> <span class='ocrx_word' id='word_1_174' title='bbox 868 1615 910 1642; x_wconf 91' lang='lat' dir='ltr'>ut</span> <span class='ocrx_word' id='word_1_175' title='bbox 944 1614 1052 1653; x_wconf 89' lang='lat' dir='ltr'>patet</span> <span class='ocrx_word' id='word_1_176' title='bbox 1085 1606 1132 1641; x_wconf 90' lang='lat' dir='ltr'>de</span> <span class='ocrx_word' id='word_1_177' title='bbox 1155 1605 1292 1641; x_wconf 87' lang='lat' dir='ltr'>Judeis</span> <span class='ocrx_word' id='word_1_178' title='bbox 1315 1613 1352 1640; x_wconf 90' lang='lat' dir='ltr'>et</span> <span class='ocrx_word' id='word_1_179' title='bbox 1376 1604 1535 1640; x_wconf 89' lang='lat' dir='ltr'>Christo</span> 
     </span>
     <span class='ocr_line' id='line_1_29' title="bbox 224 1663 1536 1714; baseline -0.005 -11"><span class='ocrx_word' id='word_1_180' title='bbox 224 1676 260 1703; x_wconf 88' lang='lat' dir='ltr'>et</span> <span class='ocrx_word' id='word_1_181' title='bbox 292 1666 533 1714; x_wconf 81' lang='lat' dir='ltr'>generaliter</span> <span class='ocrx_word' id='word_1_182' title='bbox 565 1667 612 1702; x_wconf 92' lang='lat' dir='ltr'>de</span> <span class='ocrx_word' id='word_1_183' title='bbox 646 1665 959 1713; x_wconf 83' lang='lat' dir='ltr'>evangelizando</span> <span class='ocrx_word' id='word_1_184' title='bbox 990 1664 1141 1712; x_wconf 90' lang='lat' dir='ltr'>populo</span> <span class='ocrx_word' id='word_1_185' title='bbox 1171 1663 1372 1699; x_wconf 85' lang='lat' dir='ltr'>indurato.</span> <span class='ocrx_word' id='word_1_186' title='bbox 1408 1664 1536 1697; x_wconf 88' lang='lat' dir='ltr'>Immo</span> 
     </span>
     <span class='ocr_line' id='line_1_30' title="bbox 224 1720 1534 1772; baseline -0.005 -11"><span class='ocrx_word' id='word_1_187' title='bbox 224 1725 411 1761; x_wconf 83' lang='lat' dir='ltr'>auditorii</span> <span class='ocrx_word' id='word_1_188' title='bbox 445 1724 635 1772; x_wconf 89' lang='lat' dir='ltr'>iniquitas</span> <span class='ocrx_word' id='word_1_189' title='bbox 670 1724 866 1760; x_wconf 86' lang='lat' dir='ltr'>redundat</span> <span class='ocrx_word' id='word_1_190' title='bbox 895 1723 1138 1770; x_wconf 90' lang='lat' dir='ltr'>quandoque</span> <span class='ocrx_word' id='word_1_191' title='bbox 1162 1722 1201 1757; x_wconf 90' lang='lat' dir='ltr'>in</span> <span class='ocrx_word' id='word_1_192' title='bbox 1224 1720 1534 1769; x_wconf 89' lang='lat' dir='ltr'>impedienciam</span> 
     </span>
     <span class='ocr_line' id='line_1_31' title="bbox 224 1778 1535 1833; baseline -0.004 -15"><span class='ocrx_word' id='word_1_193' title='bbox 224 1783 488 1833; x_wconf 83' lang='lat' dir='ltr'>predicantis;</span> <span class='ocrx_word' id='word_1_194' title='bbox 543 1784 648 1819; x_wconf 89' lang='lat' dir='ltr'>unde</span> <span class='ocrx_word' id='word_1_195' title='bbox 699 1781 919 1818; x_wconf 88' lang='lat' dir='ltr'>Ezechielis</span> <span class='ocrx_word' id='word_1_196' title='bbox 972 1781 1057 1826; x_wconf 88' lang='lat'>1110,</span> <span class='ocrx_word' id='word_1_197' title='bbox 1112 1780 1162 1816; x_wconf 85' lang='lat'>26</span> <span class='ocrx_word' id='word_1_198' title='bbox 1218 1779 1274 1815; x_wconf 89' lang='lat' dir='ltr'>sic</span> <span class='ocrx_word' id='word_1_199' title='bbox 1329 1778 1535 1815; x_wconf 85' lang='lat' dir='ltr'>scribitur:</span> 
     </span>
     <span class='ocr_line' id='line_1_32' title="bbox 222 1837 1538 1892; baseline -0.005 -15"><span class='ocrx_word' id='word_1_200' title='bbox 222 1842 417 1892; x_wconf 78' lang='lat' dir='ltr'>Linguam</span> <span class='ocrx_word' id='word_1_201' title='bbox 451 1849 556 1877; x_wconf 85' lang='lat' dir='ltr'>tuam</span> <span class='ocrx_word' id='word_1_202' title='bbox 589 1842 779 1877; x_wconf 77' lang='lat' dir='ltr'>adherere</span> <span class='ocrx_word' id='word_1_203' title='bbox 799 1840 955 1889; x_wconf 84' lang='lat' dir='ltr'>faciam</span> <span class='ocrx_word' id='word_1_204' title='bbox 983 1840 1119 1888; x_wconf 81' lang='lat' dir='ltr'>palato</span> <span class='ocrx_word' id='word_1_205' title='bbox 1151 1845 1214 1874; x_wconf 89' lang='lat' dir='ltr'>tuo</span> <span class='ocrx_word' id='word_1_206' title='bbox 1247 1845 1281 1873; x_wconf 87' lang='lat' dir='ltr'>et</span> <span class='ocrx_word' id='word_1_207' title='bbox 1309 1837 1386 1873; x_wconf 81' lang='lat' dir='ltr'>eris</span> <span class='ocrx_word' id='word_1_208' title='bbox 1413 1843 1538 1872; x_wconf 83' lang='lat' dir='ltr'>mutus</span> 
     </span>
     <span class='ocr_line' id='line_1_33' title="bbox 223 1898 1442 1950; baseline -0.004 -15"><span class='ocrx_word' id='word_1_209' title='bbox 223 1912 289 1936; x_wconf 85' lang='lat' dir='ltr'>nec</span> <span class='ocrx_word' id='word_1_210' title='bbox 321 1900 430 1948; x_wconf 82' lang='lat' dir='ltr'>quasi</span> <span class='ocrx_word' id='word_1_211' title='bbox 461 1900 522 1936; x_wconf 80' lang='lat' dir='ltr'>vir</span> <span class='ocrx_word' id='word_1_212' title='bbox 553 1900 778 1950; x_wconf 75' lang='lat' dir='ltr'>obiurgans,</span> <span class='ocrx_word' id='word_1_213' title='bbox 812 1898 899 1946; x_wconf 81' lang='lat' dir='ltr'>quia</span> <span class='ocrx_word' id='word_1_214' title='bbox 933 1898 1068 1933; x_wconf 85' lang='lat' dir='ltr'>domus</span> <span class='ocrx_word' id='word_1_215' title='bbox 1100 1907 1340 1945; x_wconf 71' lang='lat' dir='ltr'>exasperans</span> <span class='ocrx_word' id='word_1_216' title='bbox 1372 1903 1442 1934; x_wconf 82' lang='lat' dir='ltr'>est,</span> 
     </span>
    </p>

    <p class='ocr_par' dir='ltr' id='par_1_9' title="bbox 225 1952 1537 2064">
     <span class='ocr_line' id='line_1_34' title="bbox 281 1952 1537 2005; baseline -0.005 -12"><span class='ocrx_word' id='word_1_217' title='bbox 281 1960 329 1993; x_wconf 91' lang='lat' dir='ltr'>Et</span> <span class='ocrx_word' id='word_1_218' title='bbox 361 1967 555 2005; x_wconf 89' lang='lat' dir='ltr'>quantum</span> <span class='ocrx_word' id='word_1_219' title='bbox 588 1958 637 1994; x_wconf 90' lang='lat' dir='ltr'>ad</span> <span class='ocrx_word' id='word_1_220' title='bbox 666 1956 814 1992; x_wconf 88' lang='lat' dir='ltr'>vicium</span> <span class='ocrx_word' id='word_1_221' title='bbox 846 1955 1103 2004; x_wconf 85' lang='lat' dir='ltr'>predicantis,</span> <span class='ocrx_word' id='word_1_222' title='bbox 1138 1962 1246 2002; x_wconf 87' lang='lat' dir='ltr'>patet</span> <span class='ocrx_word' id='word_1_223' title='bbox 1273 1954 1381 2001; x_wconf 91' lang='lat' dir='ltr'>quod</span> <span class='ocrx_word' id='word_1_224' title='bbox 1416 1952 1537 1988; x_wconf 89' lang='lat' dir='ltr'>nimis</span> 
     </span>
     <span class='ocr_line' id='line_1_35' title="bbox 225 2012 1537 2064; baseline -0.005 -12"><span class='ocrx_word' id='word_1_225' title='bbox 225 2016 439 2052; x_wconf 89' lang='lat' dir='ltr'>crebrescit</span> <span class='ocrx_word' id='word_1_226' title='bbox 478 2014 835 2064; x_wconf 81' lang='lat' dir='ltr'>evangelizacionis</span> <span class='ocrx_word' id='word_1_227' title='bbox 875 2013 1045 2050; x_wconf 90' lang='lat' dir='ltr'>infeccio</span> <span class='ocrx_word' id='word_1_228' title='bbox 1089 2025 1132 2049; x_wconf 86' lang='lat' dir='ltr'>ex</span> <span class='ocrx_word' id='word_1_229' title='bbox 1170 2012 1366 2059; x_wconf 87' lang='lat' dir='ltr'>pravitate</span> <span class='ocrx_word' id='word_1_230' title='bbox 1405 2023 1537 2058; x_wconf 89' lang='lat' dir='ltr'>symo-</span> 
     </span>
    </p>
   </div>
   <div class='ocr_carea' id='block_1_9' title="bbox 166 2070 1539 2120">
    <p class='ocr_par' dir='ltr' id='par_1_10' title="bbox 166 2070 1539 2120">
     <span class='ocr_line' id='line_1_36' title="bbox 166 2070 1539 2120; baseline -0.004 -10"><span class='ocrx_word' id='word_1_231' title='bbox 166 2106 176 2110; x_wconf 65' lang='grc'><strong>,</strong></span> <span class='ocrx_word' id='word_1_232' title='bbox 225 2074 353 2120; x_wconf 89' lang='lat' dir='ltr'>niaca,</span> <span class='ocrx_word' id='word_1_233' title='bbox 401 2086 491 2110; x_wconf 88' lang='lat' dir='ltr'>cum</span> <span class='ocrx_word' id='word_1_234' title='bbox 545 2074 607 2110; x_wconf 87' lang='lat' dir='ltr'>vix</span> <span class='ocrx_word' id='word_1_235' title='bbox 655 2086 780 2109; x_wconf 88' lang='lat' dir='ltr'>unum</span> <span class='ocrx_word' id='word_1_236' title='bbox 827 2072 1003 2108; x_wconf 88' lang='lat' dir='ltr'>invenies</span> <span class='ocrx_word' id='word_1_237' title='bbox 1051 2070 1147 2119; x_wconf 88' lang='lat' dir='ltr'>quin</span> <span class='ocrx_word' id='word_1_238' title='bbox 1193 2070 1539 2118; x_wconf 84' lang='lat' dir='ltr'>preponderanter</span> 
     </span>
    </p>
   </div>
   <div class='ocr_carea' id='block_1_10' title="bbox 223 2126 1539 2353">
    <p class='ocr_par' dir='ltr' id='par_1_11' title="bbox 223 2126 1539 2353">
     <span class='ocr_line' id='line_1_37' title="bbox 223 2126 1538 2184; baseline -0.005 -15"><span class='ocrx_word' id='word_1_239' title='bbox 223 2133 406 2184; x_wconf 84' lang='lat' dir='ltr'>predicat</span> <span class='ocrx_word' id='word_1_240' title='bbox 452 2141 616 2180; x_wconf 90' lang='lat' dir='ltr'>propter</span> <span class='ocrx_word' id='word_1_241' title='bbox 659 2131 819 2168; x_wconf 87' lang='lat' dir='ltr'>laudem</span> <span class='ocrx_word' id='word_1_242' title='bbox 866 2130 990 2167; x_wconf 90' lang='lat' dir='ltr'>seculi</span> <span class='ocrx_word' id='word_1_243' title='bbox 1035 2129 1094 2166; x_wconf 89' lang='lat' dir='ltr'>vel</span> <span class='ocrx_word' id='word_1_244' title='bbox 1134 2129 1288 2165; x_wconf 87' lang='lat' dir='ltr'>lucrum</span> <span class='ocrx_word' id='word_1_245' title='bbox 1331 2126 1538 2164; x_wconf 87' lang='lat' dir='ltr'>commodi</span> 
     </span>
     <span class='ocr_line' id='line_1_38' title="bbox 224 2185 1536 2238; baseline -0.005 -11"><span class='ocrx_word' id='word_1_246' title='bbox 224 2190 472 2238; x_wconf 86' lang='lat' dir='ltr'>temporalis.</span> <span class='ocrx_word' id='word_1_247' title='bbox 519 2191 600 2227; x_wconf 94' lang='lat' dir='ltr'>Nec</span> <span class='ocrx_word' id='word_1_248' title='bbox 644 2189 812 2226; x_wconf 89' lang='lat' dir='ltr'>dubium</span> <span class='ocrx_word' id='word_1_249' title='bbox 858 2189 954 2236; x_wconf 88' lang='lat' dir='ltr'>quin</span> <span class='ocrx_word' id='word_1_250' title='bbox 999 2187 1067 2224; x_wconf 91' lang='lat' dir='ltr'>illa</span> <span class='ocrx_word' id='word_1_251' title='bbox 1115 2186 1288 2223; x_wconf 89' lang='lat' dir='ltr'>intencio</span> <span class='ocrx_word' id='word_1_252' title='bbox 1328 2185 1536 2222; x_wconf 87' lang='lat' dir='ltr'>caritatem</span> 
     </span>
     <span class='ocr_line' id='line_1_39' title="bbox 224 2243 1538 2296; baseline -0.005 -11"><span class='ocrx_word' id='word_1_253' title='bbox 224 2248 348 2285; x_wconf 87' lang='lat' dir='ltr'>inficit</span> <span class='ocrx_word' id='word_1_254' title='bbox 394 2248 652 2296; x_wconf 89' lang='lat' dir='ltr'>predicantis.</span> <span class='ocrx_word' id='word_1_255' title='bbox 702 2250 750 2284; x_wconf 87' lang='lat' dir='ltr'>Et</span> <span class='ocrx_word' id='word_1_256' title='bbox 795 2248 866 2283; x_wconf 91' lang='lat' dir='ltr'>hec</span> <span class='ocrx_word' id='word_1_257' title='bbox 915 2247 1023 2283; x_wconf 89' lang='lat' dir='ltr'>racio</span> <span class='ocrx_word' id='word_1_258' title='bbox 1071 2258 1195 2294; x_wconf 86' lang='lat' dir='ltr'>quare</span> <span class='ocrx_word' id='word_1_259' title='bbox 1243 2243 1538 2292; x_wconf 83' lang='lat' dir='ltr'>evangelizacio</span> 
     </span>
     <span class='ocr_line' id='line_1_40' title="bbox 225 2302 1539 2353; baseline -0.004 -11"><span class='ocrx_word' id='word_1_260' title='bbox 225 2307 343 2343; x_wconf 90' lang='lat' dir='ltr'>hodie</span> <span class='ocrx_word' id='word_1_261' title='bbox 377 2316 533 2343; x_wconf 85' lang='lat' dir='ltr'>tanturn</span> <span class='ocrx_word' id='word_1_262' title='bbox 569 2306 884 2353; x_wconf 86' lang='lat' dir='ltr'>contempnitur.</span> <span class='ocrx_word' id='word_1_263' title='bbox 919 2304 1062 2341; x_wconf 84' lang='lat' dir='ltr'>Deficit</span> <span class='ocrx_word' id='word_1_264' title='bbox 1094 2303 1199 2340; x_wconf 88' lang='lat' dir='ltr'>enim</span> <span class='ocrx_word' id='word_1_265' title='bbox 1234 2302 1379 2340; x_wconf 89' lang='lat' dir='ltr'>caritas</span> <span class='ocrx_word' id='word_1_266' title='bbox 1410 2311 1447 2338; x_wconf 91' lang='lat' dir='ltr'>et</span> <span class='ocrx_word' id='word_1_267' title='bbox 1469 2303 1539 2337; x_wconf 94' lang='lat' dir='ltr'>ob-</span> 
     </span>
    </p>
   </div>
   <div class='ocr_carea' id='block_1_11' title="bbox 192 2358 1541 2416">
    <p class='ocr_par' dir='ltr' id='par_1_12' title="bbox 192 2358 1541 2416">
     <span class='ocr_line' id='line_1_41' title="bbox 192 2358 1541 2416; baseline -0.005 -15"><span class='ocrx_word' id='word_1_268' title='bbox 192 2364 431 2403; x_wconf 80' lang='lat' dir='ltr'>:servancia</span> <span class='ocrx_word' id='word_1_269' title='bbox 472 2364 592 2416; x_wconf 84' lang='lat' dir='ltr'>primi</span> <span class='ocrx_word' id='word_1_270' title='bbox 637 2363 815 2400; x_wconf 87' lang='lat' dir='ltr'>mandati</span> <span class='ocrx_word' id='word_1_271' title='bbox 858 2364 1032 2400; x_wconf 80' lang='lat' dir='ltr'>secunde</span> <span class='ocrx_word' id='word_1_272' title='bbox 1077 2361 1223 2400; x_wconf 88' lang='lat' dir='ltr'>tabule.</span> <span class='ocrx_word' id='word_1_273' title='bbox 1273 2362 1375 2397; x_wconf 87' lang='lat' dir='ltr'>Nam</span> <span class='ocrx_word' id='word_1_274' title='bbox 1417 2358 1541 2396; x_wconf 86' lang='lat' dir='ltr'>Exodi</span> 
     </span>
    </p>
   </div>
   <div class='ocr_carea' id='block_1_12' title="bbox 1604 437 1769 507">
    <p class='ocr_par' dir='ltr' id='par_1_13' title="bbox 1604 437 1769 507">
     <span class='ocr_line' id='line_1_42' title="bbox 1612 437 1752 470; baseline 0 -7"><span class='ocrx_word' id='word_1_275' title='bbox 1612 437 1752 470; x_wconf 73' lang='lat' dir='ltr'>spiriiual</span> 
     </span>
     <span class='ocr_line' id='line_1_43' title="bbox 1604 471 1769 507; baseline 0.006 -10"><span class='ocrx_word' id='word_1_276' title='bbox 1604 471 1769 507; x_wconf 79' lang='lat' dir='ltr'>begctting.</span> 
     </span>
    </p>
   </div>
   <div class='ocr_carea' id='block_1_13' title="bbox 226 2422 1819 2470">
    <p class='ocr_par' dir='ltr' id='par_1_14' title="bbox 226 2422 1819 2470">
     <span class='ocr_line' id='line_1_44' title="bbox 226 2422 1819 2470; baseline -0.003 -12"><span class='ocrx_word' id='word_1_277' title='bbox 226 2424 330 2469; x_wconf 76' lang='lat' dir='ltr'>XXO,</span> <span class='ocrx_word' id='word_1_278' title='bbox 371 2434 415 2459; x_wconf 87' lang='lat'>12</span> <span class='ocrx_word' id='word_1_279' title='bbox 450 2423 505 2460; x_wconf 84' lang='lat' dir='ltr'>sic</span> <span class='ocrx_word' id='word_1_280' title='bbox 538 2422 743 2459; x_wconf 89' lang='lat' dir='ltr'>scribitur:</span> <span class='ocrx_word' id='word_1_281' title='bbox 780 2422 944 2458; x_wconf 78' lang='lat' dir='ltr'>Honora</span> <span class='ocrx_word' id='word_1_282' title='bbox 979 2428 1134 2470; x_wconf 82' lang='lat' dir='ltr'>patrem</span> <span class='ocrx_word' id='word_1_283' title='bbox 1167 2428 1273 2456; x_wconf 85' lang='lat' dir='ltr'>tuum</span> <span class='ocrx_word' id='word_1_284' title='bbox 1307 2427 1342 2455; x_wconf 85' lang='lat' dir='ltr'>et</span> <span class='ocrx_word' id='word_1_285' title='bbox 1375 2425 1537 2454; x_wconf 85' lang='lat' dir='ltr'>matrem</span> <span class='ocrx_word' id='word_1_286' title='bbox 1565 2436 1610 2470; x_wconf 65' lang='lat'>4⁰¹</span> <span class='ocrx_word' id='word_1_287' title='bbox 1631 2436 1819 2464; x_wconf 84' lang='lat' dir='ltr'>Command-</span> 
     </span>
    </p>
   </div>
   <div class='ocr_carea' id='block_1_14' title="bbox 224 2477 1542 2587">
    <p class='ocr_par' dir='ltr' id='par_1_15' title="bbox 224 2477 1542 2587">
     <span class='ocr_line' id='line_1_45' title="bbox 224 2477 1539 2532; baseline -0.004 -16"><span class='ocrx_word' id='word_1_288' title='bbox 224 2488 343 2527; x_wconf 86' lang='lat' dir='ltr'>tuam,</span> <span class='ocrx_word' id='word_1_289' title='bbox 378 2489 416 2517; x_wconf 89' lang='lat' dir='ltr'>ut</span> <span class='ocrx_word' id='word_1_290' title='bbox 446 2482 510 2525; x_wconf 63' lang='lat' dir='ltr'>‚sis</span> <span class='ocrx_word' id='word_1_291' title='bbox 554 2481 742 2532; x_wconf 77' lang='lat' dir='ltr'>longevus</span> <span class='ocrx_word' id='word_1_292' title='bbox 783 2492 900 2529; x_wconf 79' lang='lat' dir='ltr'>super</span> <span class='ocrx_word' id='word_1_293' title='bbox 937 2487 1097 2515; x_wconf 84' lang='lat' dir='ltr'>terram.</span> <span class='ocrx_word' id='word_1_294' title='bbox 1145 2478 1263 2523; x_wconf 85' lang='lat' dir='ltr'>Quod</span> <span class='ocrx_word' id='word_1_295' title='bbox 1304 2477 1539 2513; x_wconf 88' lang='lat' dir='ltr'>mandatum</span> 
     </span>
     <span class='ocr_line' id='line_1_46' title="bbox 224 2536 1542 2587; baseline -0.006 -11"><span class='ocrx_word' id='word_1_296' title='bbox 224 2548 356 2587; x_wconf 89' lang='lat' dir='ltr'>potest</span> <span class='ocrx_word' id='word_1_297' title='bbox 399 2540 446 2575; x_wconf 90' lang='lat' dir='ltr'>de</span> <span class='ocrx_word' id='word_1_298' title='bbox 484 2539 632 2586; x_wconf 90' lang='lat' dir='ltr'>triplici</span> <span class='ocrx_word' id='word_1_299' title='bbox 670 2546 834 2586; x_wconf 87' lang='lat' dir='ltr'>parente</span> <span class='ocrx_word' id='word_1_300' title='bbox 873 2537 1050 2585; x_wconf 78' lang='lat' dir='ltr'>intelligi,</span> <span class='ocrx_word' id='word_1_301' title='bbox 1094 2536 1226 2584; x_wconf 90' lang='lat' dir='ltr'>primo</span> <span class='ocrx_word' id='word_1_302' title='bbox 1271 2536 1319 2571; x_wconf 92' lang='lat' dir='ltr'>de</span> <span class='ocrx_word' id='word_1_303' title='bbox 1353 2543 1464 2583; x_wconf 86' lang='lat' dir='ltr'>patre</span> <span class='ocrx_word' id='word_1_304' title='bbox 1504 2541 1542 2568; x_wconf 91' lang='lat' dir='ltr'>et</span> 
     </span>
    </p>
   </div>
   <div class='ocr_carea' id='block_1_15' title="bbox 226 2621 1538 2766">
    <p class='ocr_par' dir='ltr' id='par_1_16' title="bbox 226 2621 1538 2766">
     <span class='ocr_line' id='line_1_47' title="bbox 295 2621 1538 2662; baseline -0.006 -7"><span class='ocrx_word' id='word_1_305' title='bbox 295 2636 315 2655; x_wconf 86' lang='grc' dir='ltr'>ι.</span> <span class='ocrx_word' id='word_1_306' title='bbox 337 2628 415 2655; x_wconf 86' lang='lat' dir='ltr'>Ain</span> <span class='ocrx_word' id='word_1_307' title='bbox 435 2635 552 2662; x_wconf 74' lang='lat' dir='ltr'>marg:</span> <span class='ocrx_word' id='word_1_308' title='bbox 573 2627 603 2661; x_wconf 78' lang='lat'>53</span> <span class='ocrx_word' id='word_1_309' title='bbox 624 2627 665 2654; x_wconf 85' lang='lat' dir='ltr'>ib.</span> <span class='ocrx_word' id='word_1_310' title='bbox 688 2626 728 2654; x_wconf 91' lang='lat' dir='ltr'>C:</span> <span class='ocrx_word' id='word_1_311' title='bbox 749 2626 836 2654; x_wconf 84' lang='lat' dir='ltr'>Item.</span> <span class='ocrx_word' id='word_1_312' title='bbox 893 2633 918 2660; x_wconf 91' lang='lat'>2,</span> <span class='ocrx_word' id='word_1_313' title='bbox 940 2624 965 2653; x_wconf 81' lang='lat'>3.</span> <span class='ocrx_word' id='word_1_314' title='bbox 988 2625 1053 2653; x_wconf 85' lang='lat' dir='ltr'>BC:</span> <span class='ocrx_word' id='word_1_315' title='bbox 1075 2625 1113 2653; x_wconf 87' lang='lat' dir='ltr'>ad</span> <span class='ocrx_word' id='word_1_316' title='bbox 1135 2632 1240 2660; x_wconf 86' lang='lat' dir='ltr'>quam.</span> <span class='ocrx_word' id='word_1_317' title='bbox 1296 2623 1320 2652; x_wconf 87' lang='grc'>5.</span> <span class='ocrx_word' id='word_1_318' title='bbox 1342 2622 1382 2650; x_wconf 90' lang='lat' dir='ltr'>C:</span> <span class='ocrx_word' id='word_1_319' title='bbox 1403 2621 1538 2658; x_wconf 80' lang='lat' dir='ltr'>preemi-</span> 
     </span>
     <span class='ocr_line' id='line_1_48' title="bbox 226 2657 1538 2693; baseline -0.006 -3"><span class='ocrx_word' id='word_1_320' title='bbox 226 2663 335 2690; x_wconf 83' lang='lat' dir='ltr'>nemis.</span> <span class='ocrx_word' id='word_1_321' title='bbox 413 2663 441 2690; x_wconf 82' lang='lat'>6.</span> <span class='ocrx_word' id='word_1_322' title='bbox 463 2662 502 2689; x_wconf 82' lang='lat' dir='ltr'>B:</span> <span class='ocrx_word' id='word_1_323' title='bbox 525 2667 696 2689; x_wconf 77' lang='lat' dir='ltr'>attestatur.</span> <span class='ocrx_word' id='word_1_324' title='bbox 768 2669 800 2688; x_wconf 85' lang='lat'>11.</span> <span class='ocrx_word' id='word_1_325' title='bbox 824 2663 866 2687; x_wconf 85' lang='lat' dir='ltr'>A:</span> <span class='ocrx_word' id='word_1_326' title='bbox 889 2661 920 2689; x_wconf 86' lang='lat' dir='ltr'>Si</span> <span class='ocrx_word' id='word_1_327' title='bbox 940 2661 1020 2688; x_wconf 82' lang='lat' dir='ltr'>Xlll.</span> <span class='ocrx_word' id='word_1_328' title='bbox 1099 2659 1135 2687; x_wconf 85' lang='lat'>13.</span> <span class='ocrx_word' id='word_1_329' title='bbox 1157 2661 1201 2687; x_wconf 85' lang='lat' dir='ltr'>A:</span> <span class='ocrx_word' id='word_1_330' title='bbox 1223 2660 1293 2693; x_wconf 86' lang='lat' dir='ltr'>illo;</span> <span class='ocrx_word' id='word_1_331' title='bbox 1315 2659 1356 2686; x_wconf 84' lang='lat' dir='ltr'>ib.</span> <span class='ocrx_word' id='word_1_332' title='bbox 1378 2658 1421 2684; x_wconf 93' lang='lat' dir='ltr'>A:</span> <span class='ocrx_word' id='word_1_333' title='bbox 1444 2657 1538 2684; x_wconf 87' lang='lat' dir='ltr'>verbo</span> 
     </span>
     <span class='ocr_line' id='line_1_49' title="bbox 227 2693 1538 2732; baseline -0.006 -7"><span class='ocrx_word' id='word_1_334' title='bbox 227 2699 370 2732; x_wconf 80' lang='lat' dir='ltr'>Domini3</span> <span class='ocrx_word' id='word_1_335' title='bbox 400 2698 440 2725; x_wconf 88' lang='lat' dir='ltr'>ib.</span> <span class='ocrx_word' id='word_1_336' title='bbox 470 2698 492 2725; x_wconf 84' lang='lat' dir='ltr'><strong>B</strong></span> <span class='ocrx_word' id='word_1_337' title='bbox 522 2698 552 2724; x_wconf 89' lang='lat' dir='ltr'>in</span> <span class='ocrx_word' id='word_1_338' title='bbox 583 2704 700 2730; x_wconf 70' lang='lat' dir='ltr'>marg-z</span> <span class='ocrx_word' id='word_1_339' title='bbox 734 2696 858 2731; x_wconf 84' lang='lat' dir='ltr'>Quante</span> <span class='ocrx_word' id='word_1_340' title='bbox 885 2705 899 2723; x_wconf 87' lang='lat' dir='ltr'>a</span> <span class='ocrx_word' id='word_1_341' title='bbox 930 2702 1034 2730; x_wconf 83' lang='lat' dir='ltr'>petere</span> <span class='ocrx_word' id='word_1_342' title='bbox 1063 2695 1176 2722; x_wconf 80' lang='lat' dir='ltr'>debent</span> <span class='ocrx_word' id='word_1_343' title='bbox 1208 2694 1366 2729; x_wconf 84' lang='lat' dir='ltr'>simplices</span> <span class='ocrx_word' id='word_1_344' title='bbox 1408 2693 1538 2718; x_wconf 85' lang='lat' dir='ltr'>verbum</span> 
     </span>
     <span class='ocr_line' id='line_1_50' title="bbox 226 2704 1537 2766; baseline -0.006 -6"><span class='ocrx_word' id='word_1_345' title='bbox 226 2734 292 2761; x_wconf 89' lang='lat' dir='ltr'>Dei.</span> <span class='ocrx_word' id='word_1_346' title='bbox 349 2733 390 2762; x_wconf 84' lang='lat'>16.</span> <span class='ocrx_word' id='word_1_347' title='bbox 412 2732 452 2760; x_wconf 91' lang='lat' dir='ltr'>C:</span> <span class='ocrx_word' id='word_1_348' title='bbox 481 2733 555 2760; x_wconf 85' lang='lat' dir='ltr'>odit.</span> <span class='ocrx_word' id='word_1_349' title='bbox 611 2731 652 2759; x_wconf 81' lang='lat'>18.</span> <span class='ocrx_word' id='word_1_350' title='bbox 674 2731 695 2758; x_wconf 84' lang='grc' dir='ltr'>Β</span> <span class='ocrx_word' id='word_1_351' title='bbox 712 2731 740 2758; x_wconf 92' lang='lat' dir='ltr'>in</span> <span class='ocrx_word' id='word_1_352' title='bbox 758 2739 873 2766; x_wconf 65' lang='lat' dir='ltr'>marg:</span> <span class='ocrx_word' id='word_1_353' title='bbox 896 2704 999 2766; x_wconf 55' lang='lat' dir='ltr'>(guare</span> <span class='ocrx_word' id='word_1_354' title='bbox 1020 2730 1149 2758; x_wconf 85' lang='lat' dir='ltr'>verbum</span> <span class='ocrx_word' id='word_1_355' title='bbox 1172 2729 1226 2756; x_wconf 85' lang='lat' dir='ltr'>Dei</span> <span class='ocrx_word' id='word_1_356' title='bbox 1242 2736 1303 2756; x_wconf 89' lang='lat' dir='ltr'>non</span> <span class='ocrx_word' id='word_1_357' title='bbox 1320 2733 1437 2755; x_wconf 85' lang='lat' dir='ltr'>tantum</span> <span class='ocrx_word' id='word_1_358' title='bbox 1455 2733 1537 2753; x_wconf 89' lang='lat' dir='ltr'>nunc</span> 
     </span>
    </p>
   </div>
   <div class='ocr_carea' id='block_1_16' title="bbox 226 2763 1536 2871">
    <p class='ocr_par' dir='ltr' id='par_1_17' title="bbox 226 2763 1536 2871">
     <span class='ocr_line' id='line_1_51' title="bbox 226 2763 1536 2803; baseline -0.006 -8"><span class='ocrx_word' id='word_1_359' title='bbox 226 2769 348 2803; x_wconf 84' lang='lat' dir='ltr'>proficit</span> <span class='ocrx_word' id='word_1_360' title='bbox 368 2770 447 2796; x_wconf 84' lang='lat' dir='ltr'>sicut</span> <span class='ocrx_word' id='word_1_361' title='bbox 467 2769 552 2795; x_wconf 83' lang='lat' dir='ltr'>olim.</span> <span class='ocrx_word' id='word_1_362' title='bbox 650 2774 697 2799; x_wconf 84' lang='lat'>24.</span> <span class='ocrx_word' id='word_1_363' title='bbox 718 2767 762 2793; x_wconf 87' lang='lat' dir='ltr'>A:</span> <span class='ocrx_word' id='word_1_364' title='bbox 784 2766 814 2793; x_wconf 89' lang='lat' dir='ltr'>in</span> <span class='ocrx_word' id='word_1_365' title='bbox 836 2767 931 2794; x_wconf 85' lang='lat' dir='ltr'>deest.</span> <span class='ocrx_word' id='word_1_366' title='bbox 1034 2765 1079 2792; x_wconf 81' lang='lat'>28.</span> <span class='ocrx_word' id='word_1_367' title='bbox 1103 2766 1148 2792; x_wconf 89' lang='lat' dir='ltr'>A:</span> <span class='ocrx_word' id='word_1_368' title='bbox 1168 2765 1284 2792; x_wconf 87' lang='lat' dir='ltr'>vicium</span> <span class='ocrx_word' id='word_1_369' title='bbox 1305 2763 1378 2798; x_wconf 83' lang='lat' dir='ltr'>quin</span> <span class='ocrx_word' id='word_1_370' title='bbox 1401 2768 1536 2796; x_wconf 83' lang='lat' dir='ltr'>prepon-</span> 
     </span>
     <span class='ocr_line' id='line_1_52' title="bbox 227 2796 1536 2839; baseline -0.007 -8"><span class='ocrx_word' id='word_1_371' title='bbox 227 2805 370 2831; x_wconf 82' lang='lat' dir='ltr'>deranter</span> <span class='ocrx_word' id='word_1_372' title='bbox 390 2802 592 2839; x_wconf 82' lang='lat' dir='ltr'>predicantis.</span> <span class='ocrx_word' id='word_1_373' title='bbox 710 2800 755 2829; x_wconf 85' lang='lat'>30.</span> <span class='ocrx_word' id='word_1_374' title='bbox 778 2803 822 2828; x_wconf 89' lang='lat' dir='ltr'>A:</span> <span class='ocrx_word' id='word_1_375' title='bbox 844 2801 958 2828; x_wconf 84' lang='lat' dir='ltr'>inveni.</span> <span class='ocrx_word' id='word_1_376' title='bbox 1080 2800 1120 2828; x_wconf 87' lang='lat'>35.</span> <span class='ocrx_word' id='word_1_377' title='bbox 1144 2802 1171 2827; x_wconf 91' lang='lat' dir='ltr'><strong>A</strong></span> <span class='ocrx_word' id='word_1_378' title='bbox 1191 2799 1222 2826; x_wconf 91' lang='lat' dir='ltr'>in</span> <span class='ocrx_word' id='word_1_379' title='bbox 1243 2806 1359 2833; x_wconf 64' lang='lat' dir='ltr'>marg:</span> <span class='ocrx_word' id='word_1_380' title='bbox 1382 2796 1536 2831; x_wconf 81' lang='lat' dir='ltr'>Quartum</span> 
     </span>
     <span class='ocr_line' id='line_1_53' title="bbox 226 2837 815 2871; baseline -0.003 -6"><span class='ocrx_word' id='word_1_381' title='bbox 226 2840 417 2866; x_wconf 73' lang='lat' dir='ltr'>mandatum.</span> <span class='ocrx_word' id='word_1_382' title='bbox 494 2838 536 2871; x_wconf 82' lang='lat'>37.</span> <span class='ocrx_word' id='word_1_383' title='bbox 559 2839 585 2864; x_wconf 91' lang='lat' dir='ltr'><strong>A</strong></span> <span class='ocrx_word' id='word_1_384' title='bbox 606 2837 636 2863; x_wconf 89' lang='lat' dir='ltr'>in</span> <span class='ocrx_word' id='word_1_385' title='bbox 657 2844 772 2870; x_wconf 82' lang='lat' dir='ltr'>marg.:</span> <span class='ocrx_word' id='word_1_386' title='bbox 795 2844 815 2863; x_wconf 82' lang='lat'>1.</span> 
     </span>
    </p>
   </div>
   <div class='ocr_carea' id='block_1_17' title="bbox 295 2910 683 2955">
    <p class='ocr_par' dir='ltr' id='par_1_18' title="bbox 295 2910 683 2955">
     <span class='ocr_line' id='line_1_54' title="bbox 295 2910 683 2955; baseline -0.008 -11"><span class='ocrx_word' id='word_1_387' title='bbox 295 2922 327 2955; x_wconf 84' lang='lat'>9.</span> <span class='ocrx_word' id='word_1_388' title='bbox 355 2912 394 2944; x_wconf 92' lang='lat'>11.</span> <span class='ocrx_word' id='word_1_389' title='bbox 420 2911 499 2943; x_wconf 88' lang='lat' dir='ltr'>Cor.</span> <span class='ocrx_word' id='word_1_390' title='bbox 525 2911 626 2950; x_wconf 85' lang='lat' dir='ltr'>XIII⁰‚</span> <span class='ocrx_word' id='word_1_391' title='bbox 654 2910 683 2942; x_wconf 82' lang='lat'>3.</span> 
     </span>
    </p>
   </div>
   <div class='ocr_carea' id='block_1_18' title="bbox 1648 2476 1743 2499">
    <p class='ocr_par' dir='ltr' id='par_1_19' title="bbox 1648 2476 1743 2499">
     <span class='ocr_line' id='line_1_55' title="bbox 1648 2476 1743 2499; baseline 0 0"><span class='ocrx_word' id='word_1_392' title='bbox 1648 2476 1743 2499; x_wconf 70' lang='lat' dir='ltr'>ment.</span> 
     </span>
    </p>
   </div>
  </div>
 </body>
</html>
