2057 3353
775 193 1168 226 INTRODUCTION.

328 311 530 353 ,Iohannis
554 310 716 365 Wyclif

270 395 428 426 Sermon.
455 392 618 424 dominic.
644 393 692 427 ΙΙ,
718 399 773 432 41.

155 453 252 494 (Cod.
271 452 428 484 Vindob.
457 451 544 492 3928
573 450 632 482 sol.
653 447 897 489 IOOb—IOGR).

115 514 178 545 Vos
204 512 286 544 estis
304 511 358 543 sal
382 515 490 548 terre,
517 519 576 542 vos
602 509 684 541 estis
711 509 777 540 lux
804 507 937 546 mundi,

413 567 561 599 Matthei
585 567 631 598 V.

200 629 281 659 Hoc
313 625 529 667 evangelium
561 625 665 656 docet
697 648 704 655 .
724 648 731 655 .
751 647 758 655 .
778 647 786 654 .
819 622 938 663 quales

111 687 242 718 debent
256 695 330 717 esse
345 683 500 726 episcopi
519 686 552 714 et
570 682 704 724 prelati.
722 682 840 713 Primo
860 705 867 711 .
884 705 890 711 .
907 705 913 712 .
930 704 937 712 .

110 745 193 776 dicit
207 744 255 775 eis
264 743 419 776 Veritas:
438 742 591 774 Vosestis
606 742 660 773 sal
676 745 781 777 terre,
795 739 863 771 hoc
877 743 938 776 est,

111 802 244 835 debetis
270 812 311 833 ex
336 800 541 832 condicione
567 799 671 830 vestri
689 798 794 830 officii
811 798 939 829 habere

109 860 355 904 proprietatem
369 858 448 890 salis
463 858 506 889 ad
521 862 675 889 terrenos
688 856 847 888 homines
859 865 939 886 con—

110 919 265 951 diendos.
291 918 350 949 Sal
376 918 466 949 enirn
492 916 681 948 secundum
698 915 869 947 naturales
889 917 940 945 est

108 977 195 1019 lapis
214 987 253 1007 ex
271 986 374 1007 arena
392 979 426 1007 et
444 985 532 1016 aqua
550 985 627 1006 cum
645 974 767 1005 ardore
786 973 868 1004 solis
882 975 940 1003 aut

108 1036 197 1077 ignis
234 1039 267 1067 et
299 1035 382 1066 flatu
412 1034 507 1065 venti
538 1037 738 1075 compactus
770 1036 802 1063 et
834 1031 940 1062 habet

109 1094 338 1137 proprietates
354 1092 671 1134 multiplices.Nam
679 1091 773 1122 iuxta
787 1090 940 1130 regulam

109 1152 310 1185 Aristotelis
334 1152 399 1183 IV.
431 1151 669 1182 Meteororum
695 1148 896 1180 dissolvitur
922 1158 940 1178 a

111 1211 234 1252 frigido
261 1214 294 1241 et
318 1209 472 1240 humido.
500 1208 559 1240 Sal
585 1208 692 1239 eciam
718 1211 842 1238 terrani
860 1207 941 1237 facit

111 1269 270 1306 sterilem,
303 1268 400 1299 cibos
426 1267 556 1304 condit,
583 1276 702 1297 carnes
734 1265 882 1297 exsiccat
908 1268 941 1295 et

111 1339 130 1359 a
162 1326 417 1369 putrefeccione
454 1325 562 1356 fetore
595 1328 629 1356 et
658 1334 773 1355 verme
806 1333 939 1365 preser-

109 1389 165 1417 vat
191 1408 333 1417 ......
361 1382 685 1425 Correspondenter
717 1381 760 1411 ad
794 1380 940 1422 primum

110 1443 233 1486 prelati
265 1442 351 1474 boni
392 1441 506 1472 taliter
546 1443 753 1480 generantur
793 1438 840 1469 hii
883 1437 941 1478 qui

111 1501 258 1533 condam
290 1503 386 1531 erant
418 1509 520 1530 arena
551 1502 729 1529 terrestres
760 1500 863 1537 atque
891 1496 942 1526 in-

111 1559 252 1591 stabiles
276 1558 370 1589 iuxta
395 1556 596 1599 parabolam
615 1555 742 1587 Christi
768 1555 811 1586 de
836 1555 941 1586 domo

98 1616 262 1660 fundata
282 1625 388 1658 snper
405 1624 553 1646 arenam
568 1613 717 1645 Matthei
730 1614 818 1644 VII:
837 1613 944 1653 Aqua

109 1674 327 1717 baptismatis
348 1677 382 1704 et
399 1672 531 1704 ardoris
548 1672 637 1712 ignis
664 1672 771 1702 divini
797 1682 836 1702 ac
861 1671 943 1702 flatu

111 1733 250 1775 spiritus
292 1731 401 1763 sancti
441 1733 717 1772 companguntur
759 1734 793 1760 et
841 1739 944 1770 super

111 1792 224 1822 nivern
242 1791 284 1821 ab
304 1789 476 1831 opacitate
494 1788 627 1830 peccati
645 1787 852 1818 dealbantur
866 1810 874 1818 .
889 1810 897 1818 .
913 1811 919 1817 .
936 1811 944 1818 .

205 1848 289 1879 Alie
312 1852 427 1878 antem
454 1850 601 1887 quatuor
626 1846 857 1887 proprietates
883 1845 943 1876 mi-

114 1907 198 1938 stice
223 1906 351 1937 debent
377 1905 518 1947 prelatis
550 1909 758 1945 competere,
791 1914 869 1935 cum
901 1903 943 1934 ad

114 1966 180 1997 hoc
212 1975 231 1995 a
262 1975 349 2006 puro
381 1963 464 2000 sole,
495 1963 531 1994 id
564 1967 624 2000 est,
653 1963 790 1994 Christo
818 1973 943 2003 coagu-

111 2025 226 2055 lantur
266 2023 314 2053 sic
354 2022 474 2064 sapide
512 2025 550 2052 nt
587 2021 732 2053 terrenis
773 2021 944 2052 inhiantes

113 2082 238 2112 faciant
264 2081 477 2112 sterilescere
505 2080 621 2120 quoad
653 2079 820 2111 secularia
853 2079 942 2110 desi-

114 2140 208 2171 deria
227 2139 340 2170 radice
359 2137 518 2177 cerosaffl)
538 2137 607 2168 sale
627 2138 789 2169 desiderii
808 2137 943 2168 celestis

114 2199 206 2228 iuxta
237 2197 325 2228 illud
349 2197 420 2228 Titi
444 2197 497 2227 11:
538 2197 716 2238 Apparuit
743 2196 944 2240 benignitas

118 2255 251 2287 Christi
283 2255 446 2287 erudiens
482 2265 543 2287 nos
577 2259 613 2285 nt
638 2255 855 2297 abnegantes
881 2255 945 2286 inz-

113 2313 281 2355 pletatem
298 2317 331 2344 et
345 2312 524 2344 secularia
535 2312 711 2344 desideria
728 2311 843 2344 sobrie
858 2312 945 2344 iuste

116 2376 150 2404 et
170 2370 231 2413 pie
257 2371 415 2402 vivamus
443 2370 474 2402 in
506 2371 571 2402 lzoc
605 2371 732 2402 seculo.
773 2371 864 2401 Nam
896 2371 945 2401 sal

117 2429 289 2471 sapiencie
315 2429 482 2460 ruditates
507 2433 659 2460 vetustas
692 2429 826 2470 peccati
857 2429 946 2460 radi-

116 2488 202 2519 citus
228 2487 390 2524 eradicat,
417 2491 451 2518 et
477 2487 520 2517 de
539 2491 638 2518 tanto
665 2487 830 2518 secularia
856 2487 944 2518 desi-

117 2546 211 2577 deria
234 2546 462 2577 sterilescunt.
491 2546 547 2576 Sic
566 2546 655 2576 enirn
675 2545 804 2577 debent
823 2546 946 2587 prelati

114 2604 252 2635 inutiles
288 2604 424 2646 plantas
463 2604 690 2635 affeccionnin
728 2604 875 2635 evellere
913 2608 946 2635 et

116 2662 265 2693 sinceras
289 2662 432 2692 virtutes
457 2662 607 2692 inserere
634 2662 726 2693 iuxta
745 2663 831 2693 illud
847 2663 945 2704 Jere-

116 2720 182 2750 mie
207 2721 240 2751 1:
267 2719 356 2752 Ecce
381 2719 547 2751 constitui
574 2724 606 2751 te
632 2729 736 2761 super
763 2725 888 2763 gentes
914 2725 947 2753 et

120 2787 245 2821 regna,
272 2782 308 2810 ut
335 2778 464 2810 evellas
490 2781 544 2809 etc
549 2801 663 2809 .....

1723 192 1837 224 XXV

1257 308 1457 349 Johannis
1490 312 1582 350 Hus

1008 391 1129 422 Sermo
1147 391 1181 422 in
1201 391 1256 422 die
1275 401 1300 422 5.
1315 392 1506 431 Augustini
1523 391 1662 424 habitus
1682 394 1711 432 (a
1730 394 1838 434 1409).

1048 448 1152 490 (Opp.
1178 453 1261 480 tom.
1287 451 1324 480 II
1349 449 1408 481 fol.
1433 449 1799 491 XLIVa—XLVIb).

1014 509 1080 539 Vos
1106 508 1187 540 estis
1213 508 1268 540 sal
1294 512 1398 547 terre,
1426 518 1485 540 vos
1511 509 1592 540 estis
1618 509 1684 541 lux
1704 509 1839 550 mundi,

1316 565 1465 597 Matthei
1490 567 1535 597 V.

1102 623 1221 655 Verba
1236 623 1425 654 Salvatoris
1449 624 1577 655 docent
1601 624 1842 666 exemplariter

1011 681 1130 722 quales
1156 691 1230 713 esse
1257 681 1407 712 debeant
1435 682 1606 719 doctores,
1634 682 1790 724 episcopi
1808 686 1842 713 et

1622 764 1629 771 .
1667 741 1732 772 Vos
1759 741 1842 773 estis

1214 823 1221 830 .
1240 823 1248 829 .
1268 823 1274 829 .
1295 825 1301 830 .
1328 798 1396 829 1106
1428 802 1488 836 est,
1530 798 1666 829 debetis
1692 809 1733 829 ex
1758 809 1841 830 con-

1011 740 1145 782 prelati.
1171 740 1267 771 Dicit
1293 750 1375 780 ergo
1402 740 1513 782 primo
1540 764 1547 771 .
1568 764 1574 771 .

1012 800 1066 831 sal
1092 803 1187 830 terre

1012 857 1149 888 dicione
1174 856 1279 887 vestri
1304 855 1411 887 officii
1435 856 1564 887 habere
1591 856 1840 898 proprietatem

1012 915 1091 947 53115
1109 915 1153 946 3(1
1170 919 1325 946 terrenos
1342 914 1501 946 homines
1519 914 1735 946 condiendos
1754 939 1761 946 .
1780 939 1788 946 .
1808 938 1816 946 .
1835 939 1842 946 .

1013 973 1073 1005 Sal
1098 973 1188 1004 enirn
1214 972 1404 1004 seeundum
1429 972 1602 1003 naturales
1628 975 1679 1003 est
1695 972 1783 1014 lapis
1802 983 1842 1003 ex

1012 1042 1116 1063 arena
1141 1036 1174 1062 et
1201 1041 1290 1071 aqua
1315 1041 1391 1061 cum
1418 1031 1540 1061 ardore
1566 1031 1648 1062 solis
1675 1035 1731 1061 aut
1756 1031 1843 1071 ignis

1013 1095 1045 1121 et
1065 1090 1147 1121 flatu
1164 1089 1258 1120 venti
1276 1093 1477 1130 compactus
1496 1092 1529 1119 et
1547 1099 1609 1130 per
1627 1099 1843 1129 consequens

1012 1149 1105 1179 iuxta
1130 1147 1284 1188 regulam
1302 1147 1504 1178 Aristotelis
1528 1147 1583 1178 IV
1607 1148 1844 1178 Meteororum

1014 1206 1213 1237 dissolvitur
1253 1216 1271 1236 a
1310 1205 1434 1245 frigido
1468 1208 1501 1236 et
1532 1204 1675 1236 humido
1703 1228 1844 1236 ......

1013 1290 1020 1296 .
1041 1289 1048 1296 .
1068 1289 1075 1296 .
1096 1289 1102 1295 .
1122 1264 1181 1295 Sal
1199 1264 1302 1295 etiam
1320 1264 1401 1294 facit
1418 1267 1541 1294 terrani
1560 1263 1722 1300 sterilem,
1749 1263 1846 1293 cibos

1014 1323 1144 1358 condit,
1161 1332 1280 1352 carnes
1300 1322 1445 1352 exsiccat
1473 1326 1505 1352 et
1533 1332 1551 1351 a
1576 1321 1844 1362 putrefaccione,

1015 1381 1123 1412 fetore
1142 1385 1174 1411 et
1193 1390 1308 1411 verme
1326 1383 1502 1421 preservat
1521 1403 1528 1410 .
1545 1403 1551 1410 .
1568 1403 1575 1410 .
1592 1403 1598 1409 .
1617 1383 1651 1409 et
1669 1379 1845 1419 signanter

1013 1438 1181 1479 significat
1225 1438 1377 1480 prelatos
1418 1438 1531 1468 bonos
1574 1437 1631 1477 qui
1669 1436 1844 1476 quondam

1013 1501 1110 1528 erant
1151 1507 1253 1528 arena
1293 1495 1463 1527 instabilis
1505 1496 1597 1526 iuxta
1644 1494 1844 1536 parabolani

1014 1555 1141 1587 Christi
1173 1555 1216 1587 de
1249 1554 1354 1586 domo
1374 1553 1537 1596 fundata
1563 1563 1669 1595 snper
1694 1561 1843 1584 arenam

1013 1613 1163 1645 Matthei
1204 1614 1293 1644 VII:
1335 1613 1384 1642 Hi
1425 1622 1513 1652 aqua
1553 1610 1784 1653 baptismatis.
1813 1614 1847 1640 et

1014 1673 1137 1703 ardore
1163 1672 1252 1711 ignis
1280 1671 1387 1701 divini
1413 1680 1452 1700 36
1478 1670 1560 1700 flatu
1580 1669 1689 1700 sancti
1708 1668 1848 1710 spiritus

1015 1733 1292 1772 compunguntur
1324 1732 1358 1759 et
1389 1738 1491 1769 super
1528 1727 1641 1758 nivem
1677 1726 1722 1758 ab
1761 1736 1845 1768 opa-

1015 1789 1118 1819 citate
1145 1787 1280 1829 peccati
1308 1786 1514 1817 dealbantur
1534 1810 1540 1816 .
1561 1809 1567 1815 .
1587 1809 1594 1816 .
1615 1809 1622 1816 .

1106 1847 1184 1877 Hee
1203 1845 1435 1886 proprietates
1453 1844 1594 1885 mystice
1613 1843 1744 1874 debent
1760 1842 1851 1873 vica-

1016 1905 1073 1935 riis
1092 1903 1219 1935 Christi
1238 1906 1447 1944 competere,
1474 1912 1551 1932 cum
1577 1902 1620 1932 ad
1637 1901 1704 1932 hoc
1723 1911 1742 1931 a
1760 1911 1847 1942 puro

1016 1962 1099 1999 sole,
1117 1962 1153 1992 id
1171 1965 1232 1998 est,
1249 1960 1386 1992 Christo
1402 1960 1637 2000 coagulantur,
1653 1959 1702 1989 sic
1720 1958 1849 2000 sapide,

1015 2024 1054 2051 ut
1077 2019 1235 2051 homines
1262 2019 1407 2049 terrenis
1433 2018 1608 2049 inhiantes
1634 2017 1735 2048 faciat
1753 2016 1850 2047 steri-

1014 2079 1144 2109 lescere
1177 2077 1292 2118 quoad
1323 2076 1490 2108 secularia
1521 2075 1700 2113 desideria,
1734 2075 1847 2106 radice

1017 2149 1154 2170 corrosa
1170 2138 1240 2169 sale
1255 2138 1416 2169 desiderii
1435 2137 1571 2168 celestis
1589 2137 1680 2167 iuxta
1698 2135 1785 2166 illud
1803 2135 1846 2166 ad

1016 2197 1131 2228 Titum
1149 2197 1389 2238 11:11pparnit
1405 2196 1606 2237 benignitas
1620 2194 1753 2226 Christi
1769 2204 1848 2226 eru-

1017 2255 1185 2288 diensnos
1197 2254 1609 2297 utabnegantesomnem
1627 2251 1846 2294 invzpietatem

1018 2319 1050 2346 et
1069 2313 1244 2345 secularia
1266 2312 1444 2344 desideria
1461 2311 1576 2343 sobrie
1591 2311 1692 2352 etpie
1707 2313 1739 2342 et
1758 2309 1849 2341 iuste

1019 2373 1179 2404 vivamus
1203 2372 1236 2403 in
1258 2371 1322 2403 lzoc
1347 2371 1473 2403 seculo.
1499 2370 1591 2401 Nam
1609 2368 1658 2400 sal
1676 2366 1849 2409 sapiencie

1019 2431 1184 2462 ruditates
1193 2430 1373 2461 vetustatis
1384 2428 1517 2471 peccati
1526 2427 1688 2459 radicitus
1698 2425 1848 2457 eradicat

1019 2493 1053 2520 et
1071 2489 1113 2519 de
1132 2492 1229 2519 tanto
1248 2487 1413 2519 secularia
1432 2486 1602 2517 desideria
1620 2484 1848 2515 sterilescunt.

1019 2548 1075 2577 516
1094 2547 1183 2577 enim
1202 2546 1330 2576 debent
1348 2545 1462 2575 vicarii
1485 2543 1721 2585 apostolorum
1747 2541 1846 2582 plan-

1018 2608 1068 2635 ta<
1088 2604 1226 2635 inutiles
1245 2603 1470 2634 affcccionuxn
1489 2601 1635 2632 evellere
1651 2604 1684 2631 et
1699 2600 1848 2630 sinceras

1018 2663 1159 2693 virtutes
1196 2662 1345 2693 inserere
1377 2658 1470 2690 iuxta
1508 2659 1594 2689 illud
1632 2658 1782 2699 Jeremie
1812 2658 1851 2687 1:

1020 2720 1100 2764 Ego
1127 2719 1297 2751 constitui
1323 2723 1355 2751 te
1381 2727 1486 2759 super
1513 2721 1636 2760 gentes
1663 2721 1696 2748 et
1723 2724 1846 2757 regna,

1020 2783 1057 2810 ut
1088 2779 1216 2811 evellas
1249 2782 1282 2810 et
1313 2778 1476 2809 destruas
1515 2780 1549 2807 et
1587 2773 1777 2816 disperdas
1815 2777 1848 2805 et

1020 2835 1164 2879 dissipes
1192 2839 1226 2868 et
1252 2835 1389 2877 edifices
1416 2839 1449 2867 et
1468 2834 1615 2876 plantes
1642 2857 1648 2863 .
1670 2855 1676 2862 .
1696 2855 1703 2862 .
1723 2855 1730 2863 .
