2017 3353
155 300 173 324 [O

183 300 202 324 Ιά

211 290 232 325 00

198 469 303 497 Friars
324 477 377 501 sax*v

176 504 322 540 absurdly
342 501 405 531 that

166 539 272 566 Christ
293 539 407 574 begged

169 575 203 601 of
220 574 270 601 the
291 582 413 600 woman

189 609 224 636 of
240 608 390 637 Samaria.

178 1572 274 1600 Their
294 1571 404 1606 doings

188 1616 238 1634 are
259 1608 344 1642 signs
364 1606 398 1633 of

180 1651 280 1669 worse
301 1641 357 1668 evil
379 1646 409 1668 to

245 1685 342 1704 come.

200 2454 267 2482 The
287 2461 357 2481 man
378 2453 403 2481 is

244 2488 359 2517 Christ.

725 294 947 326 JOHANNIS
966 293 1148 325 WYcLlF
1169 292 1424 324 SERMONUM
1453 277 1604 336 [SERMO
1620 288 1759 316 XXXIV·

444 400 600 437 mulieri
633 400 885 437 Samaritane
919 401 1014 435 dare
1046 400 1117 435 sibi
1147 400 1273 435 hibere
1305 411 1406 447 aque
1436 399 1624 446 poculum
1652 410 1758 433 men-

443 459 602 496 dicavit.
635 460 712 496 Sed
747 458 909 506 quidam
945 458 1093 494 instant
1132 457 1259 505 logice
1294 458 1402 505 quod
1434 469 1505 504 per
1537 456 1641 492 idem
1675 464 1759 491 tota

442 517 598 554 trinitas
631 518 915 553 mandatorum
950 516 1252 552 observanciam
1286 514 1527 551 mendicavit
1552 523 1588 550 et
1612 512 1758 549 Christi

442 575 669 612 humanitas
715 574 955 610 mendicavit
1009 573 1352 610 mendicacionem
1406 571 1634 608 huiusmodi
1687 584 1759 619 pro

442 633 527 682 ipso
562 643 598 670 et
631 632 822 669 membris
855 632 953 677 suis3
987 632 1077 668 ideo
1111 632 1247 667 dicunt
1279 632 1386 680 quod
1411 630 1623 679 pocionem
1649 629 1757 665 illam
1777 632 1793 664 5

442 692 696 729 dominanter
734 690 946 739 imperavit
985 691 1044 726 rel
1082 703 1104 726 a
1137 689 1391 726 Samaritana
1424 687 1690 725 amicabiliter
1723 695 1759 723 et

440 750 692 787 familiariter
737 748 965 797 postulavit,
1013 757 1048 784 et
1094 761 1184 784 cum
1230 747 1316 796 pari
1364 746 1567 783 evidencia
1611 747 1758 782 nedum

443 808 596 845 amicus
628 810 677 845 ab
711 807 841 844 amico
877 806 1123 843 mendicaret
1155 807 1223 842 sed
1256 805 1441 841 dominus
1480 818 1502 841 a
1534 817 1605 840 suo
1633 816 1758 840 servo.

442 867 622 903 Christus
656 867 761 903 enim
794 865 942 901 ibidem
973 864 1146 901 ostendit
1170 863 1493 900 dominacionem
1517 875 1643 907 suam,
1669 875 1758 898 cum

442 925 677 972 preteritum
723 923 864 972 spiritu
916 922 1153 971 prophetico
1204 921 1279 970 ipsi
1330 921 1476 958 femine
1529 919 1818 956 declaravit.1o

443 984 556 1019 Unde
600 982 755 1019 videtur
787 983 1006 1018 secundum
1047 980 1292 1028 evangelium
1339 980 1446 1028 quod
1489 980 1645 1014 locutus
1690 977 1761 1013 fuit

442 1040 609 1086 mistice,
652 1054 741 1077 curn
780 1039 1029 1076 venientibus
1068 1037 1260 1087 apostolis
1305 1039 1355 1074 ad
1400 1035 1760 1073 manducacionem

443 1099 696 1136 hortantibus
730 1098 843 1134 dixit:
878 1098 968 1148 Ego
1002 1098 1123 1133 cibum
1148 1097 1266 1132 habeo
1297 1096 1532 1131 manducare
1564 1107 1671 1143 quem
1698 1106 1763 1129 vos

442 1158 603 1194 nescitis.
644 1156 754 1194 Sicut
792 1169 884 1204 ergo
924 1155 1034 1192 cibus
1075 1154 1222 1191 Christi
1254 1152 1473 1202 spiritualis
1505 1152 1590 1198 fuit,
1624 1152 1762 1188 volun-

442 1224 565 1252 tatem
599 1215 728 1252 facere
760 1213 885 1263 patris
919 1213 990 1258 sui,
1025 1213 1080 1249 sic
1113 1221 1150 1248 et
1182 1221 1299 1260 potus
1333 1224 1454 1260 quam
1489 1210 1631 1246 mulier
1655 1209 1762 1246 dedit
1784 1212 1819 1245 15

443 1273 516 1309 sibi
555 1272 876 1317 occasionaliter,
917 1273 1011 1308 dum
1051 1280 1133 1307 tam
1169 1270 1208 1306 in
1241 1282 1411 1318 persona
1444 1268 1608 1317 propria
1641 1281 1761 1316 quam

444 1331 482 1368 in
517 1331 642 1380 figura
675 1330 840 1368 ecclesie
863 1329 1071 1378 gentilium
1096 1328 1168 1364 fuit
1191 1328 1392 1364 obiectum
1416 1327 1456 1363 in
1480 1339 1558 1375 quo
1583 1325 1763 1363 Christus

444 1390 516 1426 fuit
549 1389 790 1426 miraculose
829 1397 1017 1436 operatus
1056 1387 1303 1423 voluntatem
1337 1385 1485 1422 faciens
1518 1384 1589 1421 Dei
1624 1383 1760 1432 patris,

443 1449 561 1484 Tales
600 1460 694 1496 ergo
734 1446 907 1483 mendici
948 1447 1177 1493 detegerent
1210 1443 1527 1492 descripcionem
1562 1442 1763 1478 mendica-

445 1505 571 1542 cionis
603 1507 672 1542 sed
706 1506 835 1542 celant
868 1504 997 1552 ipsam
1031 1508 1087 1549 (ut
1125 1503 1251 1549 alias),
1291 1511 1333 1537 ut
1372 1514 1566 1538 venenum
1603 1499 1763 1537 caucius
1781 1514 1820 1536 20

445 1565 668 1601 occultetur
703 1572 739 1600 et
771 1563 881 1599 scola
913 1561 1062 1598 diaboli
1094 1560 1262 1609 nequius
1287 1561 1522 1596 declaretur.
1548 1561 1595 1594 Et
1628 1557 1763 1594 omnia

445 1622 519 1659 ista
572 1621 663 1658 licet
715 1620 952 1669 parvipensa
1002 1619 1161 1664 fuerint,
1217 1627 1307 1654 sunt
1357 1616 1585 1666 prenostica
1641 1615 1764 1664 pluris

447 1679 560 1725 mali;
605 1679 736 1728 primo
781 1679 887 1715 enim
932 1677 1134 1714 mendicat
1179 1676 1395 1713 christiana
1440 1674 1580 1722 religio
1633 1673 1764 1710 debite

446 1739 665 1775 secundum
713 1736 955 1785 exigenciam
994 1735 1226 1780 virtuosam,
1267 1735 1443 1770 secundo
1483 1732 1764 1769 mendicarunt

446 1806 550 1833 secte
595 1795 733 1844 rapide
776 1795 995 1831 secundum
1042 1792 1317 1830 extollenciam
1361 1800 1673 1835 monstruosam,
1728 1799 1763 1826 et
1781 1793 1819 1825 25

447 1854 571 1891 tercio
605 1853 827 1890 timendum
868 1862 925 1889 est
958 1853 1067 1901 quod
1103 1859 1355 1899 exsurgerent
1392 1858 1573 1898 raptores
1606 1847 1764 1897 publice

448 1912 515 1961 qui
585 1911 813 1948 mendicent
880 1911 1169 1959 depopulantes
1238 1908 1473 1956 religionem
1545 1919 1762 1956 pauperem

449 1970 721 2007 christianam.
767 1972 869 2006 Nam
915 1969 955 2005 in
1000 1969 1155 2005 defectu
1201 1969 1415 2004 modorum
1461 1964 1644 2014 capiendi
1689 1965 1763 2000 ele-

450 2028 625 2065 mosinas
662 2027 930 2065 Antichristus
969 2026 1166 2074 gradatim
1207 2024 1387 2071 invaluit,
1427 2024 1483 2060 sic
1521 2025 1629 2072 quod
1673 2035 1763 2070 rap-

449 2096 554 2123 tores
598 2085 717 2122 hodie
763 2085 900 2122 dicunt
943 2085 1040 2120 illud
1074 2085 1259 2121 Proverb.
1308 2086 1357 2128 10,
1411 2095 1476 2128 14:
1517 2081 1820 2130 Alarsupiunzsso

450 2157 564 2181 unum
607 2145 656 2181 sit
699 2144 865 2180 omnium
910 2150 1096 2179 nostrum.
1143 2144 1234 2178 Ideo
1273 2153 1433 2178 necesse
1472 2149 1528 2176 est
1568 2140 1762 2187 populum

450 2212 583 2239 tenere
615 2214 655 2239 se
688 2201 728 2239 in
761 2201 954 2238 limitibus
987 2200 1139 2237 ordinis
1172 2198 1389 2236 christiani.

902 2303 1095 2345 SERMO
1128 2303 1319 2342 XXXIV.

510 2389 638 2425 Homo
678 2389 831 2437 quidam
860 2388 961 2437 fecit
993 2400 1123 2423 cenam
1161 2399 1357 2436 magnam.
1399 2386 1504 2421 Luce
1542 2385 1662 2429 XIV0,
1704 2384 1763 2420 16.

511 2448 644 2482 Homo
688 2445 760 2482 iste
803 2445 1014 2493 singularis
1059 2453 1115 2481 est
1147 2443 1340 2488 Christus,
1375 2451 1412 2479 et
1455 2455 1552 2479 cena
1595 2454 1666 2478 sua
1710 2444 1822 2477 est35

455 2503 679 2541 convivium
724 2503 764 2540 in
807 2516 886 2552 quo
931 2515 1069 2539 omnes
1114 2501 1374 2550 predestinati
1424 2513 1543 2549 super
1587 2512 1764 2535 mensam

523 2600 548 2619 2.
570 2593 614 2619 A:
636 2591 687 2618 sed
712 2596 758 2621 nt:
789 2591 828 2617 ib.
850 2592 893 2618 A:
916 2591 1017 2617 instat.
1091 2589 1114 2617 3.
1138 2590 1175 2617 n:
1198 2590 1359 2616 mendicat.
1450 2588 1475 2617 3.
1491 2598 1519 2622 4.
1541 2588 1584 2614 A:
1604 2592 1631 2614 ct
1652 2585 1766 2614 Christi

454 2627 630 2654 hnmanitas
645 2626 829 2653 mendicaxit
843 2631 869 2652 et
882 2625 995 2652 Christi
1013 2626 1188 2652 immanitas
1204 2624 1398 2651 mendicavit.
1435 2634 1463 2652 a.
1478 2623 1515 2649 B:
1533 2621 1765 2649 mendicaminc.

455 2663 478 2690 5.
501 2663 544 2690 A:
567 2662 634 2689 ideo
657 2662 776 2688 debent.
840 2660 876 2687 15.
898 2661 943 2687 A:
965 2660 1043 2686 ferre
1065 2660 1168 2695 patris.
1234 2659 1273 2686 1⁴3.
1296 2660 1339 2686 A:
1362 2658 1487 2693 propria
1507 2657 1600 2684 deest.
1657 2664 1700 2683 22.
1720 2657 1764 2683 A:

456 2705 508 2732 per
528 2697 685 2731 impensa:
713 2696 752 2722 ib.
775 2694 840 2721 BC:
876 2694 1042 2721 wenostica
1064 2694 1198 2729 plurimi.
1273 2693 1315 2720 23.
1337 2694 1364 2720 A
1385 2693 1413 2719 in
1436 2700 1549 2726 marg:
1576 2690 1766 2718 Mendicacio

455 2732 575 2766 triplex.
593 2740 612 2758 1.
651 2739 697 2765 24.
712 2730 749 2757 B:
766 2738 856 2756 secun
884 2738 933 2756 nm
950 2729 1122 2763 ege-nciam:
1139 2729 1178 2756 ib.
1192 2729 1219 2755 A
1234 2728 1262 2754 in
1281 2736 1393 2762 marg:
1411 2735 1441 2758 2:
1457 2727 1496 2753 ib.
1509 2727 1553 2753 A:
1571 2724 1763 2752 mendicavit.

456 2766 501 2792 213.
518 2767 545 2792 A
561 2766 590 2792 in
613 2773 726 2800 marg:
747 2763 778 2792 3:
800 2764 838 2790 ib.
855 2764 899 2790 A:
922 2768 1130 2798 resurgerent:
1152 2762 1232 2797 quod
1255 2763 1348 2789 deest.
1404 2761 1449 2788 30.
1465 2762 1509 2788 A:
1532 2762 1618 2787 i’ror.
1641 2760 1651 2785 Ι
1673 2759 1765 2785 deest.

456 2800 497 2827 32.
517 2801 553 2827 15:
576 2800 728 2835 seqnitur:
750 2799 851 2825 Homo
871 2798 995 2833 quidam
1015 2797 1091 2829 fecit
1109 2806 1212 2824 cenam
1234 2805 1386 2833 magnam.
1408 2796 1488 2822 Lace
1502 2794 1596 2822 XIVv¹
1635 2793 1677 2820 325.
1693 2794 1720 2820 A
1737 2793 1764 2819 in

458 2843 570 2869 marg:
593 2836 701 2861 Sermo
717 2833 860 2862 XXXIV:
929 2832 967 2859 ib.
987 2832 1034 2859 BC
1051 2832 1078 2858 in
1097 2840 1208 2867 marg:
1230 2831 1392 2858 Dominica
1408 2830 1558 2859 secunda:
1579 2829 1618 2855 ib.
1636 2828 1675 2855 C:
1698 2832 1764 2862 post

456 2869 627 2897 Trinitatis.
696 2867 736 2896 35.
759 2869 802 2894 A:
825 2867 889 2896 iile:
920 2867 958 2893 ib.
980 2868 1023 2893 A:
1046 2876 1100 2893 sna
1121 2867 1214 2893 deest.
1270 2865 1313 2895 35,
1335 2865 1380 2893 315.
1401 2866 1444 2891 A:
1468 2872 1556 2890 suam
1578 2862 1763 2890 convivium.

529 2918 579 2950 33.
607 2917 658 2949 Cf.
683 2915 838 2959 Wyclif's
864 2917 1031 2947 Sermons
1060 2917 1114 2946 ed.
1143 2915 1187 2957 by
1212 2915 1345 2946 Arnold
1374 2914 1396 2954 1,
1425 2912 1523 2944 3—6.
