2017 3353
193 287 328 316 semo
349 275 442 333 Lm]
498 333 500 336 y
698 288 839 320 PRIMA
866 287 992 319 PARS.

189 397 300 441 tudo,
339 394 564 431 sublimitas
609 403 645 430 et
685 392 950 442 profunditas.
990 393 1201 428 Naturales
1240 392 1345 428 enim
1390 393 1506 439 syllo-

189 453 321 501 gizant
360 454 467 501 quod
506 462 612 489 terra
656 452 705 487 sit
750 450 789 487 in
829 450 966 486 mundi
1002 449 1134 486 medio
1179 449 1368 491 stabilita,
1417 462 1506 485 cum

189 511 238 547 sit
261 524 407 559 corpus
430 509 709 559 gravissimum
728 507 967 545 naturaliter
988 517 1130 556 potens
1156 507 1292 543 mundi
1318 506 1506 552 medium,

190 570 297 618 quod
337 568 512 618 quelibet
552 568 635 604 eius
672 580 765 616 pars
804 566 963 615 (saltem
1007 565 1038 602 si
1086 565 1204 602 fuerit
1243 564 1439 601 dislocata
1487 577 1508 601 a

157 629 291 674 5toto)
324 626 477 675 appetit
506 638 590 662 esse
620 635 814 670 centrum,
840 633 877 661 et
901 637 970 672 per
995 636 1254 672 consequens,
1287 631 1372 659 tota
1401 631 1507 658 terra

189 698 229 721 se
268 684 396 733 ipsam
441 683 672 733 sperificans
716 695 922 730 apponens
954 681 1086 719 nisum
1119 680 1301 730 parcium
1346 693 1508 717 suarum

189 742 441 791 reciprocum
463 741 701 778 naturaliter
723 749 852 777 servat
882 740 965 776 eius
995 739 1170 776 medium
1200 751 1283 776 esse
1313 747 1508 783 centrum,

190 810 227 837 et
271 800 326 837 sic
370 809 477 836 terra
515 800 690 849 quadam
729 798 976 847 proprietate
1016 797 1271 834 concentrica
1317 806 1374 833 est
1419 809 1509 832 cum

192 859 353 894 mundo.
393 857 480 894 Alie
513 866 647 894 autem
680 869 794 905 spere
831 856 923 892 licet
962 857 1135 892 habeant
1172 868 1331 904 speram
1371 853 1509 890 mundi

139 933 176 956 ιο
191 926 228 953 et
266 926 370 952 terre
410 928 484 964 pro
523 929 594 952 suo
628 924 778 961 centro,
812 914 911 950 illud
943 923 1079 950 tamen
1111 923 1293 950 centrum
1331 925 1413 948 non
1453 920 1509 947 est

192 976 238 1011 de
271 974 361 1020 illis,
393 974 486 1010 licet
520 973 697 1010 medium
729 973 779 1009 sit
806 972 847 1008 in
874 971 965 1009 illis.

250 1032 360 1069 Sicut
394 1045 488 1080 ergo
524 1041 706 1068 centrum
741 1029 878 1066 mundi
913 1039 969 1067 est
1002 1029 1185 1070 infimum
1219 1028 1421 1078 possibile,
1453 1027 1522 1064 sic‘

191 1099 350 1139 oportet
371 1090 576 1126 hominem
591 1098 739 1126 terram
761 1088 996 1137 profundari
1012 1087 1275 1136 spiritualiter
1295 1086 1335 1122 in
1350 1085 1510 1123 Christo

191 1148 426 1195 humillime,
460 1147 528 1197 qui
559 1156 768 1196 tamquam
806 1147 906 1183 atlas
939 1146 1049 1194 gigas
1080 1145 1319 1182 naturaliter
1351 1157 1373 1180 a
1404 1153 1510 1180 terra

137 1213 174 1246 15
191 1207 433 1243 extrinsecus
468 1219 588 1243 manu
628 1218 696 1242 sue
735 1204 919 1253 potencie
958 1204 998 1241 in
1037 1203 1175 1240 mundi
1210 1202 1341 1239 medio
1381 1210 1510 1238 servat

190 1265 332 1313 ipsam.
360 1267 510 1301 Domus
542 1272 675 1301 autem
705 1264 776 1299 hec
799 1262 1019 1311 spiritualis
1048 1271 1104 1299 est
1136 1262 1300 1307 caduca,
1332 1260 1362 1297 si
1392 1273 1511 1308 super

189 1322 445 1360 terrestribus
479 1322 653 1359 finaliter
686 1321 736 1358 sit
768 1321 948 1358 fundata.

249 1383 324 1418 Pro
352 1380 463 1417 cuius
485 1379 762 1417 declaracione
783 1391 968 1427 suppono
991 1376 1360 1415 consideracionem
1383 1375 1512 1424 philo-

191 1439 398 1488 sophicam
445 1440 552 1488 quod
596 1447 682 1475 tota
725 1450 840 1486 spera
885 1436 916 1474 si
956 1436 1152 1473 dislocata
1190 1434 1322 1481 fuerit,
1361 1436 1511 1470 habens

133 1513 174 1535 20
191 1511 310 1534 unam
336 1496 592 1534 medietatem
615 1495 840 1544 graviorem
874 1507 917 1532 ex
949 1508 1028 1531 una
1060 1503 1174 1543 parte
1207 1492 1333 1529 centri
1358 1491 1510 1538 mundi,

192 1555 396 1592 descendit
418 1554 667 1601 naturaliter,
698 1566 906 1603 quousque
928 1552 1045 1590 fuerit
1069 1553 1218 1588 mundo
1243 1549 1511 1597 concentrica,

191 1614 284 1663 quia
317 1613 432 1650 aliter
467 1615 526 1660 (ut
557 1613 760 1649 naturales
794 1613 980 1660 arguunt)
1021 1610 1243 1659 quiesceret
1275 1608 1514 1646 naturaliter

191 1672 231 1708 in
254 1672 332 1708 situ
355 1670 457 1708 aeris
482 1680 519 1707 et
543 1671 771 1719 ubicunque
795 1682 838 1706 ex
862 1668 933 1706 Dei
958 1667 1259 1717 omnipotencia
1283 1676 1511 1715 poneretur.

191 1729 239 1766 Et
270 1742 313 1766 ex
343 1729 419 1766 isto
448 1728 684 1777 syllogizant
712 1727 880 1764 ulterius
910 1728 1019 1776 quod
1040 1725 1289 1775 impoSsibile
1320 1734 1377 1761 est
1407 1725 1515 1773 quod

136 1787 231 1826 25in
275 1796 414 1824 nostra
458 1786 668 1823 habitabili
708 1787 830 1823 homo
869 1785 1045 1831 effodiat,
1091 1784 1284 1832 tripudiet
1328 1783 1389 1819 vel
1433 1782 1515 1819 avis

193 1855 260 1883 aut
294 1845 403 1882 aliud
436 1857 554 1893 grave
587 1844 627 1881 in
661 1854 810 1881 terram
848 1852 1029 1880 nostram
1054 1842 1270 1879 descendat
1303 1840 1399 1890 quin
1431 1849 1517 1877 tota

193 1917 309 1952 spera
347 1913 452 1940 terre
492 1904 708 1940 descendat
755 1900 1176 1951 proporcionabiliter,
1218 1899 1294 1936 nisi
1332 1899 1434 1935 forte
1473 1911 1517 1935 ex

192 1962 271 1999 alia
321 1970 434 2011 parte
485 1970 589 1997 terre
635 1969 860 1997 servaretur
912 1958 1108 2009 equalitas
1151 1956 1371 2006 gravitatis,
1423 1956 1516 2005 quia

195 2021 254 2068 (ut
292 2028 524 2069 supponunt
563 2028 772 2068 tamquam
812 2017 1073 2067 principium)
1117 2029 1160 2053 ex
1199 2015 1308 2052 omni
1348 2028 1517 2064 propor-

136 2083 178 2115 30
194 2078 308 2115 cione
342 2077 505 2114 maioris
538 2076 812 2126 inequalitatis
851 2085 982 2125 potest
1022 2074 1134 2112 accio
1172 2073 1394 2122 provenire.
1436 2075 1516 2109 Nec

193 2136 276 2173 scio
309 2137 462 2173 solvere
495 2135 700 2172 racionem
732 2134 808 2171 nisi
841 2134 915 2171 celi
947 2132 1163 2170 influencia
1196 2131 1372 2169 stabiliat
1396 2131 1516 2167 situm

194 2204 310 2231 terre.
345 2196 393 2230 Et
427 2206 470 2230 ex
502 2194 578 2230 isto
612 2202 721 2242 patet
755 2194 863 2242 quod
896 2192 976 2229 sive
1010 2193 1152 2227 domus
1187 2189 1404 2227 materialis
1438 2188 1517 2225 sive

195 2251 414 2301 spiritualis
459 2251 500 2288 in
538 2251 706 2288 terrenis
744 2251 911 2287 fundata
956 2258 1012 2286 est
1049 2247 1235 2285 volubilis
1274 2257 1311 2285 et
1350 2249 1515 2293 caduca,

197 2323 287 2347 cum
315 2309 563 2358 impossibile
590 2309 639 2346 sit
668 2311 833 2346 domum
858 2309 979 2345 talem
1009 2316 1114 2344 stare
1137 2306 1287 2343 directe
1315 2306 1355 2342 in
1385 2305 1517 2341 medio

138 2372 177 2405 35
195 2368 271 2405 nisi
296 2368 366 2404 Dei
394 2367 609 2404 infiuencia
632 2368 707 2404 hoc
732 2375 950 2404 conservet.
976 2368 1023 2402 Et
1045 2366 1147 2402 forte
1173 2378 1216 2401 ex
1238 2363 1314 2401 ista
1337 2363 1516 2401 conside—

195 2425 357 2463 racione
401 2426 693 2462 necessitantur
739 2438 881 2473 magne
926 2423 1088 2469 fabrice,
1135 2432 1176 2459 ut
1221 2422 1341 2459 turris
1380 2421 1514 2463 BabeL

195 2485 346 2532 templa
391 2493 427 2519 et
469 2483 713 2520 monasteria
758 2496 834 2532 que
881 2492 1020 2519 contra
1065 2482 1314 2518 voluntatem
1355 2478 1515 2515 Domini

195 2551 286 2579 sunt
304 2543 483 2588 fundata,
501 2543 663 2578 demum
686 2554 886 2578 corruere.
903 2543 952 2577 Et
977 2540 1067 2576 hinc
1091 2538 1264 2588 apostoli
1289 2547 1325 2574 et
1349 2538 1513 2574 celestes

196 2600 377 2637 homines
417 2601 464 2636 de
496 2599 642 2636 talibus
674 2598 836 2636 fabricis
867 2612 949 2636 non
982 2599 1188 2635 curabant.

266 2719 285 2738 1.
308 2710 374 2739 BC:
401 2709 565 2738 Naturales
587 2715 698 2737 autem.
772 2717 797 2736 2.
814 2711 857 2737 A:
881 2710 1043 2737 stabilitur.
1118 2705 1286 2742 4.13(;DE:
1309 2706 1391 2741 quod
1414 2706 1513 2739 deest;

196 2747 236 2773 ib.
259 2747 303 2773 A:
326 2746 392 2773 eius
413 2753 511 2780 spera.
610 2745 637 2772 6.
659 2746 703 2772 A:
726 2744 915 2783 specificans.
1008 2753 1034 2779 7.
1058 2744 1094 2770 13:
1118 2742 1296 2769 naturaliter
1316 2741 1514 2776 significatur.

197 2782 223 2808 ὃ.
246 2782 289 2808 A:
312 2786 340 2807 et
360 2780 447 2808 sicut.
506 2778 543 2807 13.
565 2781 608 2807 A:
631 2780 763 2807 fundari.
828 2787 869 2813 ¹4-
893 2779 957 2807 BC:
981 2778 1165 2806 humillimo.
1224 2776 1260 2804 15.
1282 2777 1326 2803 A:
1348 2775 1429 2802 viam
1451 2784 1514 2802 sue.

198 2825 239 2852 19.
262 2817 304 2843 A:
329 2823 417 2851 spera
438 2820 527 2842 terre.
607 2822 651 2842 22.
673 2816 718 2842 A:
741 2814 908 2849 quiescere.
988 2812 1030 2840 23.
1054 2814 1098 2840 A:
1121 2812 1198 2838 aeris
1219 2811 1327 2838 eciam.
1401 2818 1448 2844 24.
1470 2811 1512 2837 A:

197 2851 226 2877 in
247 2851 306 2878 isto
327 2849 508 2885 sologizant.
616 2857 630 2876 2
655 2871 660 2875 .
683 2849 751 2876 DE:
774 2847 1086 2883 proporcionabilior.
1195 2846 1239 2873 28.
1262 2847 1306 2873 A:
1328 2845 1399 2880 quia
1419 2845 1513 2872 deest.

197 2893 244 2921 29.
266 2885 334 2912 DE:
355 2885 396 2912 ita
415 2888 456 2911 ut.
565 2882 607 2911 33.
631 2858 723 2911 beli:
745 2883 874 2910 imerius
894 2882 1038 2916 fundata3
1066 2882 1108 2909 D:
1130 2880 1267 2908 inferius.
1377 2879 1417 2907 35.
1439 2879 1463 2906 13
1483 2879 1513 2906 in

198 2928 310 2955 marg:
332 2919 422 2947 Nota.
497 2918 541 2946 38.
565 2919 602 2946 B:
625 2919 752 2946 domum
775 2925 930 2944 corruere.

1314 2964 1377 2996 25*

1719 277 1793 325 387

1549 399 1617 427 The
1637 400 1721 427 earth
1741 400 1768 427 is

1551 434 1601 461 the
1621 438 1723 462 centre
1743 434 1778 462 of

1548 469 1598 496 the
1618 469 1770 496 universe.

1538 1371 1617 1398 How
1638 1372 1687 1398 the
1709 1375 1792 1406 parts

1554 1406 1588 1433 of
1605 1406 1654 1433 the
1675 1406 1772 1433 world

1572 1450 1622 1468 are
1643 1441 1713 1476 kept
1734 1441 1762 1467 in

1615 1477 1710 1511 place.
