2017 3353
131 305 204 351 176
709 310 932 342 JOHANle
953 309 1136 342 wYcLir
1154 309 1413 342 SERMONUM
1445 294 1597 353 [SERMO
1619 304 1729 333 xxm.

412 424 551 452 contra
584 416 752 453 insultus
786 415 935 453 diaboli
969 414 1094 452 eciam
1127 428 1251 463 usque
1285 416 1333 451 ad
1373 423 1545 450 mortem
1586 426 1659 461 pro
1690 425 1730 448 se

412 482 449 510 et
501 473 580 510 suis
632 474 911 520 confratribus,
973 485 1062 509 cum
1121 474 1339 509 secundum
1393 472 1571 519 regulam
1625 470 1730 507 beati

411 532 621 579 Augustini
655 534 754 569 ordo
789 531 967 568 caritatis
991 530 1158 579 requirit
1181 532 1288 580 quod
1320 531 1472 579 quilibet
1501 530 1613 565 honio
1640 529 1731 578 plus

412 590 553 640 diligat
575 591 742 626 animam
768 590 1021 638 cuiuscunque
1038 589 1217 638 proximi
1230 601 1341 638 quam
1359 587 1730 637 corpusproprium,

412 656 449 684 et
489 660 564 697 per
607 661 837 697 consequens
881 648 988 683 debet
1026 659 1102 696 pro
1145 647 1269 683 salute
1311 646 1435 682 anime
1479 645 1732 693 cuiuscunque
1771 648 1787 679 5

407 706 587 754 proximi
615 719 757 756 corpus
788 719 898 742 sunm
933 705 1051 741 eciam
1085 716 1200 753 usque
1230 705 1282 740 ad
1315 711 1477 740 mortem
1518 703 1551 739 si
1581 709 1732 752 oportet

411 775 615 813 exponere.
651 763 896 812 Principium
937 762 1098 811 quidem
1131 762 1312 799 naturale
1357 770 1413 798 est
1446 762 1553 809 quod
1601 759 1732 796 minus

411 822 562 858 bonum
597 831 653 858 est
686 830 852 870 propter
885 823 1034 858 bonum
1068 819 1316 868 prestancius
1352 819 1649 856 dimittendum.
1684 819 1732 853 Et

411 879 654 928 principium
691 879 782 916 fidei
815 888 872 916 est
905 880 1012 928 quod
1046 877 1273 927 quicunque
1305 877 1360 914 sic
1394 877 1433 913 in
1466 876 1632 913 caritate
1665 888 1733 924 pa-

123 933 396 995 {Ehssfgl-{Cfif'glffsss
412 937 518 974 ciens
552 947 608 974 est
640 937 984 986 supereminenter
1016 935 1056 972 in
1090 935 1335 972 beatitudine
1369 936 1639 972 honorandus.
1685 935 1733 969 Et
1753 949 1790 970 ιο

164 1003 236 1030 than
259 1002 360 1037 sheep.
412 1004 520 1043 patet
554 997 661 1044 quod
694 996 870 1032 defectus
903 994 1018 1031 huius
1051 993 1227 1042 practice
1266 994 1455 1030 fundatur
1492 992 1532 1028 in
1564 991 1733 1028 infideli-

411 1062 492 1090 tate
536 1055 723 1102 luporum
771 1053 1004 1090 exeuncium
1051 1053 1098 1088 de
1138 1051 1243 1088 ovili.
1285 1053 1333 1087 Et
1372 1051 1426 1087 sic
1460 1053 1565 1087 Deus
1597 1049 1669 1086 scit
1702 1048 1733 1085 si

412 1112 545 1159 plures
590 1111 673 1160 lupi
717 1111 954 1160 gradiuntur
1001 1109 1213 1158 gregaliter
1256 1122 1326 1158 per
1368 1109 1585 1146 amfractus
1625 1106 1733 1144 avios

413 1182 531 1217 quam
559 1169 762 1206 minantur
784 1169 824 1205 in
848 1168 1005 1218 pascuis
1028 1180 1186 1215 semper
1208 1167 1429 1206 virentibus
1452 1179 1543 1203 oves
1567 1164 1733 1209 Christi:

412 1227 486 1264 ista
531 1227 636 1264 enim
680 1237 771 1264 sunt
815 1236 999 1276 tempora
1043 1225 1280 1274 periculosa,
1315 1225 1406 1262 licet
1451 1237 1493 1261 ex
1537 1222 1789 1272 spirituali15

413 1284 578 1322 cecitate
616 1298 697 1322 non
734 1285 940 1322 videamus
980 1283 1202 1333 periculum
1244 1284 1352 1332 quod
1393 1282 1573 1319 Christus
1607 1290 1643 1318 et
1675 1280 1735 1317 sui

411 1343 584 1391 apostoli
616 1344 928 1392 prophetarunt3
962 1341 1160 1391 optimum
1196 1350 1330 1378 autem
1364 1340 1556 1377 iudicium
1588 1340 1638 1376 ad
1662 1340 1734 1375 hec

413 1401 721 1438 discernendum
747 1410 803 1438 est
827 1414 871 1438 ex
894 1401 971 1437 fide
995 1412 1137 1448 capere
1159 1399 1264 1436 viam
1284 1398 1443 1436 Christi.
1468 1400 1516 1434 Et
1540 1405 1733 1447 quantum

412 1472 548 1496 sumus
594 1459 711 1496 hodie
752 1461 800 1496 ab
840 1459 922 1495 eius
961 1457 1102 1495 semita
1142 1457 1327 1505 elongati.
1382 1459 1429 1492 Et
1462 1465 1570 1505 patet
1613 1468 1733 1504 quam

413 1518 521 1554 clara
564 1527 621 1554 est
666 1516 835 1554 causalis
868 1516 1015 1554 Christi
1053 1517 1159 1564 quod
1199 1515 1460 1551 mercenarius
1502 1515 1585 1550 ideo
1606 1513 1793 1564 sugit,2o

413 1576 498 1624 quia
544 1576 807 1612 mercenarius
851 1583 918 1611 est.
965 1574 1005 1611 Si
1050 1573 1155 1610 enim
1211 1572 1486 1621 principaliter
1533 1573 1735 1608 laboraret

413 1642 578 1682 propter
608 1646 719 1682 spem
754 1631 1023 1678 beatitudinis,
1058 1640 1181 1668 staret
1215 1640 1353 1667 contra
1377 1630 1545 1666 insultus
1571 1628 1733 1671 diaboli,

413 1693 481 1728 sed
515 1704 604 1728 cum
638 1691 688 1728 sit
722 1690 928 1740 prescitus,
967 1703 1048 1726 non
1089 1687 1263 1738 pertinet
1295 1690 1344 1725 ad
1379 1701 1468 1725 eum
1503 1689 1550 1724 de
1582 1686 1733 1732 ovibus,

414 1762 503 1786 cum
543 1762 615 1786 nec
654 1749 694 1785 in
732 1750 804 1785 hac
841 1748 922 1785 vita
954 1760 1026 1784 nec
1059 1747 1098 1783 in
1131 1747 1209 1784 alia
1241 1746 1315 1783 sibi
1348 1745 1572 1795 proficient.
1613 1747 1660 1780 Et
1693 1753 1735 1780 ut

413 1807 488 1844 ista
531 1806 735 1844 sentencia
779 1806 941 1843 cuilibet
987 1805 1093 1842 fideli
1138 1805 1187 1841 sit
1232 1804 1447 1853 pertinens,
1487 1812 1618 1852 potest
1657 1801 1790 1838 dici25

413 1865 507 1902 satis
542 1865 737 1902 catholice
771 1866 878 1913 quod
912 1863 1042 1900 omnis
1076 1864 1197 1899 homo
1230 1864 1346 1899 debet
1370 1874 1453 1899 esse
1476 1870 1613 1910 pastor
1645 1873 1732 1909 pre-

414 1923 529 1972 cipue
561 1923 635 1960 sibi
667 1923 755 1971 ipsi.
791 1922 931 1959 Omnis
965 1921 1069 1958 enim
1104 1922 1225 1957 homo
1259 1922 1375 1957 debet
1408 1921 1455 1956 de
1488 1918 1645 1968 pascuis
1677 1917 1735 1954 in-

414 1981 516 2018 natis
549 1994 589 2018 se
622 1981 752 2029 ipsum
777 1992 939 2029 pascere
965 1989 1000 2016 et
1025 1992 1170 2027 corpus
1194 1992 1308 2015 suum
1333 1991 1379 2015 ac
1402 1977 1504 2014 vires
1527 1976 1734 2013 inferiores

414 2039 546 2076 anime
578 2040 797 2076 secundum
832 2039 939 2087 quod
963 2037 1064 2074 vires
1097 2036 1322 2085 superiores
1346 2035 1491 2072 fuerint
1514 2048 1536 2072 a
1560 2034 1733 2071 Domino

415 2098 604 2145 regulate.
640 2097 680 2134 Si
703 2106 836 2133 autem
861 2097 978 2132 debet
1001 2095 1039 2131 in
1065 2094 1316 2131 consciencia
1338 2107 1378 2130 se
1402 2093 1530 2141 ipsum
1556 2105 1731 2141 pascere,
1750 2094 1792 2126 30

416 2156 532 2192 debet
564 2156 665 2192 adeo
699 2167 782 2191 esse
815 2163 964 2202 pastor.
1011 2152 1191 2189 Christus
1229 2161 1360 2188 autem
1402 2151 1468 2199 qui
1509 2151 1637 2187 dictus
1676 2159 1733 2186 est

416 2226 498 2249 esse
526 2220 666 2262 pastor
688 2213 807 2248 bonus
829 2211 1025 2262 cognoscit
1048 2223 1136 2246 oves
1162 2223 1253 2246 suas
1276 2218 1408 2246 eterna
1434 2208 1733 2257 approbacione

415 2278 450 2307 et
481 2284 568 2307 oves
600 2283 666 2307 sue
698 2271 820 2320 ipsum
846 2276 1082 2319 cognoscunt
1104 2276 1297 2316 perpetua
1321 2266 1552 2303 dileccione.
1579 2265 1733 2303 Caritas

416 2328 520 2365 enim
555 2328 594 2364 in
626 2327 907 2376 predestinatis
940 2339 1019 2363 non
1053 2325 1196 2362 excidit
1229 2334 1266 2361 et
1299 2324 1490 2361 iudicium
1531 2337 1611 2372 quo
1645 2323 1733 2371 capi

416 2395 547 2434 potest
580 2385 780 2423 evidenter
813 2386 920 2434 quod
954 2383 1041 2433 quis
1063 2383 1113 2420 sit
1142 2384 1189 2420 de
1213 2382 1359 2419 Christi
1384 2382 1521 2419 ovibus
1546 2391 1602 2419 est
1626 2382 1733 2430 quod
1752 2383 1789 2416 35

487 2517 506 2536 1.
530 2508 597 2536 BC:
619 2512 646 2535 et
667 2516 774 2542 usque.
858 2506 882 2534 3.
905 2507 933 2534 A
954 2506 983 2533 iu
1004 2515 1117 2541 marg:
1140 2505 1344 2540 Augustinus.
1429 2505 1456 2531 o.
1480 2504 1544 2531 BC:
1567 2503 1590 2530 si
1612 2507 1733 2538 oportet

417 2543 510 2571 deest.
568 2552 596 2574 o.
619 2542 659 2570 C:
703 2542 861 2577 ercipuum
884 2540 967 2570 tidei:
990 2541 1029 2568 ib.
1053 2541 1074 2567 Β
1096 2541 1125 2567 iu
1147 2548 1260 2575 marg:
1283 2539 1470 2574 Principium
1494 2538 1560 2565 fidei
1583 2538 1655 2573 quid
1677 2542 1731 2564 est.

418 2587 459 2606 lo.
480 2579 523 2605 A:
546 2551 742 2605 miultituciine
764 2575 974 2613 honorandus.
1050 2584 1082 2603 11.
1101 2575 1229 2612 *Coddq
1245 2574 1325 2610 quod
1348 2574 1448 2607 det-su
1477 2573 1517 2610 ib.
1538 2574 1566 2600 A
1587 2573 1615 2599 iu
1637 2572 1731 2599 deest.

418 2621 455 2640 12.
478 2614 521 2640 A:
543 2612 759 2643 existeueium:
788 2611 827 2638 ib.
849 2611 892 2637 A:
915 2615 1002 2637 sicut.
1079 2615 1119 2637 ιο.
1142 2609 1181 2637 C:
1203 2609 1390 2636 videramus.
1465 2612 1506 2638 10.
1525 2616 1563 2643 17-
1588 2606 1652 2634 BC:
1675 2615 1733 2642 que

417 2648 559 2675 Christus
580 2652 608 2673 et
629 2655 702 2673 suus
722 2646 892 2681 apostolus.
969 2653 1006 2679 17,
1025 2645 1063 2671 ιδ.
1086 2646 1130 2671 A:
1152 2644 1305 2679 optimum
1325 2659 1358 2662 -
1379 2642 1436 2670 fide
1457 2642 1551 2669 deest.
1626 2642 1664 2668 18.
1687 2642 1731 2668 A:

418 2687 538 2717 oportet
559 2689 676 2716 capere.
763 2689 771 2707 1
799 2702 804 2707 .
826 2681 870 2707 A:
892 2679 928 2706 ab
949 2679 1014 2706 eius
1035 2680 1072 2706 ab
1093 2679 1167 2706 eius.
1256 2686 1302 2705 20.
1323 2679 1367 2705 A:
1390 2678 1479 2707 calis:
1501 2677 1541 2704 ib.
1564 2676 1603 2703 C:
1625 2676 1729 2711 fugiat.

417 2725 455 2743 21.
474 2717 511 2744 B:
534 2715 743 2752 principaliter
785 2720 862 2745 eestz
884 2714 924 2741 ib.
943 2714 982 2741 C:
1005 2714 1131 2740 laboret.
1204 2721 1247 2740 22.
1264 2714 1307 2740 A:
1330 2716 1454 2739 starent.
1527 2719 1574 2745 24.
1591 2710 1655 2738 BC:
1678 2718 1732 2737 nec

418 2751 485 2778 alia.
560 2751 606 2778 26.
630 2750 694 2777 BC:
717 2749 818 2776 omnis
840 2749 934 2776 deest.
1009 2756 1052 2783 27.
1076 2749 1097 2775 13
1119 2748 1148 2775 iu
1171 2756 1286 2783 marg:
1309 2746 1420 2774 Omnis
1442 2746 1534 2772 homo
1556 2746 1644 2772 debet
1665 2752 1731 2771 esse

419 2791 523 2824 pastor
544 2785 687 2824 precipue
709 2783 859 2822 sibi-ipsi.
946 2782 991 2810 30.
1013 2784 1056 2810 A:
1079 2783 1111 2811 Si
1132 2783 1231 2815 euim;
1259 2782 1299 2808 ib.
1321 2782 1364 2808 A:
1386 2790 1417 2807 se
1439 2780 1532 2807 deest.
1618 2778 1664 2813 34.
1686 2780 1729 2806 A:

418 2829 498 2847 enlm
520 2820 614 2881 deest.
670 2818 713 2847 35.
737 2819 758 2845 Β
779 2827 808 2845 111
830 2826 944 2852 marg.:
968 2818 1065 2845 Ovem
1087 2817 1203 2844 Christi
1224 2815 1382 2850 quomodo
1403 2823 1571 2850 possumus
1592 2813 1727 2840 iudicare

418 2864 484 2882 esse
505 2864 520 2881 :i
535 2863 649 2890 iquem.

489 2927 517 2959 3.
547 2925 732 2968 Augustini
760 2925 849 2968 Opp.
880 2926 1002 2956 Sermo
1031 2924 1257 2965 CCCXXXII,
1283 2930 1366 2954 tom.
1388 2921 1429 2962 V,
1461 2931 1555 2964 ¹²92·
