2017 3353
137 1009 235 1036 which
267 1009 290 1035 is
319 1007 408 1034 muel]

178 1052 276 1070 xxorse
297 1043 367 1069 thau

198 1078 350 1113 corporat.

728 309 951 342 JOHANNIS
970 307 1154 340 WYCLIF
1182 306 1438 339 SERMONUM
1467 291 1621 349 [sERMo
1638 302 1732 329 XVII-

421 417 542 454 invidi
576 417 615 453 in
648 416 784 453 animo
817 415 1004 459 odiendo,
1040 412 1221 449 iracundi
1255 412 1390 460 lingua
1418 413 1479 448 vel
1504 424 1624 448 manu
1647 424 1734 459 per-

422 475 628 520 cuciendo,
663 473 791 511 accidi
824 472 1030 520 spirituale
1054 470 1285 518 suffragium
1317 471 1603 515 subtrahendo,
1629 469 1736 505 avari

421 547 444 570 a
475 533 723 569 nutrimento
757 530 937 579 corporis
971 528 1240 566 communiter
1279 528 1567 570 defraudando,
1609 526 1736 575 gulosi

421 590 759 627 sustentacionem
792 588 925 625 fratris
958 586 1209 634 culpabiliter
1242 587 1529 627 consumendo,
1564 594 1600 621 et
1629 585 1737 620 luxu-

422 649 529 695 riosi,
565 661 654 685 cum
688 648 909 684 secundum
942 645 1198 681 Aristotelem
1240 643 1363 680 bestie
1395 652 1577 692 tempore
1611 642 1771 679 coitus5

422 715 513 743 sunt
545 707 696 743 feroces
719 705 818 742 alios
847 703 1082 740 occidendo.
1117 703 1165 738 Et
1201 703 1258 749 (ut
1281 701 1452 738 breviter
1476 701 1622 747 dicam)
1647 713 1737 737 cum

423 774 552 801 totum
586 776 709 812 genus
740 762 942 799 viancium
976 761 1024 797 sit
1057 773 1136 796 una
1168 772 1351 808 persona,
1387 760 1497 796 cuius
1529 758 1739 796 cuiuslibet

423 822 597 859 hominis
630 822 747 869 culpa
780 821 977 856 redundat
1011 819 1314 867 quodammodo
1348 818 1387 853 in
1424 826 1553 854 totum
1594 829 1739 864 corpus

425 890 461 917 et
494 880 619 916 inficit
653 888 807 927 partem
842 877 1030 919 occisam,
1064 884 1173 924 patet
1207 877 1314 923 quod
1346 876 1476 912 nullus
1501 875 1739 911 criminosus

426 947 555 987 potest
588 951 609 974 a
642 945 808 985 peccato
832 934 1039 972 homicidii
1073 933 1263 979 excusari,
1300 942 1336 969 et
1365 933 1590 981 specialiter
1613 933 1740 969 clerus
1761 944 1798 966 10

426 1005 482 1033 est
511 996 550 1031 in
574 995 649 1031 isto
683 994 850 1031 crimine
883 992 1008 1041 magis
1042 1005 1144 1038 reus,
1180 1004 1269 1027 cum
1303 991 1450 1028 occidit
1479 990 1741 1039 spiritualiter

425 1053 499 1090 sibi
532 1053 732 1098 subditos;
767 1052 875 1101 quod
909 1060 966 1087 est
999 1049 1201 1086 infinitum
1235 1049 1408 1085 deterius
1438 1062 1557 1098 quam
1592 1048 1740 1085 occisio

427 1111 660 1159 corporalis.
710 1112 796 1147 Stat
829 1109 934 1146 enim
969 1107 1232 1156 corporaliter
1265 1107 1456 1153 occisum,
1488 1116 1529 1143 ut
1552 1115 1661 1155 patet
1695 1107 1742 1142 de

427 1169 669 1217 martyribus
720 1167 934 1205 statissime
985 1167 1186 1211 advolare,
1234 1166 1301 1201 sed
1340 1165 1494 1201 occisus
1532 1165 1572 1201 in
1607 1164 1742 1201 anima

428 1236 557 1263 morte
601 1228 777 1263 secunda
821 1223 1171 1262 irremediabiliter
1216 1232 1273 1259 est
1317 1232 1493 1259 necatus.
1540 1223 1655 1259 Unde
1703 1221 1799 1257 in15

429 1284 629 1333 corporali
662 1284 864 1331 occisione
896 1291 1027 1331 potest
1058 1283 1179 1318 homo
1204 1293 1286 1317 esse
1320 1280 1500 1317 minister
1524 1289 1559 1317 et
1583 1280 1744 1317 adiutor

429 1343 605 1389 Domini,
639 1344 707 1379 sed
740 1342 780 1378 in
820 1340 1018 1390 spirituali
1057 1339 1258 1376 occisione
1297 1351 1455 1375 necesse
1494 1347 1551 1374 est
1588 1347 1631 1374 ut
1676 1338 1744 1374 fiat

429 1414 593 1438 consors
627 1400 800 1449 dyaboli.
834 1402 882 1436 Et
914 1407 1023 1447 patet
1052 1410 1173 1446 quam
1206 1397 1440 1445 increpandi
1474 1404 1564 1433 sunt
1597 1395 1742 1440 clerici,

428 1468 614 1495 notantes
648 1458 852 1495 cronicam
887 1455 1153 1502 Constantini,
1189 1455 1357 1491 dicentis
1390 1455 1497 1503 quod
1531 1467 1603 1490 non
1632 1466 1743 1490 accu-

428 1524 533 1553 saret
565 1517 787 1552 sacerdotes
808 1515 1055 1565 fornicarios
1087 1514 1155 1550 sed
1181 1513 1317 1562 pocius
1343 1513 1466 1562 pallio
1498 1525 1566 1548 suo
1595 1519 1745 1562 tegeret
1762 1521 1802 1543 20

428 1575 666 1611 sacerdotem
707 1574 911 1610 actualiter
938 1572 1217 1622 fornicantem.
1263 1573 1413 1606 Notant
1453 1570 1556 1606 enim
1592 1569 1743 1606 dictum

429 1632 654 1680 apocrifum
687 1632 748 1668 vel
781 1631 923 1668 falsum
962 1631 1022 1666 vel
1061 1629 1250 1666 stolidum
1295 1637 1413 1676 atque
1446 1637 1561 1676 turpe
1595 1636 1631 1664 et
1663 1640 1744 1663 non

429 1699 571 1727 notant
604 1690 810 1738 quomodo
844 1688 1010 1725 Phinees
1044 1699 1086 1723 ex
1120 1687 1195 1723 fide
1229 1686 1424 1734 scripture
1456 1685 1674 1722 Israelitam
1709 1693 1745 1721 et

430 1748 650 1784 Moabitam
691 1755 878 1784 coeuntes
911 1745 1073 1782 insimul
1106 1744 1322 1792 perforavit
1356 1745 1413 1791 (ut
1446 1752 1554 1791 patet
1588 1743 1746 1779 Psalmo

431 1807 518 1842 CV0
565 1806 614 1841 30
658 1814 694 1841 et
738 1804 902 1841 Numeri
944 1803 1120 1849 XXV10);
1173 1811 1209 1838 et
1254 1803 1329 1838 hoc
1371 1803 1588 1838 secundum
1627 1800 1744 1836 fidem
1764 1801 1802 1832 25

432 1872 660 1912 reputatum
695 1871 751 1899 est
776 1862 809 1898 ei
833 1863 883 1898 ad
906 1861 1119 1906 iusticiam,
1160 1861 1227 1896 sed
1252 1859 1468 1896 stulticiam
1494 1857 1746 1895 Constantini

431 1934 512 1957 non
546 1921 713 1969 legimus
746 1933 818 1956 nec
851 1921 1018 1956 suadere
1052 1918 1199 1954 scimus
1231 1918 1362 1954 valere
1389 1917 1462 1953 sibi
1486 1918 1534 1953 ad
1560 1916 1745 1952 meritum

433 1980 501 2015 sed
534 1980 583 2015 ad
617 1977 954 2026 dampnacionem
988 1985 1223 2025 perpetuam
1248 1975 1529 2023 prescitorum.
1564 1976 1620 2010 De
1644 1973 1747 2010 occi-

433 2036 544 2073 sione
577 2049 670 2073 vero
702 2036 949 2072 lubricorum
984 2043 1020 2071 et
1053 2033 1291 2070 sodomitice
1324 2032 1583 2081 peccancium
1618 2040 1674 2068 est
1708 2031 1746 2067 in

433 2096 508 2131 hoc
552 2095 642 2131 loco
682 2093 980 2130 racionabiliter
1018 2092 1300 2135 omittendum,
1341 2103 1464 2126 unum
1504 2098 1639 2126 tamen
1677 2102 1747 2125 no-
1765 2088 1805 2119 30

432 2153 599 2188 tandum
645 2153 753 2200 quod
792 2150 994 2187 remissius
1035 2149 1107 2186 erit
1154 2158 1256 2185 terre
1296 2149 1565 2184 Sodomorum
1606 2147 1645 2183 in
1685 2146 1747 2183 die

433 2209 569 2246 iudicii
615 2222 734 2257 quam
774 2208 843 2245 tali
882 2207 1142 2256 spiritualiter
1183 2205 1395 2242 occidenti.
1442 2206 1489 2241 Et
1523 2204 1748 2252 specialiter

434 2267 489 2303 illi
524 2266 590 2315 qui
625 2266 814 2314 extinguit
846 2267 1010 2302 verbum
1035 2264 1197 2301 Domini
1227 2272 1263 2300 et
1287 2263 1433 2300 occidit
1457 2263 1495 2299 in
1520 2262 1748 2310 concipien-

434 2325 539 2361 tibus
569 2324 786 2360 Dominum
819 2326 951 2360 Jesum
977 2322 1192 2359 Christum.
1228 2321 1303 2370 Ipsi
1337 2321 1441 2357 enim
1475 2329 1566 2357 sunt
1598 2322 1743 2356 nedum

506 2455 525 2474 1.
547 2447 590 2473 A:
614 2445 716 2480 lingua
736 2461 768 2464 —
791 2445 992 2480 percuciendo
1014 2445 1107 2472 deest.
1165 2444 1192 2471 13.
1209 2445 1235 2471 A
1257 2443 1285 2470 iu
1309 2452 1421 2475 martis
1443 2443 1522 2470 Nota
1544 2443 1624 2477 quod
1647 2448 1743 2469 totum

435 2490 530 2516 genus
552 2480 704 2507 viancium
732 2485 775 2506 est
797 2488 855 2506 uua
876 2488 1016 2514 persona.
1186 2487 1219 2505 11.
1242 2480 1285 2505 A:
1306 2484 1351 2505 est
1371 2472 1471 2506 deest:
1510 2478 1548 2504 ib.
1571 2478 1614 2504 A:
1636 2477 1744 2504 occidi.

437 2525 478 2549 14-
497 2515 560 2542 BC:
583 2514 780 2541 stantis-sime.
846 2516 885 2541 ιθ.
907 2515 933 2541 Α
955 2514 983 2540 iu
1007 2522 1119 2547 maru:
1142 2513 1221 2540 Nota
1242 2522 1371 2540 summe.
1435 2521 1473 2539 21.
1496 2513 1521 2539 Α
1543 2511 1745 2540 fornicantes:

436 2551 476 2577 ib.
498 2551 541 2577 A:
571 2549 743 2578 Noveram:
784 2549 804 2575 1³,
832 2548 859 2575 iu
889 2557 1001 2583 marg:
1033 2548 1254 2575 Ctnistautinus
1277 2547 1383 2582 pocius
1406 2547 1497 2581 pallio
1519 2551 1631 2581 tegeret
1650 2555 1747 2573 sacer-

438 2585 539 2612 dotem
562 2583 764 2611 fornicantem
787 2591 877 2618 quam
900 2588 1066 2609 accusaret.
1184 2582 1226 2609 23.
1248 2583 1292 2609 A:
1315 2586 1477 2610 noverant:
1506 2581 1545 2607 ib.
1567 2581 1611 2608 A:
1633 2580 1746 2608 Finit-s.

437 2628 484 2653 24,
499 2619 542 2646 25.
563 2619 606 2645 A:
630 2618 767 2647 Psalmo:
789 2617 926 2652 sequitur
947 2618 1069 2646 lacuna:
1087 2617 1152 2644 BC:
1175 2622 1201 2644 et
1215 2616 1343 2643 Numeri
1360 2616 1443 2643 XXV
1459 2616 1559 2644 deest:
1580 2616 1623 2642 A:
1645 2615 1746 2644 XXV:

437 2653 576 2688 sequitur
596 2653 714 2679 lacuna.
822 2660 866 2686 27.
889 2651 954 2678 BC:
977 2660 1036 2678 uon
1059 2652 1188 2686 legimus
1211 2652 1304 2679 deest.
1406 2651 1452 2677 28.
1473 2650 1511 2677 B:
1533 2649 1746 2685 prescitarum.

437 2687 476 2715 31.
497 2689 540 2715 A:
563 2687 716 2720 notand0;
738 2686 790 2713 AB
818 2686 846 2713 iu
870 2695 983 2721 marga
1006 2686 1095 2713 Nota.

509 2792 564 2813 20.
611 2781 711 2812 Hunc
749 2781 866 2812 locum
909 2780 941 2811 in
983 2781 1129 2811 Decreto
1168 2780 1216 2811 sic
1255 2779 1426 2812 invenies:
1483 2779 1514 2811 Si
1556 2777 1746 2809 invenirem

439 2828 605 2859 clericum
632 2827 687 2858 vel
714 2826 915 2869 religiosum
936 2837 1013 2857 cum
1038 2825 1183 2857 muliere
1210 2826 1355 2868 turpiter
1373 2833 1545 2867 agentem,
1573 2825 1685 2866 ipsum
1706 2834 1748 2854 ne

439 2873 480 2903 ab
524 2873 598 2910 aliis
640 2873 826 2912 videretur,
869 2881 946 2904 mea
988 2872 1135 2903 clamide
1178 2870 1408 2914 cooperirem.
1452 2870 1502 2903 Cf.
1542 2878 1574 2902 et
1613 2870 1745 2901 Martini

440 2919 674 2962 Oppaviensis
709 2918 908 2950 Chronicon
946 2919 1038 2950 M.M.
1072 2917 1277 2950 Germaniae
1311 2917 1389 2949 hist.
1422 2917 1481 2948 SS.
1513 2916 1634 2955 xxw,
1668 2916 1745 2956 451.
