2017 3353
244 307 323 341 404
826 301 1049 334 JOHANNJS
1067 300 1252 334 wvcmr
1273 300 1528 333 SERMONUM
1603 286 1755 344 [SERMO
1776 297 1839 325 Lx.

530 409 626 457 quin
670 408 850 446 Christus
891 421 934 445 ex
977 421 1135 444 summa
1174 408 1340 444 caritate
1384 406 1439 443 sic
1484 406 1633 452 fecerit,
1679 419 1723 443 ex
1766 408 1842 443 hoc

529 468 637 515 quod
670 466 782 503 scivit
806 475 933 502 sectas
962 465 1057 502 istas
1091 465 1325 502 divisionem
1360 465 1399 501 in
1432 477 1503 501 sua
1536 464 1703 501 ecclesia
1735 477 1843 501 com-

530 525 720 561 missuras
759 533 796 560 et
835 526 940 572 quod
985 524 1218 560 continuata
1257 536 1395 559 eorum
1442 522 1601 559 malicia
1644 531 1726 558 tam
1766 522 1842 558 illis

529 596 650 631 quam
696 581 861 619 ecclesie
906 583 1063 618 cederet
1103 583 1151 618 ad
1191 593 1418 629 gravamen.
1466 583 1697 617 Pervertunt
1737 579 1840 616 enim

530 653 688 677 sensum
713 640 909 688 scripture
924 639 1004 675 suis
1026 639 1368 684 simulacionibus,
1393 638 1617 686 impediunt
1640 637 1841 685 simplices
1861 640 1875 671 5

273 704 480 744 Tliei1·1yiqn>‘
530 698 677 735 Christi
712 711 734 734 a
765 696 1047 745 predicacione
1087 697 1276 745 evangelii
1311 697 1391 733 suis
1431 696 1532 733 fictis
1572 695 1841 732 machinacio-

292 741 459 767 mfflcmets
528 757 644 792 nibus
677 765 713 792 et
742 756 905 791 trahunt
939 756 987 791 ad
1011 768 1050 790 se
1072 763 1198 791 totam
1233 754 1610 802 interpretacionem
1647 753 1842 801 scripture

529 814 608 850 suis
641 812 819 849 subdolis
853 812 1198 853 cavillacionibus:
1240 814 1344 849 unde
1378 813 1606 849 sacerdotes
1645 811 1745 848 alios
1784 811 1843 847 in-

528 874 677 908 ducunt
709 871 749 907 in
781 870 1058 918 ignoranciam
1098 871 1194 918 legis
1228 870 1298 906 Dei
1331 883 1435 906 nunc
1473 870 1595 906 libros
1629 878 1665 905 et
1697 869 1842 905 instru-

529 939 661 966 menta
694 929 772 965 alia
804 929 1089 973 subtrahendo,
1122 941 1228 965 nunc
1261 930 1311 964 ad
1343 927 1574 976 pauperiem
1610 936 1840 963 curatorum
1863 939 1901 959 10

527 997 563 1024 et
596 987 767 1024 aliorum
801 988 1055 1023 sacerdotum
1089 986 1348 1023 effectualiter
1380 994 1595 1033 proventus
1628 994 1665 1021 et
1697 984 1841 1021 salaria

527 1046 809 1082 confundendo
855 1053 891 1081 et
937 1057 1042 1080 nunc
1091 1056 1229 1080 eorum
1265 1043 1578 1092 simplicitatem,
1625 1042 1838 1080 ruditatem

527 1113 563 1140 et
597 1103 898 1151 perversitatem
944 1102 1144 1139 scandalis
1191 1111 1310 1150 atque
1356 1100 1574 1138 mendaciis
1613 1101 1651 1137 in
1689 1101 1840 1149 populo

526 1161 748 1198 decidendo
790 1170 827 1197 et
871 1169 1006 1196 tamen
1051 1162 1173 1208 (quod
1218 1161 1435 1196 dolendum
1471 1168 1527 1195 est
1567 1158 1751 1203 maxime)
1791 1160 1840 1194 ab

526 1219 692 1255 ecclesia
725 1218 928 1267 primitiva
961 1227 1003 1254 ut
1037 1218 1075 1254 in
1121 1219 1227 1254 febre
1275 1217 1404 1254 ethica
1450 1226 1506 1253 est
1552 1229 1621 1253 sua
1667 1215 1896 1253 inanicio15

525 1277 784 1325 impercepta.

595 1410 624 1434 4.
646 1401 672 1426 A
694 1400 723 1425 iu
746 1407 858 1433 marga
883 1408 902 1430 ι,
924 1407 949 1428 2,
971 1397 995 1426 3.
1093 1407 1121 1433 o.
1144 1399 1171 1425 A
1193 1398 1220 1424 in
1244 1406 1356 1433 marg:
1379 1406 1405 1425 a.
1429 1398 1456 1426 b.
1478 1405 1502 1424 c.
1603 1405 1640 1424 12.
1663 1398 1706 1423 A:
1730 1404 1840 1423 consu-

526 1435 653 1465 mendo:
676 1434 714 1460 ib.
733 1434 769 1460 B:
794 1434 966 1468 lixpliciuul
987 1433 1141 1469 evangelia
1163 1433 1199 1459 de
1220 1437 1357 1466 lempore
1378 1432 1417 1460 M.
1439 1433 1483 1458 jo.
1507 1432 1621 1458 utinam
1644 1432 1673 1458 in
1695 1432 1839 1458 omnibu>-

526 1469 686 1498 katholica,
714 1469 796 1503 quod
824 1477 884 1495 nou
911 1468 1018 1497 credo:
1041 1468 1079 1494 C:
1104 1467 1275 1501 Explicitum
1296 1468 1450 1502 evangeli-„1
1472 1468 1507 1493 de
1528 1471 1587 1493 tem
1614 1475 1665 1493 ore
1686 1466 1730 1493 Jo.
1748 1465 1839 1500 wy:

525 1505 564 1531 ib.
589 1505 616 1531 A
641 1503 670 1530 iu
695 1511 807 1529 marm:
838 1503 999 1538 Stequitnw
1030 1502 1102 1537 drixil
1135 1502 1252 1529 Martha
1283 1502 1318 1528 ad
1343 1502 1445 1528 jesum
1542 1502 1579 1527 Se
1633 1501 1775 1527 scribilur
1798 1500 1838 1527 lx*

527 1543 620 1573 parte,
643 1546 732 1564 serm.
755 1523 790 1564 ffi’⁴
812 1537 940 1572 Explicil
1038 1536 1144 1563 Cetera
1164 1537 1271 1563 abrasa
1293 1541 1371 1562 sunt.
