2017 3353
180 271 225 308 ¹6
767 277 990 311 JOHANNIS
1011 277 1194 309 WYCLIF
1221 276 1477 309 SERMONUM
1548 262 1700 320 [SERMO
1722 273 1772 300 111.

460 383 574 420 factis
619 383 773 421 domini
796 383 1036 421 confirmati.
1082 384 1185 419 Nam
1229 383 1296 431 qui
1338 383 1511 430 perfecte
1544 384 1673 418 Deum
1712 381 1772 418 di-

460 441 560 490 ligit,
601 454 693 479 cum
716 442 806 490 plus
830 442 983 490 appetit
1004 440 1203 479 honorem
1237 453 1354 477 suum
1388 453 1510 488 quam
1544 439 1770 488 proprium,

462 500 613 536 mavult
652 502 760 548 quod
803 512 951 536 nomen
989 499 1061 535 Dei
1094 499 1133 536 in
1178 498 1414 535 necessariis
1459 499 1509 535 ad
1547 498 1667 534 fidem
1708 509 1773 533 ca-

461 558 653 595 tholicam
697 559 917 606 detegatur,
962 569 1084 605 quam
1128 557 1237 604 quod
1281 569 1352 592 sua
1395 555 1634 593 excellencia
1679 567 1772 603 pro—

461 616 670 653 clametur.
722 618 772 653 Et
805 615 861 652 sic
896 615 1077 663 Baptista
1108 614 1335 650 vinculatus
1380 615 1429 650 ab
1467 614 1639 658 Herode,
1689 618 1806 650 cre-5

463 674 560 710 dens
593 686 635 710 se
667 673 911 710 moriturum
945 672 985 709 in
1017 672 1259 720 proximum,
1301 671 1428 707 voluit
1473 679 1564 707 ante
1597 666 1771 707 mortem

462 744 577 768 suam
625 731 746 768 fidem
794 729 1091 768 incarnacionis
1137 730 1265 775 (cuius
1307 728 1537 776 specialiter
1573 727 1659 775 ipse
1699 727 1773 763 fuit

173 784 435 856 ssssguvgffiffishheed
463 801 585 837 preco
620 798 658 826 et
689 786 821 841 testis)
867 801 1011 837 parum
1058 787 1232 835 amplius
1271 786 1477 823 ostentari.
1532 787 1648 822 Unde
1692 797 1773 821 non

174 853 447 884 toshewhissaith.
466 847 599 895 querit
630 847 664 884 si
698 845 875 884 Christus
906 847 954 883 sit
988 846 1052 882 ille
1083 846 1248 882 Messias
1281 852 1464 881 venturus
1502 855 1575 891 pro
1615 843 1771 880 redem-

465 905 580 942 cione
624 905 780 954 generis
819 903 986 941 humani
1025 911 1091 940 aut
1124 910 1274 952 oportet
1306 915 1369 939 eos
1408 902 1527 938 alium
1565 908 1830 951 expectarem

465 972 630 1011 propter
673 964 750 1000 hoc
795 964 906 1010 quod
952 962 1037 1010 ipse
1081 961 1333 998 dubitaverat
1372 960 1413 996 in
1445 961 1519 996 hac
1565 959 1656 1006 fide,
1703 959 1771 995 sed

467 1022 561 1069 quia
604 1021 732 1058 voluit
777 1020 997 1068 discipulos
1043 1032 1136 1056 suos
1179 1019 1217 1055 in
1262 1027 1376 1066 parte
1417 1017 1646 1054 incredulos
1679 1029 1771 1053 cum

466 1079 555 1116 aliis
576 1079 629 1116 eis
648 1078 849 1115 similibus
866 1077 1098 1114 confirmari
1117 1077 1157 1113 in
1172 1076 1249 1113 fide
1265 1089 1308 1113 ex
1323 1076 1531 1113 solucione
1549 1075 1771 1123 questionis

467 1146 505 1174 et
535 1137 592 1173 sic
625 1137 792 1173 omnino
825 1136 945 1172 fidem
970 1134 1118 1172 Christi
1153 1144 1190 1171 et
1221 1136 1419 1171 honorem
1443 1133 1516 1170 Dei
1540 1133 1580 1170 in
1603 1132 1772 1170 ecclesia

466 1195 658 1232 relucere.
693 1195 746 1231 Et
768 1195 1005 1244 respondens
1026 1194 1137 1229 Jesus
1160 1205 1232 1241 pro
1265 1194 1341 1229 hoc
1374 1191 1452 1228 fine
1475 1191 1772 1228 consonancius
1794 1198 1829 1231 15
1868 1222 1872 1224 .

465 1255 517 1289 ait
540 1254 636 1290 illis:
666 1253 813 1289 Euntes
836 1252 1059 1288 renunciate
1079 1251 1248 1288 Johanni
1278 1262 1348 1300 que
1370 1250 1531 1287 audistis
1553 1257 1589 1286 et
1611 1249 1772 1293 vidistis,

466 1320 509 1347 ut
532 1324 576 1348 ex
608 1311 810 1348 relacione
833 1310 952 1346 huius
978 1308 1150 1357 duplicis
1174 1307 1395 1346 testimonii
1419 1316 1456 1344 et
1477 1307 1772 1344 informacione

465 1371 661 1417 prophete
685 1368 839 1405 domini
863 1369 1070 1405 credentes
1095 1366 1333 1415 concipiatis
1356 1365 1528 1402 fideliter
1548 1365 1771 1402 veritatem.

465 1430 514 1464 Et
546 1436 762 1464 narrantur
794 1435 947 1474 septem
981 1425 1177 1462 miracula
1209 1437 1286 1473 que
1325 1424 1538 1461 includunt
1576 1422 1772 1460 universi-

466 1494 590 1522 tatem
624 1485 914 1522 miraculorum
958 1497 1029 1532 per
1067 1496 1144 1532 que
1176 1483 1323 1520 dantur
1356 1482 1410 1519 eis
1451 1491 1571 1530 atque
1604 1480 1771 1518 ecclesie
1791 1500 1831 1521 20

467 1543 669 1580 evidencie
710 1544 785 1579 hoc
826 1542 1015 1579 credendi
1048 1550 1085 1578 et
1124 1542 1173 1578 ad
1218 1541 1371 1589 frugem
1405 1540 1584 1576 melioris
1616 1539 1694 1576 vite
1727 1551 1771 1575 ex

465 1601 557 1638 visis
590 1601 797 1638 miraculis
831 1613 871 1637 se
904 1600 1086 1648 parandi.
1122 1599 1233 1636 Licet
1265 1598 1371 1635 enim
1394 1598 1577 1635 videatur
1608 1597 1771 1633 beatum

467 1659 704 1707 Gregorium
731 1658 878 1695 sentire
902 1659 1010 1706 quod
1033 1659 1235 1694 Johannes
1259 1656 1457 1693 dubitavit
1490 1655 1523 1692 si
1547 1665 1773 1691 moreretur

465 1727 556 1754 ante
575 1717 780 1754 Christum
800 1725 838 1753 et
855 1715 909 1752 ita
932 1716 1211 1764 preconizaret
1234 1715 1318 1751 eius
1341 1715 1562 1751 adventum
1586 1713 1769 1761 patribus

466 1775 506 1812 in
539 1775 678 1821 limbo,
718 1775 820 1811 sicut
852 1773 1124 1822 preconizavit
1161 1773 1374 1818 viantibus,
1412 1785 1503 1809 cum
1537 1772 1614 1808 ista
1647 1770 1771 1818 parti-
1790 1780 1827 1812 25

467 1834 557 1870 cula
589 1847 637 1870 an
660 1834 778 1870 alium
802 1840 1050 1881 expectamus
1082 1831 1240 1868 videtur
1273 1830 1535 1878 impertinens
1569 1829 1661 1865 huic
1684 1841 1771 1865 sen-

467 1891 610 1938 tencie,
650 1899 787 1939 posset
819 1899 954 1927 tamen
978 1902 1062 1926 esse
1085 1891 1193 1937 quod
1217 1888 1398 1936 Baptista
1421 1889 1461 1924 in
1483 1887 1561 1924 isto
1586 1886 1772 1923 dubitans

467 1949 593 1986 voluit
626 1961 717 1985 cum
763 1948 842 1985 alio
876 1948 953 1985 fine
998 1948 1179 1995 predicto
1212 1946 1512 1983 incidentaliter
1548 1943 1771 1982 informari.

468 2007 648 2044 Primum
697 2006 939 2043 miraculum
989 2014 1046 2042 est
1093 2004 1333 2041 informacio
1381 2003 1628 2053 intellectus,
1676 2003 1771 2038 dum

469 2065 617 2102 dicitur
661 2066 881 2101 secundum
929 2072 1078 2100 rectam
1126 2063 1299 2110 logicam
1334 2062 1444 2108 quod
1489 2061 1545 2096 illi
1580 2060 1648 2108 qui
1682 2068 1774 2096 sunt
1793 2071 1833 2102 30

469 2123 580 2171 prius
625 2123 704 2159 ceci
747 2130 852 2158 recte
885 2122 1013 2158 vident
1058 2120 1266 2156 veritatem
1302 2119 1566 2163 credendam
1611 2126 1648 2154 et
1681 2116 1774 2165 quia

469 2189 560 2228 post
613 2179 927 2216 instruccionem
973 2178 1199 2214 intellectus
1247 2176 1475 2214 ostenditur
1522 2175 1687 2212 affectus
1736 2175 1775 2210 in

469 2251 601 2287 opere,
661 2238 751 2275 ideo
806 2237 1011 2285 signanter
1062 2235 1209 2272 dicitur
1259 2235 1436 2271 secundo
1488 2234 1595 2281 quod
1649 2233 1778 2269 claudi

536 2335 566 2360 4.
588 2325 655 2354 BC:
677 2326 761 2361 quod
783 2325 879 2352 deest.
1024 2331 1052 2359 9.
1074 2323 1114 2350 B:
1136 2323 1203 2358 ipse
1224 2322 1364 2350 Messias.
1508 2329 1542 2349 ιι.
1565 2323 1606 2347 A:
1629 2321 1687 2347 fide
1707 2320 1773 2347 hac.

470 2360 507 2389 13.
529 2361 570 2389 B:
592 2361 788 2388 confirmare.
898 2367 938 2393 ¹4·
960 2359 1004 2386 A:
1031 2359 1061 2385 in
1083 2359 1126 2385 eis
1146 2359 1292 2385 relucere.
1401 2365 1440 2392 ¹7-
1463 2355 1503 2384 C:
1532 2364 1569 2383 ex
1594 2355 1774 2382 collacione.

467 2398 495 2424 A
515 2397 545 2423 in
572 2404 670 2430 marg.
692 2403 761 2428 sup.
782 2395 835 2422 fol.
858 2395 947 2428 143³:
980 2393 1051 2420 Ceci
1068 2392 1168 2420 vident
1187 2392 1311 2420 Matiliei
1338 2391 1394 2419 XI.
1439 2390 1511 2418 Ceci
1538 2391 1642 2417 vident
1670 2389 1781 2416 mundi

470 2431 624 2458 maliciam
647 2430 699 2458 diu
721 2429 893 2457 durabilem
915 2437 970 2455 nec
990 2428 1051 2455 iam
1072 2429 1219 2454 deserunt
1241 2427 1389 2462 propria.
1414 2447 1418 2451 .
1443 2447 1448 2452 .
1467 2426 1659 2465 'spurciciam
1681 2425 1777 2451 ablio-

469 2466 648 2493 minabilem
671 2473 725 2492 nec
747 2472 814 2491 eam
836 2463 1008 2496 corrigunt.
1031 2467 1199 2490 demonum
1221 2468 1370 2489 astuciam
1391 2461 1615 2492 inevitabilem,
1637 2467 1690 2486 nec
1710 2467 1777 2486 eam

468 2501 601 2534 fugiunt,
629 2500 766 2527 divinam
793 2499 949 2526 iusticiam
977 2496 1174 2524 inflexibilem
1197 2498 1243 2523 vel
1270 2496 1523 2531 insuperabilem,
1553 2502 1606 2521 nec
1626 2501 1693 2521 eam
1715 2501 1778 2520 rne-

468 2540 567 2563 tuunt.
598 2534 671 2562 Ceci
692 2534 808 2566 vident,
829 2535 902 2560 dum
931 2537 1033 2559 errant
1055 2554 1060 2559 .
1084 2553 1090 2558 .
1113 2552 1118 2558 .
1142 2534 1244 2559 lumen
1266 2531 1400 2558 veritatis
1419 2530 1561 2565 aspiciun
1578 2549 1584 2555 .
1606 2549 1612 2555 .
1635 2549 1641 2555 .
1676 2528 1778 2556 claudi

470 2571 630 2597 ambulant
651 2570 746 2596 dum.
770 2589 776 2595 .
804 2589 809 2594 .
831 2572 992 2602 torpentes
1013 2567 1043 2594 in
1064 2568 1224 2602 operando
1244 2587 1250 2593 .
1271 2586 1277 2592 .
1301 2587 1306 2592 .
1329 2566 1434 2593 minus
1456 2564 1642 2597 probiciunt‚
1663 2562 1778 2598 leprosi

471 2607 675 2639 mundantur,
696 2604 770 2630 dum
792 2602 946 2638 penitense
966 2622 973 2628 .
996 2622 1002 2628 .
1028 2622 1034 2628 .
1055 2607 1206 2628 vetustam
1234 2602 1344 2635 pellem
1365 2601 1459 2635 culpe
1475 2599 1613 2626 abiciunt
1646 2597 1776 2632 (Margg.

470 2641 562 2667 huius
582 2638 647 2666 folii
667 2637 809 2665 abscisae
829 2638 924 2669 sunt).
1039 2645 1079 2668 io.
1101 2638 1144 2663 A:
1171 2637 1335 2663 includunt
1355 2634 1524 2662 veritatem.
1639 2640 1685 2659 20.
1706 2632 1777 2659 Ab:

471 2675 694 2702 miraculorum
724 2673 851 2705 dantum
885 2673 929 2698 A:
958 2671 1001 2698 eis
1027 2672 1130 2706 itaque
1158 2671 1331 2704 evidencie;
1364 2671 1468 2704 itaque
1494 2667 1631 2703 sequitur
1659 2667 1778 2705 lacuna.

469 2717 513 2736 22.
533 2710 580 2737 A:
603 2708 782 2743 separandi;
807 2709 852 2734 A:
873 2706 1004 2733 videtur.
1112 2705 1154 2732 25.
1175 2706 1220 2733 A:
1242 2705 1293 2732 illa
1314 2705 1474 2740 particula.
1497 2702 1536 2729 B:
1558 2703 1599 2729 ita
1620 2702 1778 2738 particula.

470 2753 513 2779 27.
534 2746 578 2772 A:
600 2743 630 2771 in
651 2743 752 2778 primo
773 2742 928 2769 dubitans.
1048 2739 1094 2767 28.
1116 2741 1162 2768 A:
1184 2740 1278 2767 voluit
1297 2744 1399 2766 tamen
1419 2746 1499 2766 eum.
1620 2743 1667 2771 29.
1693 2736 1721 2763 A
1747 2743 1779 2762 in

471 2787 587 2813 marg.:
604 2787 624 2806 1.
681 2776 720 2805 31.
741 2778 781 2804 13:
797 2777 901 2804 vident
917 2775 1072 2803 virtutem.
1123 2774 1164 2802 32.
1182 2777 1207 2801 A
1223 2776 1252 2801 in
1269 2782 1384 2809 marg:
1401 2780 1426 2800 2.
1465 2771 1508 2801 33.
1529 2773 1573 2799 A:
1586 2771 1670 2807 quod
1686 2772 1778 2797 deest.

545 2849 596 2879 10,
639 2849 688 2879 11,
734 2836 771 2869 15
811 2844 844 2868 et
883 2846 982 2878 seqq.
1023 2834 1144 2866 Matth.
1172 2835 1224 2866 XI.
1254 2835 1283 2874 3,
1309 2845 1341 2875 4.
1467 2833 1519 2865 23.
1560 2831 1718 2873 Gregorii
1747 2831 1779 2861 in

472 2885 692 2918 Ezechielem
721 2883 778 2916 lib.
806 2883 829 2924 1,
856 2883 961 2916 Hom.
989 2883 1011 2921 1,
1039 2882 1130 2924 Opp.
1158 2882 1180 2922 1,
1215 2879 1309 2923 1176.
