2017 3353
171 299 224 334 oo

183 836 263 864 How
285 837 417 865 Clu-ist‘s

179 872 312 908 baptism
333 874 426 900 could

166 908 298 943 sanctisy
335 912 438 935 water.

758 306 979 339 ,IOHANNIS
1001 306 1182 338 WYCLIF
1209 306 1465 339 SERMONUM
1533 291 1688 351 [SERMO
1714 303 1766 330 lx-

459 412 516 449 sic
549 421 631 449 tota
664 411 819 448 trinitas
843 412 979 460 aliquo
1017 413 1140 449 modo
1164 412 1312 449 sanctis
1336 413 1539 461 apparuit:
1585 411 1767 448 Christus

457 470 677 518 ypostatice
710 470 750 506 in
783 482 901 506 carne
934 482 1010 518 que
1044 472 1149 507 Deus
1189 481 1260 516 est,
1311 483 1382 518 per
1425 471 1654 507 columbam
1688 482 1764 518 que

457 540 554 576 pure
588 536 769 565 creatura
802 536 859 564 est
891 536 1059 564 notatur
1090 528 1252 575 spiritus
1286 538 1446 566 sanctus
1470 536 1635 577 propter
1666 540 1761 565 ana-

458 586 604 633 logiam
638 586 927 634 proprietatum
961 586 1086 622 sancti
1115 585 1279 633 spiritus
1308 595 1345 622 et
1368 587 1569 634 columbe,
1607 587 1676 622 sed
1698 598 1768 633 per

456 656 595 680 vocem
630 644 714 680 sine
747 642 977 691 specificato
1002 656 1172 691 corpore
1205 643 1441 692 intelligitur
1463 653 1573 692 pater
1596 644 1663 692 qui
1686 656 1766 679 non
1783 641 1800 673 5

458 710 589 749 potest
624 701 742 746 mitti,
777 714 867 737 cum
901 713 982 737 non
1015 702 1134 738 habet
1166 714 1380 749 personam
1414 715 1491 750 que
1513 710 1646 750 potest
1678 702 1764 749 ipso

457 771 542 796 esse
575 759 634 795 vel
666 759 777 806 prior
809 758 975 806 origine.

515 817 630 854 Circa
674 818 779 853 hunc
833 826 983 853 textum
1029 817 1190 865 quidam
1235 817 1420 854 dubitant
1469 818 1673 866 quomodo
1722 830 1766 854 ex

458 884 568 911 tactu
603 874 734 911 carnis
769 874 914 911 Christi
948 884 985 911 et
1016 887 1118 923 aque
1149 875 1332 911 Jordanis
1361 888 1512 911 >omnes
1545 888 1647 923 aque
1679 875 1765 911 ubi-

457 945 534 981 que
567 942 762 969 terrarum
800 932 964 980 capiunt
996 932 1075 969 vim
1110 933 1384 981 regenerandi,
1419 943 1505 970 tum
1539 933 1632 981 quia
1664 941 1824 981 aque10

454 990 624 1038 plurime
668 991 785 1027 nimis
830 990 991 1036 distant,
1025 1001 1068 1028 ut
1113 991 1245 1028 taliter
1277 991 1507 1037 alterentur,
1554 1000 1638 1027 tum
1672 991 1766 1039 quia

455 1061 558 1097 aque
590 1048 721 1094 mixte,
756 1057 799 1084 ut
831 1061 935 1097 aque
968 1049 1136 1094 marine,
1169 1061 1250 1085 non
1273 1058 1366 1085 sunt
1389 1048 1568 1096 deposite
1592 1049 1765 1096 recipere

454 1107 557 1143 hanc
591 1106 667 1142 vim
692 1115 773 1143 tam
808 1106 1022 1154 spiritualis
1046 1107 1262 1155 qualitatis,
1284 1107 1385 1143 sicut
1407 1119 1479 1143 nec
1504 1115 1648 1143 natura
1670 1119 1764 1155 que-

453 1164 509 1200 vis
543 1176 753 1212 corporea,
787 1173 871 1200 tum
905 1165 1028 1201 tercio
1063 1165 1156 1213 quia
1187 1165 1263 1202 ista
1294 1165 1353 1201 vis
1388 1165 1648 1212 regenerandi
1681 1177 1765 1201 ma-

454 1231 564 1259 neret
591 1224 596 1273 Ι
626 1222 665 1258 in
684 1234 927 1271 quacunque
943 1235 1046 1271 aqua
1068 1232 1261 1271 perpetuo
1279 1232 1315 1260 et
1330 1223 1593 1271 superflueret
1617 1235 1763 1271 aquam

453 1280 628 1328 aliquam
673 1281 933 1328 postmodum
979 1293 1228 1318 consecrare.
1282 1283 1324 1317 In
1362 1281 1437 1317 ista
1469 1280 1640 1318 materia
1671 1293 1764 1329 sup-

453 1339 685 1385 ponendum
732 1346 791 1375 est
833 1339 910 1374 hoc
943 1339 1108 1375 verbum
1142 1340 1240 1390 fieri
1270 1352 1352 1376 non
1386 1339 1473 1375 rudi
1516 1338 1760 1387 philosopho

453 1395 521 1444 qui
552 1408 634 1433 non
667 1396 840 1444 concipit
872 1396 1159 1433 alteracionem
1193 1397 1252 1433 vel
1293 1396 1528 1445 qualitatem
1567 1396 1643 1433 nisi
1675 1409 1763 1433 sen-

452 1453 621 1500 sibilem,
656 1454 784 1503 qualis
818 1454 1080 1503 consequitur
1112 1455 1309 1492 elementa
1342 1465 1379 1492 et
1412 1454 1547 1493 mixta.
1595 1455 1673 1491 Sed
1706 1455 1762 1491 di-

453 1511 605 1560 rigatur
646 1525 778 1549 sermo
823 1512 1006 1549 fidelibus
1039 1513 1106 1561 qui
1139 1514 1307 1549 credunt
1344 1513 1454 1561 quod
1493 1512 1532 1548 in
1565 1521 1760 1561 quantum
1779 1519 1821 1542 20

451 1582 554 1618 aqua
586 1580 945 1619 quantumcunque
968 1570 1116 1607 distans
1142 1571 1201 1607 vel
1223 1570 1390 1608 Jordani
1424 1569 1680 1607 discontinua
1704 1580 1762 1607 est

451 1629 535 1663 Deo
570 1628 779 1675 accepcior
810 1628 952 1665 virtute
986 1637 1115 1665 tactus
1149 1629 1277 1665 carnis
1301 1628 1476 1674 Domini,
1512 1641 1558 1665 eo
1583 1628 1669 1676 ipso
1703 1638 1762 1665 est

450 1685 811 1733 supernaturaliter
833 1686 1010 1732 alterata,
1035 1698 1117 1722 non
1147 1688 1256 1735 quod
1289 1686 1357 1722 illa
1389 1686 1560 1734 qualitas
1594 1699 1670 1734 que
1704 1696 1762 1723 est

450 1756 552 1791 aque
584 1743 800 1791 spiritualis
834 1744 993 1780 bonitas
1027 1744 1077 1780 sit
1110 1757 1171 1781 res
1205 1757 1282 1793 que
1315 1743 1464 1792 poterit
1495 1757 1565 1792 per
1597 1756 1637 1780 se
1661 1757 1758 1791 esse,

449 1800 543 1849 quia
587 1801 662 1838 ista
707 1801 858 1838 ruditas
905 1803 952 1838 de
997 1802 1191 1850 quiditate
1237 1801 1512 1839 accidencium
1553 1802 1761 1840 confundit
1778 1800 1816 1832 25

450 1868 531 1895 tarn
564 1859 767 1907 simplices
802 1872 922 1907 quam
956 1860 1135 1897 subtiles.

505 1917 567 1952 Ad
597 1917 772 1965 primum
807 1917 951 1954 dicitur
983 1919 1092 1966 quod
1125 1930 1207 1955 non
1240 1919 1355 1954 obest
1387 1917 1570 1954 alteranti
1608 1918 1760 1956 infinite

448 1975 631 2021 potencie
675 1975 902 2024 cuicunque
956 1988 1058 2024 aque
1103 1975 1272 2012 voluerit
1308 1984 1667 2025 quantumcunque
1701 1977 1759 2014 di-

447 2032 568 2068 stanti
601 2033 677 2070 vim
711 2034 832 2070 talem
866 2032 1053 2071 tribuere.

503 2091 565 2125 Ad
599 2092 819 2127 secundum
854 2091 998 2128 dicitur
1029 2092 1138 2139 quod
1170 2091 1403 2138 ambiguum
1429 2100 1487 2128 est
1509 2092 1674 2140 singulis
1697 2093 1756 2129 vel
1774 2091 1816 2124 30

448 2147 583 2184 multis
616 2148 786 2196 teologis
820 2161 897 2197 que
928 2161 1030 2197 aque
1054 2158 1090 2185 et
1122 2150 1332 2197 quomodo
1357 2159 1393 2186 et
1418 2159 1612 2198 quantum
1638 2150 1757 2187 mixte

447 2204 645 2252 recipiunt
688 2207 788 2242 hanc
833 2205 1035 2252 virtutem,
1081 2206 1184 2243 sicut
1227 2206 1392 2243 dubium
1438 2217 1496 2244 est
1541 2208 1594 2243 eis
1635 2221 1756 2256 quam

447 2262 766 2310 baptizacionem
800 2266 906 2300 Deus
950 2276 1020 2312 per
1063 2276 1188 2312 aquas
1236 2264 1469 2301 huiusmodi
1510 2275 1756 2313 acceptaret3

446 2332 518 2356 nec
563 2321 679 2357 obest
711 2322 819 2369 quod
864 2334 1009 2370 aquam
1056 2321 1341 2359 distanciorem
1375 2322 1431 2359 sic
1465 2324 1618 2369 alteret,
1664 2337 1754 2360 cum

446 2379 521 2414 hoc
554 2380 663 2426 quod
696 2391 842 2427 aquam
876 2379 1207 2428 propinquiorem
1242 2393 1323 2417 non
1356 2381 1413 2417 sic
1447 2389 1618 2418 moveat.
1663 2383 1756 2418 Ideo
1774 2378 1813 2411 35

446 2448 536 2471 cum
570 2437 618 2472 de
641 2436 784 2474 talibus
808 2437 1113 2484 particularibus
1137 2450 1219 2474 non
1241 2438 1290 2474 sit
1313 2438 1423 2485 fides,
1446 2439 1541 2476 satis
1566 2448 1624 2476 est
1647 2441 1756 2487 quod

446 2494 493 2529 de
538 2494 719 2530 maximis
765 2494 855 2531 fidei
894 2507 991 2543 quas
1024 2495 1221 2543 scriptura
1267 2496 1451 2544 exprimit
1485 2506 1522 2534 et
1554 2498 1601 2533 de
1640 2497 1755 2534 factis

445 2551 690 2588 evidentibus
710 2552 975 2600 experimento
992 2553 1117 2590 doctis
1135 2563 1344 2602 generetur
1358 2554 1397 2590 in
1415 2555 1566 2602 populo
1583 2555 1755 2603 suspicio

1787 1209 1862 1241 Fol.

1792 1256 1869 1297 148a

512 2626 537 2655 3.
558 2629 606 2655 A:
627 2633 673 2655 est
693 2628 795 2662 deest;
845 2629 868 2660 3,
885 2638 915 2664 4.
939 2629 1007 2657 BC:
1028 2630 1196 2657 anoloiam.
1234 2630 1302 2665 5,6.
1322 2631 1371 2657 A:
1393 2630 1444 2666 qui
1466 2635 1575 2666 potest.
1633 2630 1661 2658 8.
1677 2633 1704 2659 A
1725 2632 1755 2659 in

443 2670 561 2696 marg:
596 2662 751 2695 Dubium:
785 2664 806 2690 B
828 2664 857 2690 in
883 2672 998 2699 marg:
1032 2664 1181 2699 Questio;
1214 2666 1256 2692 A:
1286 2664 1418 2693 Circam.
1580 2673 1620 2693 ιο.
1649 2666 1701 2693 ΑΒ
1723 2666 1754 2693 in

444 2705 561 2730 marga
582 2705 602 2724 1.
661 2705 697 2724 12.
720 2697 773 2725 AB
794 2699 823 2725 in
845 2706 960 2733 marg.:
982 2706 1008 2725 2.
1072 2708 1112 2732 ¹4-
1134 2699 1186 2726 AB
1209 2700 1237 2727 in
1260 2707 1372 2734 marga
1389 2698 1420 2733 3;
1441 2699 1481 2727 ib.
1497 2701 1540 2727 A:
1561 2701 1610 2728 via
1632 2709 1754 2735 regene-

434 2732 542 2759 randi.
633 2731 669 2759 15.
686 2731 722 2759 B:
741 2738 899 2768 perpetue.
978 2734 1020 2761 16.
1037 2734 1109 2761 Ain
1132 2742 1249 2769 marg:
1270 2734 1452 2770 Responsio.
1542 2742 1584 2762 22.
1607 2735 1645 2762 B:
1673 2736 1751 2763 adeo

443 2767 507 2794 sive
527 2775 544 2794 a
563 2768 639 2796 Deo.
747 2767 791 2795 23.
811 2769 861 2795 A:
889 2769 1176 2802 supernaturalitas.
1267 2776 1314 2803 24.
1336 2772 1385 2796 A:
1413 2776 1499 2804 eque.
1606 2777 1651 2804 27.
1672 2771 1701 2797 A
1722 2770 1752 2797 in

443 2808 557 2834 marga
591 2811 617 2836 ις
649 2801 688 2829 B:
714 2801 751 2829 ad
773 2802 927 2837 primum;
958 2803 998 2829 ib.
1021 2803 1061 2829 B:
1092 2803 1249 2841 infinitate.
1431 2803 1619 2842 28.-Codd.:
1648 2805 1753 2831 cuius-

441 2838 646 2905 ῗέἒοῖἓὲἑοῖἓξ
664 2838 936 2906 ἓῗξυὲἓὲἓὲοᾛ
957 2835 1152 2907 ςηέιῖιῂῧω
1175 2838 1568 2901 ΜέἕὲΧ,ΑιῇοδέῗΞὲἓέιΨ·
1634 2839 1685 2905 ἐξ·
1703 2839 1749 2901 ἓξ

441 2905 557 2933 alterat.
655 2904 696 2934 35.
716 2904 758 2933 B:
779 2905 838 2932 hoc
858 2913 922 2942 per.
1004 2905 1048 2934 38.
1070 2909 1117 2934 A:
1140 2907 1238 2935 doctis
1258 2907 1373 2941 doctis;
1394 2908 1434 2935 ib.
1456 2906 1523 2935 BC:
1545 2893 1681 2944 populis]
