2017 3353
215 282 350 312 senno
371 271 526 330 xrvnr]
729 286 868 318 ΡΜΜΑ
897 287 1022 319 PARS.

212 390 342 439 arguit
374 399 411 428 et
439 391 619 440 castigat.
654 393 746 429 Ideo
770 405 907 429 cecum
932 401 990 429 est
1022 392 1216 430 iudicium
1255 405 1298 429 ex
1331 395 1532 443 prosperi-

213 457 293 485 tate
327 450 530 487 mundana
561 451 622 487 vel
655 450 737 487 eius
761 450 1000 488 adversitate
1023 451 1341 500 predestinatum
1367 465 1533 500 arguere

213 508 273 542 vel
312 507 543 555 prescitum.
590 510 695 544 Deus
734 508 838 545 enim
881 509 1010 545 celare
1047 509 1172 546 voluit
1212 509 1422 546 consilium
1464 523 1532 547 sue

213 565 570 612 predestinacionis
617 574 653 602 et
697 566 941 614 presciencie
980 562 1017 604 et
1055 580 1135 604 non
1176 580 1246 615 per
1285 567 1379 604 talia
1420 581 1533 604 mun-

179 623 316 659 5dana
356 623 504 660 iudicia
543 635 739 669 reserare;
786 624 881 673 quin
923 625 1063 673 pocius
1109 635 1341 662 constanter
1385 626 1532 662 faciens

211 693 334 728 opera
358 682 462 718 bona
478 683 525 717 de
542 694 685 729 genere
701 691 737 718 et
756 682 1005 730 angustiatus
1028 696 1074 720 ac
1097 696 1311 732 oppressus
1335 683 1373 719 in
1398 684 1533 720 seculo

209 747 354 786 negata
387 738 461 775 sibi
494 739 761 788 prosperitate
796 742 1000 778 mundana
1040 754 1082 778 ex
1123 750 1361 790 argumento
1394 741 1530 790 topico

210 796 396 832 concludi
429 805 560 845 potest
594 810 678 834 esse
711 798 1018 846 predestinatus,
1060 799 1152 836 licet
1190 799 1380 848 possibile
1413 799 1462 836 sit
1496 809 1533 836 et

209 853 323 890 nobis
357 853 606 903 incognitum
640 855 671 892 si
704 857 819 893 cadet
851 856 1024 894 finaliter
1063 857 1143 895 sive
1176 857 1308 895 stabit.

156 924 194 945 10
265 912 454 949 Terciurn
485 913 663 950 notabile
696 923 753 951 est
783 916 831 951 de
855 915 1052 952 consociis
1085 916 1125 952 in
1160 916 1265 952 malo
1299 924 1336 952 et
1369 924 1531 964 portan-

208 969 313 1007 tibus
347 971 522 1008 loculum
558 973 608 1008 ad
641 973 884 1021 sepulcrum,
919 986 1012 1011 nam
1046 973 1149 1011 inter
1187 973 1324 1010 omnia
1364 982 1530 1022 peccata

208 1028 373 1065 ecclesie
412 1029 517 1066 istud
557 1038 614 1066 est
657 1031 922 1079 periculosius
963 1032 1098 1081 magisv
1129 1032 1411 1069 absconditum
1452 1045 1532 1068 non

208 1096 406 1124 curatum.
458 1088 558 1124 Sunt
603 1097 736 1125 autem
778 1101 844 1126 sex
880 1102 1027 1138 genera
1072 1103 1289 1128 consensus
1336 1092 1393 1137 (ut
1438 1103 1531 1138 sepe

207 1143 373 1197 repecii)
406 1154 546 1182 notata
578 1145 619 1182 in
652 1146 726 1183 hiis
758 1147 955 1185 versibus:

154 1205 191 1239 15
351 1203 546 1241 Consenti!
578 1217 756 1254 operans,
791 1206 1013 1255 defendens,
1045 1207 1245 1243 consilium
1280 1207 1377 1243 dans

344 1262 399 1298 Ac
431 1263 690 1315 auctorizans,
723 1276 795 1300 non
828 1264 965 1301 iuvans
996 1277 1064 1301 nec
1096 1265 1398 1314 reprehendens.

262 1318 430 1356 Videtur
461 1329 594 1357 autem
634 1321 767 1369 primo
807 1324 915 1371 quod
947 1322 1079 1359 omnis
1111 1322 1307 1371 prescitus
1344 1323 1405 1359 vel
1444 1335 1532 1371 pre-

207 1377 426 1414 destinatus
459 1391 630 1427 operans
652 1379 799 1416 viciose
823 1381 1021 1417 consentit
1044 1380 1154 1418 omni
1187 1389 1354 1429 peccato
1380 1381 1532 1427 mundi,

205 1444 268 1471 sut
299 1435 401 1472 sicut
433 1435 526 1473 iusti
549 1437 777 1486 quicunque
800 1447 891 1475 sunt
908 1440 966 1486 (ut
988 1438 1057 1484 sic)
1081 1439 1278 1475 iustorum
1302 1439 1531 1487 participes,

149 1492 262 1529 2osic
301 1503 338 1530 et
376 1503 609 1542 peccatores
651 1496 833 1533 omnium
872 1506 1132 1545 peccatorum
1175 1497 1273 1533 fiunt
1307 1506 1531 1537 consortes:

205 1564 299 1588 nam
350 1561 490 1589 notato
536 1554 697 1591 cumulo
742 1554 870 1592 tocius
917 1555 1060 1592 iniurie
1101 1555 1241 1592 mundi
1281 1565 1434 1592 certum
1475 1565 1532 1592 est

206 1611 314 1658 quod
367 1610 534 1659 quilibet
577 1611 747 1649 iniustus
799 1612 894 1650 facit
945 1615 1167 1650 secundum
1219 1622 1375 1662 partem
1429 1614 1531 1650 hanc

207 1680 395 1716 magnam
428 1668 630 1716 iniuriam,
665 1683 802 1718 ymmo
841 1671 949 1708 iuvat
981 1672 1042 1708 vel
1074 1681 1286 1720 promovet
1324 1684 1395 1720 per
1427 1672 1530 1708 acci-

205 1727 302 1762 dens
334 1728 384 1763 ad
408 1726 619 1764 cuiuslibet
642 1741 711 1765 sue
734 1729 931 1777 particule
961 1730 1316 1778 complementum.
1358 1732 1414 1766 De
1443 1743 1530 1778 pre-

149 1783 312 1820 25scitis
346 1794 478 1821 autem
514 1794 571 1822 est
604 1786 745 1834 pocior
793 1787 1011 1824 evidencia.
1056 1788 1105 1824 Et
1143 1789 1216 1825 hec
1256 1787 1365 1825 racio
1405 1801 1529 1836 quare

204 1843 411 1891 dampnati
450 1855 535 1880 sese
575 1844 717 1881 odiunt
749 1853 786 1881 et
825 1845 966 1882 salvati
1002 1855 1169 1895 propter
1206 1846 1392 1883 iuvamen
1430 1846 1528 1882 reci-

204 1913 373 1948 procum
408 1913 492 1938 sese
526 1912 676 1939 amant.
710 1902 821 1939 Sicut
854 1903 960 1940 enirn
995 1903 1163 1941 existens
1197 1904 1236 1940 in
1260 1904 1395 1953 gracia
1419 1916 1527 1940 com-

203 1958 382 1995 municat
405 1971 496 1996 cum
520 1959 624 1997 iusto
647 1961 878 2010 ubicunque
900 1971 1099 1999 terrarum
1124 1963 1254 2008 fuerit,
1279 1962 1334 1999 sic
1359 1962 1526 1999 existens

201 2015 241 2052 in
281 2016 449 2054 crimine
488 2028 730 2066 cooperatur
769 2032 860 2056 cum
905 2020 985 2057 alio
1033 2020 1251 2057 criminoso
1296 2020 1526 2069 ubicunque

145 2077 187 2109 30
201 2074 331 2121 fuerit,
366 2075 459 2124 quia
492 2089 632 2114 omnes
665 2077 722 2113 illi
755 2087 847 2114 sunt
868 2091 991 2114 unum
1019 2091 1164 2127 corpus
1189 2091 1411 2127 cooperans
1435 2091 1525 2115 cum

200 2142 314 2181 patre
347 2134 560 2171 mendacii.
596 2136 688 2172 Ideo
722 2148 766 2172 ex
790 2149 986 2173 consensu
1010 2137 1315 2185 eooperacionis
1348 2146 1430 2174 tam
1465 2150 1525 2174 ex-

200 2199 313 2228 tenso
346 2191 617 2240 periculosum
653 2202 710 2230 est
743 2194 1044 2231 communicare
1077 2195 1117 2231 in
1151 2196 1257 2232 malo
1290 2208 1425 2244 opere.

259 2251 488 2286 Secundum
522 2264 645 2299 genus
679 2264 895 2290 consensus
935 2262 992 2290 est
1025 2253 1202 2290 defensio
1236 2253 1415 2290 criminis
1448 2266 1525 2301 que

200 2306 318 2344 nimis
342 2309 475 2356 ample
498 2322 568 2357 per
593 2311 788 2347 mundum
813 2311 1037 2348 extenditur
1061 2324 1151 2348 cum
1176 2324 1316 2348 omnes
1349 2312 1524 2348 faventes

269 2461 296 2492 ι..
312 2453 334 2481 Β
355 2454 385 2482 in
406 2462 521 2491 marg:
549 2455 663 2484 Cecum
690 2457 840 2485 iudicium
861 2466 897 2485 ex
918 2458 1123 2507 prosperitate
1144 2459 1188 2486 vel
1211 2467 1243 2486 as
1269 2455 1375 2486 eritate
1394 2466 1523 2493 arguere

199 2493 365 2523 prescxtum
386 2490 431 2516 vel
453 2490 713 2525 predestinatum:
740 2493 769 2519 A
789 2492 819 2519 in
841 2501 956 2528 marg.:
978 2494 1060 2520 lNota
1080 2501 1185 2520 cecum
1207 2493 1236 2521 iu
1263 2493 1367 2521 icium.
1440 2492 1466 2521 3.
1480 2492 1520 2520 C:

198 2523 305 2551 celare.
392 2531 433 2551 1o.
453 2525 483 2552 A
502 2525 532 2553 in
555 2534 669 2561 marg:
690 2526 847 2554 Terciurn.
935 2536 976 2562 14.
998 2530 1026 2556 A
1046 2528 1076 2555 in
1099 2536 1215 2564 marg:
1236 2527 1318 2555 Nota
1339 2537 1391 2555 sex
1413 2536 1521 2555 “enei-a

197 2565 378 2586 consensus
394 2557 529 2593 Versus;
551 2560 573 2587 B
589 2560 619 2587 in
635 2569 749 2596 marg:
772 2560 815 2588 De
851 2562 994 2589 oneribus
1010 2571 1191 2590 consensus.
1215 2563 1355 2590 Declarat
1371 2549 1521 2590 susstiliter

199 2601 251 2620 sex
276 2601 387 2654 genera
406 2601 578 2622 consensus
599 2596 669 2627 (alia
690 2597 794 2631 mam).
849 2605 960 2632 perans
982 2597 1097 2624 viciose
1117 2598 1269 2625 consentit
1289 2598 1373 2625 omni
1396 2602 1520 2632 peccato

199 2635 272 2655 mun
299 2627 324 2661 i;
352 2627 376 2655 C
395 2628 425 2655 in
447 2637 562 2664 marg:
591 2630 771 2658 Consensus
793 2639 845 2658 sex
864 2640 985 2666 genera.
1087 2633 1124 2660 15.
1146 2633 1190 2659 A:
1213 2641 1346 2667 operans
1368 2632 1519 2664 defendit:

200 2661 266 2690 BC:
288 2671 344 2690 coo
371 2671 470 2691 eranS.
580 2674 588 2692 1
614 2687 619 2692 .
641 2666 684 2693 A:
708 2666 810 2700 primo
831 2666 925 2694 deest.
1032 2668 1070 2694 ιδ.
1095 2667 1116 2694 Β
1138 2667 1166 2694 in
1189 2676 1303 2702 marg:
1327 2666 1518 2702 Cooperans.

199 2705 240 2732 19.
262 2698 307 2726 A:
329 2706 346 2724 u
373 2697 381 2725 i
402 2698 496 2733 sicut;
523 2699 564 2727 ib.
586 2673 652 2727 lgC:
674 2700 878 2728 iusticiarum.
1000 2710 1045 2729 20.
1068 2702 1135 2729 BC:
1166 2702 1208 2729 sic
1229 2707 1256 2728 et
1275 2717 1308 2720 -—
1329 2702 1404 2728 liunt
1425 2701 1519 2739 deest.

197 2739 237 2759 21.
252 2733 299 2760 A:
322 2736 426 2759 notato
447 2733 572 2761 circulo.
612 2734 655 2762 25.
671 2735 716 2762 A:
739 2739 839 2762 autem
862 2744 940 2767 non:
962 2736 1002 2763 ib.
1021 2736 1042 2763 Β
1058 2737 1087 2763 in
1105 2745 1219 2771 marg..-
1243 2736 1346 2770 Quare
1361 2736 1520 2771 dampnati

199 2775 265 2794 sese
285 2766 404 2794 odiunt.
478 2768 523 2796 28.
547 2769 568 2796 B
589 2769 619 2796 in
640 2778 754 2804 marg:
776 2769 857 2797 Nota
878 2770 964 2798 bene.
1039 2770 1085 2798 30.
1102 2772 1145 2798 A:
1167 2771 1238 2805 qnia
1259 2770 1353 2797 deest.
1420 2770 1463 2798 32.
1480 2770 1518 2797 B:

198 2806 401 2829 commutare.
487 2802 530 2831 33.
552 2805 580 2832 A
600 2804 630 2831 in
652 2812 766 2839 marg:
788 2812 821 2838 2:
852 2805 874 2831 B
895 2805 924 2832 in
947 2814 1061 2840 marga
1084 2805 1269 2833 Defendens.
1355 2804 1402 2839 34.
1424 2807 1468 2832 A:
1489 2806 1519 2832 in

198 2844 318 2864 omnes.

272 2909 320 2942 15.
349 2909 400 2942 Cf.
427 2908 635 2953 Trialogum
662 2921 694 2954 p.
728 2911 801 2954 173,
829 2911 908 2955 307.
935 2913 1024 2944 Vide
1051 2923 1156 2955 supra
1184 2922 1262 2955 pag.
1289 2923 1344 2955 77.

1334 2980 1370 3002 21

1746 282 1816 318 321

1626 403 1750 431 l‘resent

1551 439 1725 474 prosperity
1740 440 1765 466 is·
1782 448 1820 466 no

1562 472 1704 500 evidence
1725 483 1758 500 as
1779 478 1808 500 to

1619 517 1633 534 a
1656 509 1753 535 niun's

1565 542 1704 576 spiritual
1727 547 1810 569 stane.

1602 911 1722 947 [muger
1743 914 1773 940 ot

1574 947 1746 982 sellowsliip
1769 949 1796 974 in

1652 982 1720 1008 evil.

1568 1202 1621 1230 Six
1643 1202 1750 1230 modes
1771 1206 1801 1242 ot

1547 1242 1675 1264 consent
1700 1243 1730 1264 to
1758 1247 1816 1265 8111:

1578 1327 1598 1346 1.
1620 1319 1718 1355 Every
1740 1328 1796 1346 one

1606 1354 1676 1380 who
1698 1354 1761 1381 sins

1561 1394 1704 1415 consents
1725 1394 1755 1415 to
1777 1390 1812 1416 all

1569 1423 1617 1450 the
1639 1424 1685 1450 sin
1706 1425 1740 1451 of
1758 1424 1805 1451 tlie

1632 1459 1739 1486 world.

1564 2268 1589 2287 2.
1612 2260 1741 2300 Del'ence
1761 2265 1789 2289 oi

1652 2305 1708 2323 sm.
