2017 3353
185 262 261 298 380
766 265 986 298 JOHANNIS
1009 265 1191 296 wvcmr
1212 263 1466 295 SERMONUM
1506 249 1658 307 [SERMO
1680 258 1787 286 tvm.

470 384 578 425 patet
618 387 661 412 ex
700 372 898 421 scriptura
931 372 1017 408 Act.
1053 372 1114 417 IX,
1157 371 1265 420 quod
1296 379 1505 419 tamquam
1539 367 1713 417 pharisei
1753 377 1789 404 et

469 434 597 471 scribe
630 432 848 469 Dominum
882 439 1144 479 persecuntur
1174 433 1230 475 (ut
1254 427 1400 465 dicitur
1423 428 1563 464 Matth.
1591 428 1686 472 XX.)
1712 427 1788 463 Sed

470 492 652 530 Christus
704 498 869 539 propter
922 500 1061 524 eorum
1116 486 1322 524 maliciam
1374 485 1659 522 benefaciendo
1710 484 1790 520 suis

473 549 661 587 membris
700 561 781 585 non
820 546 966 583 deserit
1007 559 1123 582 suum
1162 545 1201 581 in
1242 554 1422 581 eternum
1457 543 1682 589 consilium,
1722 543 1790 578 sed

471 622 561 646 cum
595 607 690 656 ipsis
731 605 939 654 hospitans
978 603 1240 652 spiritualiter
1275 603 1383 651 ipsos
1417 601 1606 650 relinquit
1643 602 1823 637 vacuos5

471 681 493 704 a
526 666 673 715 gracia,
709 677 798 701 cum
833 676 876 699 ex
910 661 1179 710 disposicione
1219 675 1289 698 sua
1321 659 1543 709 ypocritica
1582 668 1790 706 tamquam

472 725 631 762 Christo
666 721 856 760 contrarii
891 728 1180 768 contempnunt
1223 720 1304 756 eius
1338 732 1473 767 opera.
1515 719 1629 754 Unde
1662 716 1791 765 sequi—

472 793 535 819 tur
567 782 606 819 in
646 790 771 818 textu:
813 780 927 815 Stans
959 786 1084 814 autem
1118 778 1291 814 Zaclzeus
1329 778 1428 813 dixit
1472 777 1523 812 ad
1562 775 1789 811 Dominum:

472 842 572 877 Ecce
617 839 815 875 dimidium
849 837 1034 873 bonorum
1069 848 1241 872 meorum
1276 836 1440 871 Domine
1479 835 1526 870 do
1554 833 1792 883 pauperibus

472 908 506 936 et
537 899 571 935 si
602 898 693 947 quid
724 897 887 945 aliquem
923 894 1172 943 defraudavi,
1207 894 1329 929 reddo
1364 892 1637 942 quadruplum.
1812 903 1850 923 10

184 965 358 1004 Zacchaeus
379 965 448 1000 kept
531 959 605 993 Iste
639 964 773 992 autem
807 953 914 989 dives
955 951 1048 1001 quia
1087 964 1169 987 non
1202 960 1285 987 erat
1319 951 1474 987 futurus
1508 949 1655 986 Christi
1696 961 1791 997 apo-

183 1000 446 1062 Ηξιῗηρξὲξξᾶἳῒῐζξά
473 1016 610 1057 stolus,
665 1013 766 1050 sicut
820 1011 885 1048 alii
941 1009 1152 1046 duodecim
1206 1011 1273 1046 sed
1327 1021 1611 1057 permansurus
1664 1006 1792 1043 fidelis

239 1070 403 1098 asecular.
476 1074 700 1110 mundanus
744 1070 783 1106 in
829 1068 998 1106 ecclesia
1044 1067 1253 1113 militante,
1310 1080 1391 1103 non
1446 1065 1606 1114 reliquit
1658 1064 1792 1101 omnia

475 1144 546 1168 sua
586 1130 686 1167 sicut
728 1131 867 1165 Petrus
906 1128 1062 1163 futurus
1102 1125 1249 1162 Christi
1290 1125 1510 1174 apostolus,
1552 1125 1618 1160 sed
1659 1123 1792 1171 quoad

475 1188 675 1226 iusticiam
720 1186 811 1223 talis
857 1194 983 1222 status
1027 1185 1429 1232 superhabundanter
1474 1183 1621 1219 fecerat
1667 1180 1849 1217 eciam15

476 1260 596 1296 supra
641 1245 848 1295 phariseos
892 1252 1052 1280 nostros
1097 1242 1198 1279 sicut
1244 1255 1365 1290 supra
1415 1241 1644 1278 sacerdotes
1697 1237 1794 1286 legis

475 1305 617 1344 veteris
651 1302 858 1340 benefecit.
883 1300 1082 1339 Secularis
1115 1309 1249 1337 autem
1285 1308 1472 1348 gravatus
1504 1296 1794 1347 temporalibus

477 1374 596 1413 atque
641 1361 841 1399 sufficiens
887 1362 954 1396 dat
1000 1358 1214 1395 dimidium
1258 1360 1457 1395 bonorum
1497 1369 1661 1393 suorum
1698 1367 1795 1403 pau—

476 1422 650 1472 peribus,
697 1420 858 1469 quando
903 1429 1192 1465 recognoscens
1237 1418 1344 1465 quod
1394 1416 1434 1452 in
1477 1424 1564 1452 toto
1615 1412 1794 1450 dominio

477 1478 624 1518 Christi
647 1477 876 1527 participat,
911 1477 1106 1513 servando
1139 1474 1212 1511 sibi
1245 1475 1323 1511 vite
1355 1472 1580 1510 necessaria
1612 1472 1651 1508 in
1685 1484 1795 1507 arras
1812 1481 1852 1503 20

478 1536 667 1586 completi
708 1534 887 1577 dominii⁷
940 1536 1006 1570 dat
1059 1533 1313 1570 medietatem
1360 1531 1507 1569 Christi
1552 1529 1795 1579 pauperibus

478 1599 676 1633 bonorum
715 1594 877 1630 illorum
918 1604 993 1641 que
1033 1604 1076 1628 ex
1115 1590 1249 1639 gracia
1290 1589 1438 1627 Christi
1478 1588 1706 1638 participat.
1747 1589 1795 1622 Et

478 1654 571 1704 quia
622 1666 643 1690 a
689 1654 773 1688 Deo
825 1652 872 1687 de
922 1650 1066 1686 iniuste
1112 1648 1255 1686 ablatis
1301 1648 1518 1697 requiritur
1569 1644 1794 1682 satisfaccio

478 1721 610 1761 preter
633 1711 754 1747 talem
778 1708 1051 1754 elemosinam,
1085 1708 1173 1744 ideo
1203 1707 1405 1744 confessus
1440 1705 1511 1742 fuit
1545 1717 1584 1741 se
1608 1705 1795 1740 daturum

479 1770 750 1820 quadruplum
783 1767 1043 1813 defraudat03
1083 1767 1151 1802 sed
1191 1765 1283 1814 quia
1321 1777 1402 1801 non
1434 1763 1507 1799 fuit
1540 1763 1580 1799 in
1613 1763 1687 1798 hoc
1721 1760 1851 1797 sibi25

479 1828 674 1872 conscius,
721 1826 811 1862 ideo
858 1824 1137 1862 condicionem
1188 1822 1346 1868 adiecit,
1399 1822 1612 1858 ostendens
1663 1819 1794 1856 anime

479 1899 546 1924 sue
580 1884 779 1922 iusticiam
813 1892 849 1920 et
882 1882 1040 1919 sinistre
1074 1884 1121 1918 de
1153 1881 1222 1918 illo
1258 1880 1529 1917 iudicancium
1562 1877 1792 1915 stulticiam.

479 1948 581 1982 Nam
634 1956 706 1980 nec
759 1950 918 1990 oportet
970 1953 1131 1977 omnem
1185 1941 1346 1976 dantem
1395 1937 1655 1975 elemosinam
1701 1936 1795 1971 dare

480 2002 691 2039 dimidium
724 1998 989 2048 possessionis
1023 1997 1171 2035 Christi
1204 1996 1448 2046 pauperibus
1480 2008 1552 2032 nec
1585 2007 1657 2043 pro
1690 1994 1794 2029 frau-

482 2060 648 2098 dacione
682 2057 852 2107 proximi
886 2059 980 2094 dare
1014 2056 1298 2105 quadruplum,
1333 2068 1424 2091 cum
1456 2053 1601 2090 sufficit
1642 2050 1794 2088 solucio
1810 2054 1853 2087 30

481 2117 710 2168 equalitatis
744 2115 866 2152 debiti
900 2117 948 2152 ab
984 2114 1173 2151 iniuriato
1206 2112 1412 2149 subtracti.
1440 2113 1517 2148 Sed
1542 2111 1635 2159 quia
1668 2108 1795 2146 fidelis

482 2177 701 2214 secundum
734 2187 834 2223 opus
868 2171 1239 2221 supererogacionis
1285 2184 1365 2207 non
1409 2170 1538 2206 solum
1562 2170 1646 2204 Deo
1680 2168 1796 2203 debet

483 2237 577 2271 dare
611 2233 821 2278 decimam,
857 2231 958 2268 sicut
992 2231 1170 2267 fecerunt
1193 2229 1419 2278 patriarche
1452 2226 1548 2275 legis
1581 2225 1724 2262 veteris
1753 2237 1797 2261 ex

482 2302 624 2329 natura
657 2292 725 2327 sed
758 2289 1058 2326 restitucionem
1084 2288 1263 2325 omnium
1287 2286 1529 2323 omissorum
1556 2284 1795 2333 persolvere,

483 2351 572 2387 ideo
618 2349 690 2385 iste
735 2348 842 2384 dives
887 2346 1136 2395 evangelicus
1180 2348 1264 2381 Deo
1315 2343 1488 2381 reddidit
1541 2341 1796 2379 medietatem
1812 2343 1851 2376 35

483 2421 551 2445 sue
590 2406 829 2444 substancie.
875 2407 923 2441 Et
957 2404 1049 2453 quia
1084 2402 1289 2440 fraudacio
1323 2402 1362 2439 in
1394 2399 1683 2450 temporalibus
1715 2411 1796 2435 non

554 2598 573 2617 1.
594 2589 634 2616 E:
656 2588 737 2615 Luce
756 2587 813 2617 IX:
844 2586 883 2613 ib.
906 2586 948 2613 A:
971 2590 1031 2612 tam
1054 2584 1197 2619 pharisei.
1288 2591 1312 2610 2.
1334 2582 1402 2611 CD:
1424 2581 1512 2609 Unde
1533 2580 1659 2614 dicitur;
1689 2579 1729 2606 ib.
1751 2579 1792 2607 D:

485 2624 609 2651 Matthei
629 2622 723 2650 XXV.
811 2630 839 2654 4.
862 2620 982 2648 BCDE:
1004 2619 1033 2646 in
1056 2618 1148 2646 deest.
1241 2618 1264 2646 5.
1287 2617 1381 2645 BCD:
1404 2617 1457 2644 reli
1483 2616 1534 2643 uit.
1622 2623 1650 2650 9.
1671 2613 1792 2641 BCDE:

484 2659 560 2686 licce
582 2658 681 2689 deest3
712 2657 752 2684 ib.
775 2655 894 2683 PCDE:
925 2654 1055 2682 Domine
1083 2653 1176 2680 deest.
1286 2651 1323 2680 13.
1344 2652 1413 2679 DE:
1441 2650 1562 2686 reiquit
1588 2649 1668 2676 viam
1696 2657 1792 2676 suam.

487 2702 526 2727 ¹4·
549 2692 644 2720 ABC:
667 2690 788 2719 futurus
807 2707 841 2710 —
861 2690 1020 2725 apostolus
1041 2688 1133 2715 deest.
1216 2687 1256 2715 16.
1278 2687 1320 2714 D:
1343 2694 1444 2721 super.
1526 2693 1564 2720 17.
1587 2684 1607 2710 B
1628 2684 1657 2711 in
1680 2691 1792 2718 marg:

486 2728 568 2771 Quid
591 2732 635 2753 est
655 2727 727 2753 dare
747 2725 911 2752 dimidium
934 2724 1085 2750 bonorum
1109 2722 1295 2757 pauperibus
1316 2721 1410 2748 laicis.
1506 2720 1544 2746 18.
1566 2719 1606 2746 E:
1629 2718 1792 2745 sufficiens.

485 2765 526 2790 22³.
550 2762 616 2788 DE:
640 2762 675 2788 de
697 2761 789 2788 deest.
858 2767 903 2793 24.
927 2759 993 2785 DE:
1016 2757 1315 2784 elemosinacionem.
1383 2755 1428 2782 28.
1450 2756 1492 2781 A:
1515 2754 1594 2781 Nam
1616 2761 1693 2780 non:
1715 2752 1753 2779 ib.
1774 2754 1793 2778 Η

486 2798 513 2824 in
537 2804 649 2830 marg:
670 2795 739 2822 Non
762 2794 936 2829 obligantur
957 2792 1172 2820 defraudantes
1193 2791 1319 2818 reddere
1340 2790 1545 2825 quadruplum
1568 2788 1618 2815 sed
1636 2787 1793 2821 simplum.

485 2840 531 2863 20,
552 2830 598 2858 30.
620 2831 662 2858 D:
685 2829 930 2856 defraudacione.
1021 2826 1058 2854 31.
1083 2825 1200 2853 ssCDE:
1223 2826 1323 2852 debita
1418 2825 1595 2850 substracto.
1685 2821 1727 2849 32.
1749 2823 1792 2848 A:

485 2864 652 2893 secundum
683 2872 761 2899 opus
791 2863 958 2890 secundum
988 2870 1082 2891 oms:
1113 2861 1152 2887 ib.
1177 2858 1295 2887 HCDE:
1326 2858 1534 2894 erogacionis:
1564 2857 1603 2884 ib.
1626 2857 1669 2884 A:
1702 2856 1791 2883 Deus.

484 2900 530 2936 34.
554 2901 589 2926 B:
612 2899 807 2927 amissorum.
881 2896 923 2925 35.
945 2897 988 2924 A:
1040 2904 1074 2922 co
1095 2895 1188 2923 deest.
