2017 3353
182 265 232 305 26

246 481 339 509 Form
360 481 395 508 of

243 517 388 551 bapitsm.

200 1073 306 1102 Doubt
326 1073 437 1107 raised,

211 1109 349 1136 whether
368 1109 427 1136 this

196 1151 328 1179 passage
342 1143 447 1171 allows

269 1178 364 1214 lying.

209 1606 329 1643 Wyciif
346 1606 436 1634 holds

184 1642 247 1669 that
261 1650 300 1668 no
313 1649 372 1668 one
386 1649 457 1677 may

251 1684 319 1704 ever
341 1676 388 1704 lie.

760 275 984 307 JOHANNIS
1004 274 1187 306 WYCLIF
1215 275 1470 307 SERMONUM
1553 263 1703 316 [SERMO
1724 270 1775 299 IV-

468 382 576 429 tizat,
623 381 843 418 deridendo
882 391 927 418 ut
970 381 1168 429 graculus,
1215 382 1308 419 licet
1347 394 1391 418 ex
1429 381 1562 418 debito
1607 380 1646 417 in
1679 381 1775 428 bap-

469 440 638 477 tizatum
691 439 1039 477 sacramentaliter
1096 440 1315 487 baptizare.
1379 440 1468 476 Sive
1520 448 1655 476 autem
1708 438 1776 475 fiat

469 498 699 546 baptizacio
724 500 797 534 sub
821 498 899 534 hiis
917 497 1067 534 verbis:
1091 497 1182 548 Ego
1204 506 1240 534 te
1263 499 1413 550 baptizo
1437 499 1471 534 in
1490 498 1638 534 nomine
1650 497 1778 546 patris

470 564 504 593 et
521 557 603 607 filii
623 564 658 593 et
685 557 843 605 spiritus
863 556 997 602 sancti,
1029 555 1110 591 sive
1140 557 1211 592 sub
1236 555 1345 592 istis:
1380 556 1544 608 Baptizo
1577 562 1611 591 te
1643 556 1678 590 in
1712 567 1777 591 no-

469 615 567 651 mine
611 615 755 651 domini
790 615 912 650 nostri
952 614 1042 650 Jesu
1086 612 1246 660 Christi,
1289 614 1369 650 sive
1411 626 1521 650 more
1555 614 1775 649 Grecorum

470 674 542 709 sub
577 672 681 709 istis:
729 672 906 725 Baptiqet
938 680 974 708 te
995 672 1115 716 Deus,
1159 671 1241 708 sive
1276 680 1335 707 ter
1369 671 1438 708 fiat
1467 670 1673 707 immersio
1697 670 1777 706 sive

471 730 606 777 semel,
640 742 721 767 non
744 742 852 778 pono
876 729 970 775 vim,
1005 729 1100 777 quia
1123 728 1219 766 fides
1244 729 1411 765 ecclesie
1434 739 1471 765 et
1493 729 1620 765 virtus
1645 740 1777 764 sacra-

471 788 596 825 menti
637 788 790 825 faciunt
829 786 1105 836 preparatorie
1145 788 1194 823 ad
1233 787 1556 834 baptizacionem
1601 785 1778 822 flaminis

470 856 667 895 quantum
708 847 864 883 debent.
918 847 1033 893 Aqua
1078 854 1212 882 autem
1259 846 1375 882 debet
1415 857 1498 882 esse
1543 856 1668 892 prope
1700 843 1778 880 ele-

471 914 695 941 mentarem
721 916 800 940 non
824 902 1071 940 sensibiliter
1094 903 1326 940 commixta.
1360 905 1441 939 Nec
1466 903 1583 940 refert
1607 902 1779 938 multum

473 963 553 999 sive
586 963 708 998 homo
743 962 958 998 immersus
992 960 1111 998 fuerit
1145 961 1225 997 sive
1249 973 1353 1009 aqua
1386 961 1505 997 fuerit
1537 973 1657 1008 super
1689 972 1779 996 eum

473 1021 618 1065 infusa,
653 1020 749 1068 quia
782 1019 838 1056 sic
872 1018 1052 1067 Baptista
1085 1028 1122 1055 et
1157 1019 1330 1066 apostoli
1364 1018 1634 1067 baptizarunt.

530 1078 645 1115 Circa
677 1079 752 1114 hoc
785 1077 1037 1125 evangelium
1063 1076 1269 1113 dubitatur
1291 1086 1426 1114 utrum
1461 1077 1501 1113 in
1524 1076 1660 1125 aliquo
1685 1088 1779 1112 casu

472 1135 628 1173 licitum
676 1136 725 1172 sit
770 1135 943 1181 mentiri,
989 1144 1025 1171 et
1071 1144 1224 1171 certum
1270 1144 1328 1171 est
1360 1147 1403 1171 ex
1437 1135 1556 1172 dictis
1589 1144 1627 1171 et
1665 1134 1780 1171 factis

474 1204 707 1231 sanctorum
742 1194 851 1242 quod
896 1205 990 1239 non,
1036 1192 1139 1229 sicut
1182 1205 1263 1229 non
1308 1192 1401 1229 licet
1444 1192 1677 1240 blaspheme
1716 1204 1780 1228 ac-

474 1252 606 1300 cipere
639 1251 679 1288 in
713 1251 899 1288 falsitatis
940 1250 1221 1288 testimonium
1255 1251 1478 1288 veritatem.
1543 1253 1585 1287 In
1618 1249 1781 1298 opposi-

474 1320 559 1347 tum
593 1309 782 1346 videntur
814 1309 942 1346 multa
975 1308 1083 1346 dicta
1116 1309 1343 1356 doctorum,
1376 1321 1514 1357 ymmo
1547 1309 1656 1357 quod
1679 1310 1780 1355 Bap-

474 1368 568 1405 tista
610 1368 669 1404 vel
713 1367 901 1404 dominus
948 1367 1008 1415 (ut
1051 1367 1220 1413 videtur)
1269 1379 1311 1404 ex
1355 1368 1430 1403 hoc
1475 1364 1680 1415 evangelio
1724 1375 1782 1402 est

474 1425 679 1462 mentitus.
743 1427 853 1472 Item,
894 1435 1060 1473 propter
1092 1424 1353 1462 devocionem
1399 1435 1468 1462 aut
1508 1424 1780 1461 humilitatem

474 1484 567 1520 licet
600 1483 756 1520 homini
791 1484 838 1519 de
883 1496 923 1519 se
970 1483 1058 1531 ipso
1108 1483 1280 1530 mentiri,
1326 1484 1509 1532 negando
1543 1482 1617 1519 sibi
1655 1482 1782 1519 inesse

472 1541 632 1579 virtutis
666 1541 962 1578 excellenciam.

531 1600 605 1636 Hic
638 1599 796 1636 videtur
828 1599 926 1635 mihi
959 1600 1177 1636 tenendum
1212 1600 1321 1648 quod
1354 1611 1473 1635 nemo
1506 1606 1672 1646 propter
1703 1598 1779 1634 sal-

475 1657 685 1695 vacionem
711 1657 853 1694 mundi
876 1657 935 1693 vel
960 1657 1126 1706 aliquod
1149 1657 1391 1705 assignabile
1416 1657 1665 1694 mentiretur.
1700 1657 1780 1692 Nec

472 1726 589 1752 sonat
614 1715 654 1752 in
673 1715 934 1752 devocionem
952 1715 1011 1752 vel
1029 1715 1302 1752 humilitatem
1327 1714 1488 1751 mentiri
1504 1714 1642 1762 pocius
1661 1726 1781 1762 quam

471 1773 661 1810 fornicari
697 1773 757 1810 vel
800 1773 911 1810 aliud
954 1773 1105 1810 malum
1151 1773 1275 1809 moris
1322 1773 1448 1810 active
1490 1772 1680 1820 perficere
1722 1772 1782 1808 vel

472 1832 638 1880 passive.
683 1833 786 1868 Nam
819 1832 1040 1868 secundum
1086 1831 1358 1880 Augustinurn
1404 1843 1513 1867 omne
1545 1830 1782 1867 mendacium

471 1898 525 1926 est
551 1898 752 1939 peccatum
792 1897 826 1926 et
858 1897 1035 1934 econtra;
1089 1889 1178 1926 ideo
1224 1889 1331 1926 idem
1366 1899 1467 1926 esset
1501 1888 1785 1925 commendare

473 1958 839 1997 quantumcunque
891 1949 974 1984 leve
1019 1947 1276 1984 mendacium
1323 1957 1359 1984 et
1408 1947 1581 1983 exaltare
1627 1956 1783 1994 patrem

474 2006 675 2043 mendacii
709 2005 961 2043 contrarium
995 2005 1168 2052 veritati,
1204 2004 1299 2054 quia
1332 2005 1429 2042 Luc.
1463 2005 1548 2050 ΧΓ),
1585 2005 1650 2051 23,
1685 2003 1784 2041 dicit

472 2064 560 2112 ipsa
594 2063 772 2100 Veritas:
812 2064 890 2107 Qui
923 2076 995 2100 non
1034 2071 1087 2100 est
1124 2075 1269 2099 mecum
1311 2070 1445 2099 contra
1487 2074 1546 2098 me
1577 2069 1642 2098 est.
1692 2062 1784 2098 Ideo

472 2134 591 2158 nemo
644 2121 885 2158 mentiretur
940 2122 985 2157 de
1046 2133 1086 2157 se
1139 2120 1226 2168 ipso
1279 2130 1444 2168 propter
1495 2119 1782 2165 humilitatem,

473 2179 576 2216 sicut
621 2191 692 2215 nec
738 2179 831 2216 fecit
871 2179 1066 2226 Baptista,
1113 2179 1181 2214 sed
1220 2178 1280 2214 vel
1324 2186 1474 2215 taceret
1526 2179 1676 2214 donum
1711 2177 1782 2213 Dei

474 2237 514 2273 in
548 2250 641 2273 casu
671 2249 751 2285 quo
777 2238 957 2273 crederet
991 2236 1123 2284 ipsum
1158 2235 1198 2271 in
1231 2245 1364 2272 mente
1388 2234 1574 2272 extollere
1597 2234 1657 2272 vel
1682 2234 1782 2271 alios

474 2295 746 2331 scandalizare
775 2294 834 2331 vel
869 2294 986 2342 plane
1020 2304 1057 2331 et
1091 2306 1182 2330 cum
1218 2293 1526 2330 modificacione
1559 2292 1702 2329 humili
1736 2293 1783 2329 de

1795 615 1809 647 5

1801 916 1839 937 10

1801 1194 1837 1227 15

1799 1495 1840 1517 20

1800 1776 1840 1809 25

1802 2066 1842 2097 30

474 2365 514 2389 se
553 2353 640 2400 ipso
686 2352 838 2391 diceret
876 2352 1100 2399 veritatem,
1139 2361 1182 2389 ut
1216 2361 1326 2400 puta,
1368 2351 1477 2400 quod
1509 2351 1565 2388 sic
1598 2353 1706 2387 Deus
1741 2363 1785 2387 ex
1801 2357 1839 2390 35

544 2449 563 2468 1.
586 2440 744 2475 graculu53
769 2441 806 2467 cf.
828 2439 1016 2468 Sermonum
1040 2445 1116 2474 part.
1135 2439 1186 2467 IV.
1200 2440 1300 2467 Serm.
1315 2439 1426 2467 XXIV.
1527 2439 1552 2467 3.
1574 2438 1594 2465 Β
1616 2439 1647 2465 in
1669 2446 1784 2472 marga

476 2476 612 2503 Diversis
635 2475 738 2502 verbis
761 2476 838 2502 bene
868 2475 1051 2508 exprimitur
1078 2475 1254 2510 baptismus
1279 2475 1475 2502 sacramenti.
1515 2475 1540 2502 A
1558 2474 1586 2501 in
1604 2481 1708 2507 marg:
1724 2481 1744 2509 1,
1761 2480 1786 2506 2,

473 2510 499 2538 3.
519 2519 549 2542 4.
570 2512 615 2538 A:
643 2510 739 2537 sancti
765 2511 878 2537 Amen.
913 2508 977 2536 ssC:
1005 2510 1061 2536 sub
1088 2511 1154 2536 istis
1180 2510 1293 2537 verbis.
1377 2509 1405 2537 6.
1433 2511 1480 2536 A:
1508 2509 1565 2536 sub
1593 2508 1659 2535 istis
1688 2508 1784 2535 deest.

477 2554 505 2580 7,
527 2545 554 2573 8.
574 2546 620 2573 A:
642 2545 717 2572 fides
737 2544 920 2571 sacramenti
941 2549 968 2570 et
989 2545 1086 2571 virtus
1114 2545 1251 2571 ecclesie.
1360 2552 1398 2571 12.
1419 2546 1464 2571 Ax
1492 2543 1626 2577 apostoli
1655 2548 1684 2570 et
1704 2543 1784 2582 Bap-

475 2581 563 2613 tista;
602 2580 642 2607 ib.
670 2579 701 2606 in
729 2587 846 2614 marg.:
885 2578 1037 2609 Dubium:
1066 2578 1086 2605 Β
1108 2579 1137 2606 in
1166 2587 1282 2613 marg.z
1317 2579 1459 2614 Questio.
1494 2578 1576 2606 Nota
1604 2585 1640 2604 au
1662 2577 1784 2605 mentiri

474 2615 574 2643 liceat.
647 2614 688 2650 16,
705 2621 744 2649 17.
767 2616 794 2641 A
815 2615 844 2640 in
867 2621 981 2648 marg.:
1003 2613 1035 2640 In
1056 2614 1253 2648 oppositum;
1275 2614 1349 2641 ibid.
1371 2614 1454 2640 dicta
1480 2613 1587 2640 multa.
1615 2611 1680 2640 BC:
1703 2611 1785 2638 dicta

474 2655 665 2678 sanctorum.
741 2657 783 2685 19.
806 2648 872 2676 BC:
893 2648 967 2675 Item
989 2648 1092 2678 deest:
1149 2649 1188 2675 ib.
1212 2650 1250 2675 13:
1273 2648 1474 2676 devocionem
1497 2655 1580 2682 ergo.
1653 2654 1696 2681 27.
1714 2645 1783 2673 BC:

476 2689 637 2719 peccatum
658 2688 702 2711 est
723 2683 931 2711 mendacium.
1058 2682 1102 2710 28.
1124 2683 1169 2710 A:
1192 2684 1356 2719 quodlibet
1376 2684 1452 2710 leve.
1578 2689 1624 2717 29,
1644 2681 1691 2709 30.
1713 2681 1783 2708 AB:

476 2719 548 2747 dicit
567 2719 646 2754 ipse.
720 2717 765 2745 30.
787 2717 854 2745 BC:
877 2718 1042 2745 adversum
1064 2726 1123 2745 me.
1210 2717 1253 2745 32.
1274 2719 1320 2746 A:
1344 2725 1398 2745 nec
1419 2725 1475 2745 nec
1495 2716 1579 2744 facit.
1651 2714 1695 2743 32.
1715 2714 1780 2743 BC:

476 2755 521 2782 vel
544 2755 636 2781 deest.
747 2751 791 2780 33.
810 2752 858 2780 A:
879 2752 908 2779 in
931 2756 1046 2779 monte.

551 2836 600 2856 ῐο.
639 2824 690 2856 Cf.
722 2823 927 2865 Trialogum
960 2833 1037 2866 pag.
1073 2822 1149 2855 282.
1247 2823 1298 2856 26.
1338 2822 1522 2865 Augustini
1556 2820 1783 2853 Enchiridion

477 2881 548 2914 cap.
575 2871 693 2911 XVIII,
723 2870 814 2913 Opp.
843 2870 900 2909 VI,
931 2879 1006 2901 202.
