2017 3353
173 286 254 332 254

174 408 287 435 Jiistice
307 406 445 434 includes

225 443 261 469 :iil
282 442 397 469 virtue:

172 692 229 718 and
254 691 279 718 is
305 690 373 728 ose
399 689 446 716 ual

218 734 309 761 scope
329 729 402 751 witi

249 760 376 796 charity.

195 1621 317 1648 lluman
338 1619 444 1654 justice

226 1655 358 1683 consists
379 1654 409 1681 in

220 1691 324 1726 giving
344 1689 423 1716 their

217 1727 274 1753 due
294 1730 324 1752 to
347 1724 427 1754 God.

215 1790 244 1810 to
265 1783 314 1810 the
334 1782 426 1818 good.

197 1906 225 1928 to
246 1901 295 1928 the
316 1899 444 1927 wicked.

189 2192 236 2220 To
253 2191 321 2218 God
337 2199 383 2217 we
397 2198 463 2216 owe

232 2227 346 2253 service
367 2225 425 2252 and

260 2262 390 2288 honour.

712 280 938 314 JOHANNIS
956 278 1140 311 wYch
1160 277 1420 310 SERMONUM
1439 263 1591 321 [SERMO
1607 272 1774 300 xxxvm.

1793 365 1865 397 Fol.

461 391 511 425 do
541 388 544 439 Ι
575 397 635 425 cet
673 387 880 436 quomodo
919 384 1216 434 preclarissima
1248 384 1373 420 virtus
1407 381 1562 419 iusticie
1595 390 1651 417 est
1684 393 1776 429 pur-
1797 422 1858 442 ΓΟ

1820 434 1829 453 Ι

459 448 602 495 ganda,
637 455 673 482 et
707 447 781 481 hoc
805 453 862 481 est
885 442 1153 480 necessarium
1178 440 1453 478 observacioni
1483 440 1578 487 legis
1601 438 1776 480 Domini,

461 518 551 541 cum
585 504 732 540 iusticia
765 503 812 539 sit
846 502 968 538 omnis
1002 501 1124 536 virtus
1157 501 1376 536 secundum
1411 498 1673 546 philosophos
1706 509 1778 532 nec

460 563 544 599 sine
577 562 644 598 illa
677 561 812 609 aliqua
845 560 905 596 lex
938 558 1142 595 meritorie
1175 560 1421 594 observatur.
1446 558 1493 592 Et
1528 564 1637 603 patet
1670 555 1777 602 quod

461 621 501 656 in
533 618 801 668 ampliacione
824 619 885 654 vel
908 615 1190 654 habundancia
1213 615 1367 651 iusticie
1391 627 1511 662 supra
1536 615 1607 649 hos
1629 612 1779 649 scribas
1796 616 1812 647 5

463 688 500 715 θῖ
544 677 751 726 phariseos
803 685 860 712 est
911 674 1118 711 beatitudo
1161 673 1362 710 viancium
1409 671 1622 720 adquisita.
1676 673 1778 706 Nam

462 735 619 773 iusticia
644 744 701 772 est
724 733 877 783 equalis
909 732 1084 769 ambitus
1118 745 1208 768 curn
1235 731 1413 776 caritate,
1444 731 1512 766 sed
1546 728 1632 777 ipsa
1665 729 1781 764 debet

464 795 673 831 extendere
717 805 758 829 se
802 793 852 828 ad
896 803 1048 835 omnes,
1109 791 1214 826 unde
1265 789 1481 837 Apostolus
1533 795 1622 823 orat
1674 786 1782 834 quod

463 853 607 889 caritas
645 858 777 887 nostra
817 850 945 899 magis
975 861 1020 884 ac
1053 848 1180 898 magis
1218 848 1421 893 habundet,
1462 854 1499 882 et
1531 844 1587 881 sic
1625 843 1783 880 iusticia

464 919 601 946 nostra
635 910 751 945 debet
784 908 993 944 extendere
1031 919 1071 942 se
1111 907 1161 942 ad
1200 904 1336 941 omnia
1374 906 1478 941 bona
1512 902 1664 939 mundi.
1705 902 1840 938 Sedio

464 967 593 1005 scribe
626 976 663 1004 et
695 965 869 1014 pharisei
902 964 1027 1001 nostri
1051 977 1131 1000 non
1153 972 1320 1012 possunt
1342 961 1541 998 iusticiam
1575 958 1783 997 terminari

465 1026 539 1062 nisi
572 1025 612 1061 in
644 1024 812 1061 terrenis
843 1032 886 1059 ut
919 1022 1089 1071 pecunia
1111 1022 1172 1058 vel
1193 1020 1473 1066 vendibilibus,
1508 1018 1600 1067 quia
1633 1019 1683 1055 ad
1716 1017 1784 1053 illa

466 1097 605 1121 eorum
654 1082 821 1120 affeccio
866 1080 1124 1125 terminatum
1177 1081 1245 1116 sed
1285 1078 1466 1115 Christus
1512 1077 1578 1125 qui
1624 1074 1783 1112 mentiri

466 1155 546 1178 non
569 1149 701 1190 potest
724 1140 820 1176 dicit
844 1140 951 1188 quod
976 1138 1050 1174 nisi
1075 1137 1233 1174 iusticia
1257 1136 1429 1173 hominis
1459 1136 1547 1184 plus
1578 1134 1784 1171 habunda-

466 1199 578 1246 verit‚
613 1212 693 1235 non
726 1197 931 1234 meritorie
970 1196 1092 1233 intrat
1131 1195 1171 1231 in
1204 1207 1384 1243 regnum.
1426 1193 1586 1230 Iusticia
1619 1191 1782 1241 quidem
1806 1194 1840 1226 15

468 1267 525 1294 est
558 1258 597 1294 in
630 1257 773 1294 effectu
795 1255 970 1292 tribuere
993 1253 1209 1302 unicuique
1233 1254 1341 1302 quod
1365 1253 1507 1288 debeat
1539 1263 1622 1288 esse
1655 1262 1784 1295 suum,

469 1317 577 1365 quod
614 1323 775 1364 oportet
807 1314 988 1350 absolute
1027 1311 1252 1348 necessario
1286 1313 1370 1347 Deo
1413 1318 1654 1357 competere.
1701 1310 1787 1355 lpse

470 1374 575 1411 enim
615 1372 845 1410 eternaliter
883 1373 951 1408 dat
989 1370 1063 1406 sibi
1103 1382 1222 1406 omne
1262 1369 1369 1418 quod
1409 1369 1526 1404 debet
1563 1366 1638 1403 sibi
1678 1378 1786 1402 com-

470 1441 605 1480 petere
653 1440 690 1467 et
734 1438 929 1479 perpetuo
975 1430 1043 1465 dat
1087 1427 1250 1464 cuilibet
1295 1435 1476 1463 creature
1521 1437 1639 1462 omne
1678 1423 1786 1472 quod

471 1488 655 1527 convenit
701 1497 743 1524 ut
788 1487 874 1536 ipsa
920 1488 1077 1523 habeat.
1118 1486 1210 1522 Ideo
1244 1487 1350 1521 Deus
1390 1482 1690 1521 autonomatice
1729 1489 1787 1517 est
1805 1495 1845 1516 20

470 1547 628 1584 iusticia
661 1546 701 1583 in
734 1547 949 1583 abstracto.
976 1544 1161 1590 Quelibet
1189 1552 1322 1580 autem
1358 1551 1540 1579 creatura
1573 1538 1787 1577 racionalis

471 1607 588 1642 debet
628 1603 843 1653 unicuique
882 1603 1056 1639 tribuere
1095 1614 1175 1637 non
1213 1613 1332 1637 omne
1376 1601 1443 1637 sed
1484 1598 1636 1648 aliquid
1680 1597 1788 1645 quod

472 1664 615 1700 debeat
659 1674 743 1699 esse
787 1675 915 1698 suum.
956 1663 1005 1696 Et
1050 1668 1158 1708 patet
1203 1660 1310 1707 quod
1355 1658 1395 1694 in
1438 1658 1564 1694 tribus
1609 1654 1790 1693 consistit

473 1723 649 1758 humana
681 1719 850 1763 iusticia,
885 1719 1037 1755 scilicet
1070 1717 1110 1754 in
1142 1717 1356 1753 tribuendo
1390 1718 1474 1752 Deo
1507 1716 1616 1764 quod
1649 1714 1791 1750 debeat

473 1792 556 1816 esse
600 1792 730 1824 suum,
782 1778 822 1814 in
866 1777 1078 1813 tribuendo
1122 1775 1300 1812 virtuoso
1346 1773 1428 1811 eius
1480 1773 1631 1810 famulo
1685 1771 1791 1820 quod
1810 1774 1847 1806 25

475 1839 618 1874 debeat
665 1849 748 1873 esse
792 1849 907 1872 suum
955 1844 992 1871 et
1036 1833 1076 1870 in
1114 1833 1328 1870 tribuendo
1367 1831 1518 1869 vicioso
1557 1830 1640 1867 eius
1679 1841 1792 1866 servo

475 1908 648 1944 nequam
683 1895 791 1943 quod
826 1895 969 1930 debeat
1003 1904 1085 1929 esse
1119 1905 1248 1928 suurn.

534 1954 678 1999 Quoad
727 1951 903 2000 primum
954 1959 1064 1999 patet
1113 1951 1221 1998 quod
1266 1951 1350 1985 Deo
1395 1949 1562 1984 debetur
1605 1943 1794 1994 operacio

476 2021 513 2048 et
545 2009 873 2047 honoriticencia.
904 2010 1005 2045 Cum
1030 2007 1135 2044 enim
1166 2006 1296 2043 omnis
1326 2015 1509 2043 creatura
1531 2008 1615 2041 Deo
1648 2002 1794 2040 servire

477 2071 632 2115 debeat,
672 2077 782 2116 patet
823 2068 932 2115 quod
969 2065 1101 2103 omnis
1134 2074 1260 2102 status
1300 2064 1508 2100 hominum
1550 2064 1667 2099 debet
1707 2063 1793 2097 Deo
1812 2064 1854 2097 30

477 2127 622 2164 servire
644 2127 839 2163 servando
872 2124 1091 2164 iusticiam:
1130 2123 1220 2159 ideo
1244 2121 1413 2170 precipit
1427 2122 1644 2169 Apostolus
1675 2118 1798 2155 servis

478 2186 579 2234 quod
610 2184 780 2221 serviant
813 2183 976 2219 dominis
1007 2182 1086 2218 suis
1110 2181 1290 2232 fideliter
1321 2188 1515 2228 tamquam
1540 2180 1638 2225 Deo⁷
1673 2186 1709 2213 et
1742 2175 1797 2211 sic

478 2252 563 2279 tota
595 2241 785 2291 operacio
819 2240 993 2277 hominis
1027 2252 1102 2288 que
1137 2240 1253 2275 debet
1284 2250 1367 2274 esse
1400 2236 1608 2273 meritoria
1641 2243 1698 2271 θεῖ
1714 2236 1798 2270 Deo

480 2300 615 2337 debita
653 2309 862 2347 tamquam
904 2297 1069 2334 domino
1110 2295 1286 2344 capitali.
1329 2298 1370 2331 In
1409 2294 1519 2331 omni
1553 2302 1685 2331 autern
1719 2291 1800 2328 vita

479 2357 622 2395 viantis
667 2358 783 2393 debet
828 2356 960 2404 primo
1006 2356 1212 2392 attendere
1257 2353 1352 2401 quid
1391 2353 1492 2389 foret
1532 2350 1798 2388 honorificum
1818 2354 1857 2385 35

481 2419 565 2452 Deo
597 2428 682 2461 suo,
717 2415 917 2459 credendo
941 2414 1049 2462 quod
1078 2412 1153 2449 sibi
1185 2421 1393 2459 tamquam
1422 2410 1586 2447 domino
1619 2407 1799 2445 omnium

481 2482 571 2510 sunt
622 2472 785 2509 honoris
836 2471 1019 2519 primicie
1069 2470 1292 2515 tribuende‚
1346 2481 1436 2505 cum
1488 2467 1618 2505 omnis
1669 2474 1802 2502 creata

554 2615 573 2634 1.
595 2608 639 2634 A:
661 2611 705 2634 est
727 2606 820 2633 deest.
930 2605 953 2633 5.
974 2604 1044 2632 AB:
1067 2604 1279 2639 amplitudine.
1391 2602 1418 2629 6.
1444 2602 1509 2629 BC:
1532 2600 1686 2628 viancium
1707 2600 1800 2626 deest.

484 2650 509 2677 7.
533 2642 597 2669 BC:
629 2642 696 2677 ipsa
726 2641 819 2668 deest.
930 2648 967 2666 12.
992 2640 1028 2666 13:
1063 2639 1190 2674 pecunia
1221 2643 1258 2665 et.
1370 2635 1406 2664 [3.
1438 2637 1503 2664 BC:
1535 2635 1678 2662 Christus
1708 2634 1801 2661 deest.

486 2678 522 2705 15.
544 2678 588 2704 A:
611 2677 638 2703 iii
661 2676 754 2703 deest.
861 2675 898 2704 15,
921 2675 962 2701 m,
986 2675 1022 2701 l’›:
1045 2674 1169 2709 quidam
1192 2678 1246 2700 est.
1349 2674 1386 2699 18.
1409 2673 1436 2698 A
1457 2672 1486 2698 iii
1509 2678 1620 2705 marg:
1638 2668 1733 2708 ‘Quid
1756 2672 1800 2694 est

486 2712 615 2738 iusticia.
699 2719 744 2737 20.
767 2710 806 2736 ss:
828 2709 897 2736 ideo
919 2709 1074 2735 dominiis.
1158 2716 1201 2735 22.
1226 2708 1264 2734 B:
1288 2715 1348 2733 non
1370 2715 1445 2733 esse.
1520 2713 1566 2737 24.
1588 2705 1616 2731 A
1637 2712 1665 2730 in
1688 2711 1800 2736 marga

487 2746 628 2773 Humana
658 2745 778 2772 iusticia
808 2743 948 2771 consistit
978 2743 1006 2769 in
1038 2743 1152 2770 tribus:
1187 2743 1207 2769 l),
1238 2742 1267 2768 in
1299 2749 1411 2775 marga
1448 2740 1569 2766 iusticia
1603 2737 1743 2765 consistit
1773 2737 1801 2763 in

486 2781 594 2807 ivibus.
639 2780 681 2807 25.
704 2780 770 2807 BC:
792 2779 937 2805 virtuose.
982 2785 1025 2812 27.
1049 2777 1114 2803 BC:
1137 2777 1234 2804 debet.
1280 2778 1323 2803 28.
1346 2777 1373 2802 A
1395 2776 1422 2802 iii
1446 2783 1558 2808 marg:
1582 2782 1608 2803 i:
1629 2773 1669 2800 ib.
1686 2771 1801 2799 Codd.:

488 2815 579 2849 Quod
601 2815 650 2842 ad.
723 2813 853 2849 29.13C:
874 2813 954 2839 enim
977 2813 1070 2838 deest.
1143 2811 1186 2846 37.
1209 2813 1252 2838 A:
1274 2811 1376 2838 omnis
1397 2810 1490 2836 deest.

557 2897 587 2929 6.
616 2897 667 2929 Cf.
686 2895 891 2937 Trialogum
920 2905 996 2937 pag.
1029 2894 1100 2925 132.
1175 2904 1207 2937 9.
1236 2892 1323 2925 Phil.
1351 2893 1374 2931 Ι,
1393 2902 1424 2934 ς).
1503 2892 1555 2923 31.
1582 2889 1670 2932 Eph.
1688 2889 1745 2930 VI,
1774 2888 1802 2919 5.
