2017 3353
311 263 447 293 smnio
462 254 586 312 xxm]
819 269 962 300 PRIMA
988 268 1113 301 PARS.

309 373 377 409 illa
415 382 549 409 tamen
589 372 824 410 condicione
863 375 971 422 quod
1009 374 1155 423 peticio
1193 383 1322 411 vestra
1361 374 1411 411 sit
1456 374 1628 411 finaliter

309 432 528 467 secundum
569 431 739 467 formam
782 432 1018 479 predictam,
1071 441 1110 468 ut
1153 433 1341 484 gaudium
1377 440 1546 468 vestrum
1579 433 1627 468 sit

304 490 475 537 plenum,
520 490 626 537 quod
660 490 789 525 solum
824 489 863 525 in
896 490 1142 526 beatitudine
1176 499 1232 527 est
1260 490 1483 539 impletum.
1517 492 1573 526 Ac
1597 490 1628 526 si

309 546 459 582 diceret
512 547 680 582 multum
735 547 973 595 expressius:
1028 549 1148 584 Petite
1186 548 1299 594 iuste,
1355 555 1394 583 ut
1438 548 1626 598 gaudium

276 608 478 640 §vestrum
511 605 559 639 sit
586 605 742 652 plenum
777 613 811 641 et
843 606 1047 655 accipietis.
1102 609 1183 643 Nec
1216 615 1272 642 est
1306 605 1496 654 possibile
1528 605 1628 653 peti-

309 661 464 698 cionem
500 661 726 698 huiusmodi
761 663 1041 711 predestinatis
1075 664 1257 700 deficere.
1292 666 1339 699 Et
1372 663 1427 700 sic
1461 663 1627 711 intelligi

309 721 426 755 debet
458 719 555 755 illud
590 722 601 755 l
634 721 721 756 Joh.
748 723 831 767 1110,
858 732 923 767 21,
950 732 1021 758 22:
1061 722 1262 758 Fiduciam
1296 722 1410 757 talem
1444 722 1629 758 habemus

306 778 358 812 ad
390 778 529 821 Deum,
568 785 603 813 et
634 778 817 827 quidquid
844 780 1077 828 pecierin‘zus
1107 780 1338 829 accipiemus
1369 780 1415 815 ab
1448 792 1503 825 eo,
1536 792 1627 828 quo-

307 835 407 870 niam
454 835 635 871 mandata
681 836 760 872 eius
803 838 1039 874 custodimus
1082 845 1117 874 et
1160 850 1203 874 ea
1249 850 1318 887 que
1361 845 1448 873 sunt
1482 837 1628 886 placita

254 907 292 928 io
306 905 438 929 coram
471 905 513 929 eo
535 893 722 941 facimus.
757 896 991 931 Mandatum
1022 904 1156 932 autem
1192 895 1262 931 Dei
1286 904 1343 932 est
1366 896 1474 943 quod
1497 895 1626 931 solum

306 959 490 998 petamus
536 959 579 986 ut
622 951 813 999 gaudium
853 962 1035 990 nostrum
1075 953 1124 990 sit
1162 954 1324 1002 plenum
1364 953 1424 989 vel
1464 965 1508 989 ea
1551 965 1628 1001 que

308 1008 438 1045 media
470 1017 560 1045 sunt
593 1010 643 1045 ad
676 1008 786 1046 illud.
821 1012 869 1046 Et
902 1020 1011 1060 patet
1045 1013 1153 1060 quod
1186 1012 1315 1048 solum
1350 1012 1399 1047 ad
1432 1010 1626 1059 predesti-

305 1075 420 1102 natos
459 1066 530 1102 iste
569 1079 701 1103 sermo
740 1068 886 1105 Christi
927 1069 1124 1117 dirigitur,
1166 1071 1213 1106 de
1252 1081 1423 1118 quorum
1457 1081 1627 1105 numero

306 1124 558 1172 Evangelista
590 1127 777 1173 sperabat
810 1139 850 1163 se
883 1127 1013 1175 ipsum
1048 1139 1144 1173 esse,
1179 1128 1341 1176 quando
1376 1126 1471 1162 dixit
1502 1128 1624 1163 IJoh.

254 1186 290 1219 15
306 1182 468 1218 ultimo:
503 1183 554 1218 Et
587 1184 654 1219 hec
686 1192 741 1219 est
762 1184 912 1234 fiducia
945 1198 1057 1234 quam
1093 1187 1274 1222 hahemus
1302 1185 1353 1220 aa'
1376 1185 1515 1230 Deum,
1541 1185 1627 1233 quia

306 1241 552 1289 quodcunque
584 1241 818 1290 pecierimus
855 1244 1062 1279 secundum
1103 1244 1336 1280 voluntatem
1377 1243 1456 1279 eius
1499 1243 1629 1278 audiet

306 1311 385 1343 nos,
415 1307 450 1335 et
472 1299 613 1335 scimus
644 1300 730 1347 quia
763 1301 870 1336 audit
902 1313 970 1337 nos
1001 1302 1185 1350 quidquid
1210 1300 1453 1350 pecierimus.
1479 1301 1629 1336 Scimus

306 1357 482 1405 quoniam
522 1357 704 1393 habemus
736 1358 945 1407 peticiones
981 1372 1075 1408 quas
1107 1359 1352 1409 postulamus
1392 1359 1438 1393 ab
1476 1370 1529 1394 eo.
1573 1360 1628 1394 Ex

308 1414 390 1450 istis
435 1423 543 1462 patet
587 1427 710 1462 quare
750 1416 969 1464 peticiones
1009 1430 1106 1466 quas
1152 1416 1276 1465 aliqui
1322 1419 1406 1452 Deo
1452 1416 1627 1463 dirigunt

250 1486 291 1507 20
306 1481 396 1508 sunt
429 1481 588 1520 negate;
621 1473 782 1521 presciti
815 1487 989 1523 namque
1023 1488 1112 1512 cum
1146 1474 1223 1511 sint
1256 1473 1391 1510 iniusti
1425 1474 1627 1517 continue,

305 1543 386 1566 non
410 1530 626 1578 impetrant
650 1531 937 1569 beatitudinem
958 1546 1085 1579 suam,
1110 1532 1204 1582 quia
1228 1532 1361 1569 deficit
1384 1531 1460 1568 illis
1484 1534 1627 1568 modus

306 1588 580 1636 predestinati,
627 1598 664 1625 et
710 1602 800 1626 cum
845 1603 937 1639 sepe
988 1600 1122 1628 errant
1166 1591 1206 1626 in
1252 1589 1406 1635 mediis,
1452 1591 1626 1638 petendo

307 1648 414 1694 quod
455 1646 509 1683 eis
548 1659 628 1682 non
668 1647 837 1696 expedit,
877 1650 938 1685 vel
970 1651 1144 1697 petendo
1177 1661 1251 1697 pro
1285 1648 1372 1685 aliis
1405 1649 1513 1696 quod
1546 1661 1626 1684 non

307 1713 364 1740 est
408 1704 555 1741 iustum
601 1704 774 1753 impleri,
823 1706 863 1742 in
915 1707 995 1743 suis
1045 1706 1313 1756 peticionibus
1358 1707 1624 1754 repelluntur:

250 1767 288 1799 25
307 1763 445 1798 beatus
490 1771 625 1799 tamen
670 1764 921 1811 Evangelista
965 1765 1036 1801 fuit
1081 1773 1211 1801 certus
1256 1763 1351 1813 quid
1396 1772 1548 1812 peteret
1589 1772 1627 1800 et

307 1822 526 1868 quomodo.
581 1823 669 1856 Non
702 1821 806 1857 enim
840 1823 979 1870 petivit
1012 1836 1034 1859 a
1066 1825 1150 1859 Deo
1183 1821 1424 1870 temporalia
1455 1823 1515 1858 vel
1548 1821 1626 1858 alia

216 1859 384 1937 15⁰3¹gque
422 1879 580 1914 fuerunt
620 1878 857 1916 beatitudini
890 1893 958 1917 sue
987 1880 990 1932 Ι
1020 1879 1339 1929 impertinencia.
1394 1879 1497 1916 Dicit
1531 1892 1626 1927 ergo

307 1936 574 1983 evangelium:
615 1937 735 1973 Petite
772 1945 807 1974 et
844 1939 1036 1988 accipietis
1077 1938 1253 1987 graciam
1293 1937 1332 1974 in
1366 1937 1552 1985 presenti,
1587 1945 1627 1973 ut

304 1995 492 2044 gaudium
527 2002 696 2031 vestrum
734 1996 783 2031 sit
810 1997 966 2045 plenum
1007 1996 1047 2033 in
1079 1997 1212 2032 futura
1245 1995 1504 2032 beatitudine.
1539 1997 1626 2031 Hoc

249 2057 291 2089 30
307 2052 412 2088 enim
447 2053 563 2089 debet
596 2052 835 2090 christianus
868 2054 1143 2103 principaliter
1176 2063 1311 2102 petere
1346 2062 1383 2090 et
1416 2066 1496 2089 non
1526 2062 1626 2089 tem-

306 2109 462 2158 poralia
494 2111 554 2147 vel
586 2110 817 2148 vindictam.

364 2169 493 2205 Causa
525 2178 658 2205 autem
693 2170 822 2206 future
854 2169 1139 2207 familiaritatis
1171 2179 1208 2206 et
1241 2169 1424 2206 amicicie
1465 2177 1626 2217 aposto-

306 2226 435 2262 lorum
470 2239 559 2263 curn
595 2227 754 2263 Christo
789 2227 860 2264 fuit
884 2242 999 2265 amor
1022 2237 1059 2265 et
1082 2227 1231 2264 noticia
1255 2241 1373 2276 quam
1401 2228 1625 2263 habuerunt

306 2294 395 2332 post
440 2284 732 2328 ascencionem,
779 2295 815 2322 et
861 2299 950 2322 cun]
997 2286 1064 2322 illa
1109 2299 1229 2322 causa
1274 2294 1438 2334 perante
1487 2284 1622 2330 defuit,

249 2347 290 2380 35
307 2351 415 2389 patet
448 2343 556 2379 racio
598 2356 721 2391 quare
763 2353 928 2391 perante
967 2344 1022 2380 sic
1055 2345 1224 2380 obscure
1256 2344 1291 2379 in
1319 2343 1540 2393 proverbiis
1571 2350 1625 2379 est

307 2401 495 2448 loquutus.
536 2402 613 2436 Sed
646 2402 743 2437 venit
776 2402 887 2447 hora,
920 2415 1005 2438 cum
1039 2401 1117 2438 iam
1154 2410 1244 2450 post
1276 2401 1553 2438 ascencionem
1588 2409 1625 2436 et

307 2458 478 2505 Spiritus
511 2459 645 2495 Sancti
681 2459 910 2496 missionem
945 2473 1017 2496 non
1051 2460 1087 2495 in
1116 2460 1337 2509 proverbiis
1369 2459 1538 2508 loquitur
1569 2458 1624 2494 sic

307 2517 488 2552 obscure.
522 2518 608 2553 Mos
642 2517 747 2553 enirn
781 2526 839 2554 est
871 2517 1068 2566 scripture
1100 2526 1266 2566 propter
1297 2516 1475 2554 veritatis
1509 2516 1625 2552 certi-

375 2660 404 2684 4.
425 2651 470 2677 A:
492 2650 606 2677 multis.
672 2651 700 2678 6.
722 2651 788 2678 BC:
810 2651 1020 2686 predestinati.
1085 2659 1111 2686 7.
1132 2652 1176 2678 A:
1198 2651 1347 2678 habemus
1368 2655 1422 2678 etc.
1487 2657 1524 2678 12.
1545 2650 1623 2688 Arm

308 2693 422 2718 marcu:
443 2685 523 2712 Nota
538 2693 646 2712 omnes
662 2686 859 2720 predestinati
875 2690 904 2713 et
918 2687 1017 2713 solum
1039 2685 1082 2713 illi
1103 2686 1153 2720 qni
1178 2690 1283 2721 petunt
1303 2685 1448 2720 quicquid
1470 2688 1625 2712 oraverlnt

307 2721 336 2746 in
359 2720 483 2746 nomine
502 2720 583 2746 Jesu.
670 2729 710 2754 ¹4-
735 2720 799 2747 BC.-
823 2720 1059 2755 Evangelistam.
1148 2721 1185 2748 15.
1207 2722 1251 2748 A:
1272 2725 1318 2747 est
1340 2721 1433 2747 deest.
1520 2727 1557 2753 17.
1580 2720 1623 2745 A:

307 2755 389 2790 quod
411 2755 505 2781 audit.
581 2763 619 2790 ¹7·
642 2755 681 2783 13.
704 2756 748 2782 A:
769 2755 893 2783 Scimus
913 2756 995 2790 quod
1018 2755 1199 2782 babebimus
1221 2756 1314 2790 quod.
1389 2757 1428 2784 ιδ’,
1452 2762 1492 2789 19-
1514 2755 1557 2780 A:
1580 2753 1623 2779 Ex

309 2790 366 2816 biis
388 2794 499 2816 autem,
558 2798 597 2824 19.
622 2789 686 2817 BC:
709 2789 876 2824 peticiones
897 2790 1074 2819 hominum:
1103 2790 1142 2817 ib.
1167 2790 1231 2817 BC:
1253 2790 1344 2824 aliqui
1367 2790 1468 2826 deest..
1516 2796 1561 2826 29.
1585 2788 1622 2814 B:

309 2824 506 2858 predestinati
537 2832 606 2850 nam
634 2833 685 2852 uc:
716 2825 756 2851 ib,
777 2825 821 2851 A:
852 2832 921 2851 cum
951 2829 1032 2851 sunt.
1140 2832 1179 2852 21.
1199 2826 1244 2851 A:
1275 2825 1371 2851 eciam
1395 2823 1622 2849 beatitudinem.

308 2866 350 2919 312.
371 2859 416 2885 A
437 2863 531 2885 erant.
611 2833 658 2886 ⁴33.
682 2859 747 2886 BC:
769 2859 947 2885 habuerant.
1038 2858 1085 2888 36.
1105 2860 1150 2887 A:
1171 2867 1240 2886 cum
1262 2864 1334 2885 tam.
1425 2856 1469 2885 38.
1490 2858 1534 2884 A:
1556 2857 1624 2883 Mos

330 2901 436 2920 Omlnl.

1447 2939 1484 2971 13

1842 261 1912 308 193

1701 1365 1786 1402 Why
1807 1367 1857 1394 the

1643 1401 1789 1436 petitions
1813 1402 1848 1428 of
1867 1401 1917 1428 the

1690 1436 1872 1463 soreknown

1642 1478 1692 1497 arc
1711 1476 1762 1497 not
1777 1472 1904 1505 granted

1657 2176 1745 2203 After
1765 2176 1897 2203 Clirist's

1661 2211 1821 2238 ascensiou
1843 2212 1891 2238 the

1670 2246 1804 2280 apostlcs
1825 2246 1883 2272 bad

1661 2288 1727 2307 new
1747 2281 1814 2307 love
1834 2282 1892 2307 and

1684 2315 1872 2349 knowledge.
