2017 3353
222 314 272 349 66

222 492 316 520 Their
339 492 493 526 buildings

220 528 304 554 sltew
334 528 394 554 that
424 528 494 563 they

222 563 280 597 beg
306 570 394 590 more
419 562 492 589 thau

234 605 317 625 mere
338 604 483 624 necessa-

319 633 388 659 ries.

226 1593 308 1622 Luke
320 1593 405 1628 gives
417 1596 499 1619 most

255 1631 363 1656 details
385 1635 418 1654 as
441 1632 472 1653 to

226 1663 361 1691 Clitist's
393 1661 498 1697 youth.

793 319 1019 352 JOHANNJS
1044 318 1228 351 wvcttr
1254 317 1510 350 SERMONUM
1599 303 1751 361 [SERMO
1776 313 1814 341 x.

509 425 663 462 dicacio
696 425 943 473 prohibetur,
990 436 1124 460 revera
1170 436 1307 459 eorum
1347 431 1583 470 sumptuosa
1616 431 1653 458 et
1685 434 1820 469 super-

508 484 589 520 flua
633 483 840 520 edificacio
886 492 923 520 et
955 482 1116 519 notoria
1148 482 1315 517 fratrum
1349 494 1515 517 suorum
1564 480 1602 516 in
1647 489 1821 516 extraor-

509 541 674 578 dinariis
728 540 909 588 expensis
954 539 1217 587 consumpcio
1267 551 1357 575 cum
1404 538 1705 574 mendicacione
1752 550 1823 573 sua

508 608 668 647 patente
701 600 750 635 ad
783 599 944 635 oculum
979 598 1087 646 ipsos
1120 598 1327 644 dampnat.
1391 598 1491 632 Cum
1540 596 1644 632 enim
1679 596 1824 631 debent

508 658 654 694 habere
699 656 882 693 striccius
923 669 1042 704 quam
1088 655 1270 702 vulgares
1303 653 1441 690 omnia
1474 653 1513 690 in
1547 653 1752 690 communi
1785 659 1855 691 et5

509 727 553 751 ex
583 714 811 751 valetudine
844 713 1024 762 corporis
1057 712 1284 749 sufficerent
1317 724 1406 748 cum
1451 711 1645 748 laboricio
1680 711 1754 747 sibi
1787 719 1824 746 et

509 772 749 809 naturaliter
781 771 1086 820 impotentibus,
1120 778 1229 819 patet
1262 770 1370 817 quod
1404 782 1476 817 pro
1515 781 1556 805 se
1600 778 1637 805 et
1676 768 1822 805 talibus

509 830 698 867 fratribus
744 829 1012 877 corporaliter
1055 829 1286 865 laborarent
1332 835 1370 863 et
1416 827 1583 863 omnino
1631 838 1822 874 expensas

509 888 733 936 superfluas
779 900 824 924 ac
871 887 1146 936 possessiones
1191 897 1308 922 avare
1352 894 1527 921 servatas
1561 884 1820 930 dimitterent,

508 955 550 982 ut
582 946 718 999 libros⁷
753 945 897 982 calices
931 958 976 983 ac
1009 944 1267 982 basilicarum
1298 943 1451 991 lapides
1477 956 1566 979 cum
1592 942 1680 979 aliis
1704 942 1881 980 bonisio

509 1016 733 1052 pauperum
769 1004 911 1051 pocius
944 1004 1175 1049 venderent,
1210 1010 1425 1049 antequam
1460 1014 1482 1038 a
1521 1000 1708 1037 fratribus
1742 999 1822 1036 suis

508 1071 664 1098 tantum
705 1061 910 1110 egentibus
944 1062 1077 1098 taliter
1109 1060 1398 1097 mendicarent.
1461 1061 1509 1095 Et
1554 1067 1663 1106 patet
1702 1070 1822 1105 quam

510 1120 792 1156 intricabiliter
844 1119 1100 1156 mendicatur
1156 1119 1231 1154 ista
1277 1117 1501 1164 descripcio
1545 1118 1592 1152 de
1632 1115 1824 1164 religione

512 1178 668 1225 privata
716 1187 753 1214 et
798 1178 1027 1226 specialiter
1065 1176 1272 1224 quomodo
1307 1175 1503 1222 scripture
1538 1186 1649 1210 sacre
1684 1186 1824 1210 secun-

512 1237 607 1271 dum
642 1248 683 1272 se
716 1244 841 1272 totam
877 1245 935 1272 est
980 1247 1171 1280 consona,
1217 1242 1260 1269 ut
1304 1242 1412 1281 patet
1455 1232 1635 1269 noscenti
1681 1233 1881 1270 harum15

517 1293 755 1341 religionum
791 1293 1077 1330 observancias
1111 1291 1359 1340 singillatim.

1030 1430 1228 1471 SERMO
1262 1430 1312 1470 X.

587 1525 682 1564 Cum
705 1528 844 1576 factus
867 1533 922 1562 est
943 1526 1054 1562 Jesus
1075 1537 1263 1562 annorum
1291 1524 1502 1561 duodecim.
1528 1524 1633 1558 Luce
1657 1523 1723 1568 II0,
1757 1532 1825 1571 42.

575 1586 743 1621 Constat
777 1585 884 1632 quod
919 1584 1047 1620 Lucas
1093 1596 1135 1619 ex
1180 1582 1471 1618 informacione
1498 1580 1609 1617 Pauli
1644 1589 1681 1615 et
1713 1581 1826 1616 beate

516 1643 680 1691 virginis
724 1651 838 1679 notat
883 1641 1104 1690 expressius
1149 1653 1225 1688 que
1277 1640 1459 1676 Christus
1504 1638 1595 1675 fecit
1639 1638 1677 1673 in
1711 1638 1825 1673 annis
1842 1654 1885 1676 20

515 1701 754 1749 puerilibus3
788 1713 886 1744 cum,
922 1699 1066 1747 inquit,
1093 1701 1231 1748 factus
1265 1706 1360 1734 esset
1394 1709 1581 1734 annorum
1615 1696 1827 1739 duodecim,

516 1759 598 1795 ibat
628 1759 666 1794 in
701 1759 856 1795 Pascha
891 1759 940 1794 ad
962 1757 1180 1794 Jerusalem
1207 1769 1296 1792 cum
1331 1755 1412 1792 suis
1447 1754 1692 1803 parentibus.
1725 1755 1825 1790 Nam

516 1829 654 1853 omnes
676 1816 790 1852 Judei
816 1815 984 1852 masculi
1008 1816 1207 1851 debebant
1228 1814 1389 1850 visitare
1403 1812 1622 1849 Jerusalem
1648 1812 1687 1848 in
1703 1811 1829 1847 tribus

516 1875 624 1911 festis
670 1878 726 1920 (ut
770 1882 878 1921 patet
925 1873 1048 1910 Exodi
1080 1874 1213 1919 XXIII,
1254 1875 1329 1919 17),
1362 1872 1431 1908 sed
1476 1883 1565 1907 cum
1612 1869 1775 1906 remotis
1807 1881 1829 1905 a

516 1932 751 1983 Jerusalem,
785 1941 828 1968 ut
852 1931 1029 1977 Galileis‚
1065 1931 1342 1978 dispensatum
1376 1938 1435 1966 est
1468 1941 1557 1965 cum
1593 1927 1828 1964 visitacione
1846 1935 1884 1966 25

517 1990 635 2027 unica
669 1990 732 2026 die
765 1991 931 2029 Pasche.
993 1990 1105 2026 Jesus
1151 1997 1284 2025 autem
1320 2000 1363 2024 ex
1395 1986 1658 2023 ordinacione
1691 1993 1826 2021 eterna

519 2047 714 2084 remansit
759 2047 799 2085 in
832 2047 1051 2084 Jerusalem
1098 2054 1188 2094 post
1232 2056 1391 2093 tempus
1437 2043 1731 2092 solempnitatis
1777 2043 1826 2079 ad

518 2106 832 2142 doctrinandum
879 2103 1161 2152 exemplariter
1204 2116 1272 2139 sue
1317 2103 1483 2139 ecclesie
1529 2111 1567 2138 et
1599 2099 1828 2149 specialiter

518 2164 613 2200 viris
658 2162 907 2211 apostolicis,
962 2171 1003 2198 ut
1060 2161 1260 2209 episcopis
1307 2169 1344 2197 et
1391 2160 1566 2208 prelatis,
1621 2158 1827 2206 quomodo

519 2230 610 2269 post
662 2221 814 2257 cultum
863 2222 946 2256 Deo
992 2218 1200 2267 proprium
1246 2218 1374 2255 zelum
1430 2227 1468 2254 et
1511 2216 1825 2265 occupacionem
1844 2223 1885 2255 30

519 2278 797 2327 principaliter
840 2279 986 2314 habere
1032 2278 1203 2313 debeant
1247 2277 1352 2313 circa
1397 2275 1606 2323 spirituale
1650 2273 1828 2322 regimen

520 2336 686 2373 ecclesie
720 2336 757 2372 in
792 2335 873 2372 suis
907 2335 1165 2381 doctoribus3
1213 2334 1269 2370 sic
1315 2333 1420 2370 enim
1467 2333 1687 2370 ascendens
1719 2333 1828 2367 Jeru-

520 2395 644 2431 salem
675 2406 795 2441 super
817 2394 997 2430 iumenta
1019 2402 1062 2429 ut
1089 2393 1278 2429 dominus
1302 2397 1359 2438 (ut
1381 2400 1543 2427 notatur
1566 2391 1706 2427 Matth.
1730 2390 1827 2433 XXI)

520 2453 654 2489 statim
690 2452 890 2499 ingressus
915 2460 973 2487 est
995 2451 1190 2498 templum
1227 2459 1264 2486 et
1297 2449 1527 2498 expurgavit
1551 2447 1720 2485 crimina
1753 2458 1829 2494 que

520 2523 562 2547 ex
596 2510 851 2546 sacerdotum
887 2509 1061 2545 avaricia
1094 2517 1181 2545 orta
1223 2508 1379 2544 fuerant
1423 2507 1642 2544 secundum
1689 2512 1884 2552 poten-35

520 2568 622 2604 eiam
659 2567 924 2615 corporalem.
974 2569 1022 2603 Et
1055 2566 1108 2602 ita
1143 2566 1292 2614 incepit
1324 2565 1397 2602 iste
1431 2564 1621 2613 magister
1652 2562 1829 2610 optimus

593 2698 614 2717 t.
635 2691 680 2717 A:
702 2697 818 2717 revere.
910 2698 939 2723 4.
962 2690 1004 2716 A:
1027 2688 1124 2716 debet.
1216 2696 1241 2723 7.
1264 2690 1308 2715 A:
1330 2695 1384 2720 per
1405 2696 1447 2714 se.
1548 2694 1590 2719 14.
1610 2686 1654 2713 A:
1677 2686 1828 2720 scripture

528 2726 614 2753 sacie.
708 2724 744 2752 15.
767 2725 811 2752 A:
834 2728 917 2759 patet
938 2724 1072 2755 notanti;
1094 2723 1132 2749 Bt
1155 2728 1235 2758 patet
1256 2722 1450 2750 nominatim.
1530 2722 1570 2747 16.
1593 2719 1632 2747 C:
1654 2720 1827 2754 sigillatim3

525 2762 564 2787 B:
586 2760 765 2794 singillatim
787 2764 842 2786 etc.
969 2765 1006 2785 ει.
1029 2758 1146 2785 Codd.:
1168 2758 1307 2793 inquam.
1416 2755 1457 2782 23.
1479 2757 1523 2783 A:
1545 2755 1632 2783 Judei
1654 2755 1682 2781 in
1705 2762 1827 2786 ascum;

523 2796 564 2822 ib.
591 2794 657 2823 BC:
676 2793 848 2821 Jerusalem
871 2792 965 2820 deest.
1056 2794 1101 2819 28.
1123 2792 1164 2819 C:
1187 2793 1371 2820 doctrinam.
1463 2789 1500 2817 31.
1523 2791 1566 2817 A:
1597 2790 1710 2816 habere
1732 2789 1828 2815 deest.

521 2829 564 2856 32.
585 2831 612 2857 Α
636 2828 725 2857 Sicut
746 2827 929 2855 ascendens.
1003 2825 1048 2854 36.
1070 2828 1115 2854 A:
1134 2828 1252 2862 incipit.

597 2934 644 2966 ¹7·
671 2923 723 2955 Cf.
750 2922 910 2965 Wyclif’s
931 2923 1097 2954 Sermons
1118 2922 1139 2961 Ι,
1158 2920 1305 2953 83—86.
