2057 3353
225 293 255 323 II
956 286 1217 319 CONTENTS.

261 383 392 411 Sermon
1870 370 1948 405 Page

800 415 965 447 Second
995 415 1167 456 Sunday
1194 414 1230 444 in
1262 414 1377 444 Lent.

319 466 409 498 XIX.
437 465 606 508 Egressus
632 464 734 496 Jesus
760 462 903 494 secessit
928 462 960 494 in
989 467 1102 504 partes
1128 459 1224 503 Tyri.
1250 458 1372 491 Matth.
1399 458 1474 497 XV,
1502 467 1536 489 21
1603 480 1610 487 .
1649 480 1656 487 .
1697 481 1702 487 .
1741 479 1749 486 .
1788 479 1795 486 .
1892 452 1952 485 128

818 520 953 552 Third
982 519 1155 561 Sunday
1181 518 1221 550 in
1248 519 1366 549 Lent.

329 571 404 602 XX.
433 571 513 602 Erat
537 569 638 602 Jesus
665 567 793 600 eiciens
821 565 1037 599 demonium.
1065 566 1158 597 Luce
1185 565 1261 604 XII,
1287 575 1324 604 ¹4
1367 582 1839 595 ...........
1891 557 1951 589 133

805 624 970 657 Fourth
999 624 1172 665 Sunday
1199 622 1241 654 in
1267 623 1386 653 Lent.

310 675 398 706 XXI.
424 673 518 706 Abiit
543 673 645 705 Jesus
671 680 765 705 trans
791 681 887 704 mare
914 670 1057 703 Galilee.
1084 670 1162 702 Joh.
1182 669 1238 709 VI,
1264 679 1270 700 1
1323 687 1841 698 ............
1893 673 1952 703 ¹40

827 729 943 761 Fifth
972 729 1145 770 Sunday
1171 726 1211 758 in
1238 727 1355 757 Lent.

304 779 409 811 XXII.
437 777 582 810 Dicebat
607 778 708 810 Jesus
735 776 844 808 turbis
872 776 1076 808 Judeorum.
1103 773 1180 806 joh.
1202 772 1293 811 VIII,
1319 781 1373 812 42,
1401 769 1445 811 46
1466 790 1844 801 .........
1895 765 1955 807 146

933 833 1045 864 Palm
1068 831 1252 873 Sunday.

286 884 407 917 XXIII.
435 883 549 915 Altera
576 888 691 914 autem
720 881 774 913 die
801 890 869 924 que
896 887 948 912 est
974 886 1053 922 post
1081 879 1310 910 Parasceuen.
1339 874 1460 906 Matth.
1488 873 1630 913 XXVII,
1656 872 1697 904 62
1743 894 1751 903 .
1790 896 1796 902 .
1836 896 1842 902 .
1893 869 1956 912 ¹54

284 989 410 1021 XXIV.
437 987 543 1020 Maria
570 987 776 1030 MagdaIene
803 992 835 1017 et
863 937 1112 1016 Marizizjljctoebri
1136 937 1370 1014 lgagalornee.
1398 979 1503 1012 Marci
1533 980 1592 1011 uit.
1620 990 1628 1010 1
1695 1003 1702 1010 .
1741 1002 1748 1009 .
1787 1001 1794 1008 .
1833 1001 1840 1008 .
1890 974 1951 1008 160

770 1044 887 1075 First
913 1042 1089 1084 Sunday
1115 1040 1228 1073 after
1254 1040 1416 1071 Easter.

308 1092 414 1126 XXV.
442 1092 530 1124 Cum
559 1098 650 1123 esset
677 1101 754 1123 sero
781 1090 835 1122 die
863 1099 941 1121 una.
967 1088 1047 1121 Joh.
1072 1088 1145 1128 XX,
1169 1098 1207 1131 19
1241 1105 1848 1117 ..............
1896 1079 1958 1112 166

748 1147 914 1179 Second
942 1146 1117 1188 Sunday
1145 1144 1256 1177 after
1282 1144 1446 1176 Easter.

285 1197 411 1229 XXVI.
438 1197 514 1239 Ego
542 1206 619 1228 sum
648 1202 768 1238 pastor
794 1194 921 1226 bonus.
947 1193 1024 1226 Joh.
1053 1193 1095 1233 X,
1120 1203 1152 1225 11
1195 1211 1847 1222 ...............
1897 1195 1957 1228 ¹7²

767 1251 902 1283 Third
930 1251 1101 1293 Sunday
1129 1249 1240 1281 after
1267 1249 1428 1280 Easter.

275 1301 415 1333 XXVII.
444 1300 619 1332 Modicum
649 1307 681 1331 et
708 1309 777 1330 non
805 1298 965 1330 videbitis
993 1307 1060 1329 me.
1086 1295 1164 1329 Joh.
1192 1296 1282 1336 XVI,
1306 1294 1344 1326 16
1379 1314 1849 1325 ...........
1898 1299 1958 1332 179

753 1355 917 1388 Fourth
946 1355 1121 1397 Sunday
1149 1353 1261 1386 after
1288 1353 1446 1385 Easter.

269 1406 424 1438 XXVIII.
450 1405 550 1437 Vado
577 1405 618 1436 ad
646 1414 726 1436 euni
755 1403 813 1446 qui
841 1403 934 1434 rniSit
961 1412 1027 1433 me.
1052 1401 1133 1433 Joh.
1161 1400 1254 1440 XVI,
1283 1400 1298 1432 5
1335 1417 1849 1430 ............
1900 1392 1958 1426 185

780 1460 894 1493 Fifth
924 1460 1095 1502 Sunday
1122 1459 1235 1491 after
1262 1458 1423 1490 Easter.

290 1510 411 1541 XXIX.
439 1510 566 1550 Amen,
592 1510 716 1549 Arnen,
743 1508 820 1539 dico
848 1507 958 1545 vobis,
986 1507 1014 1538 si
1042 1507 1125 1549 quid
1154 1505 1336 1549 pecieritis.
1362 1503 1440 1536 Joh.
1468 1501 1559 1543 XVI,
1588 1502 1627 1534 23
1658 1524 1849 1531 .....
1900 1509 1959 1542 ¹92

780 1564 898 1597 Sixth
927 1565 1100 1607 Sunday
1127 1563 1237 1596 after
1263 1563 1424 1595 Easter.

310 1614 417 1645 XXX.
445 1614 535 1644 Cum
563 1612 693 1644 venerit
720 1612 920 1644 Paraclitus.
948 1611 1027 1643 Joh.
1055 1611 1130 1651 XV,
1159 1609 1200 1642 26
1244 1628 1851 1641 ..............
1901 1613 1962 1647 199

938 1669 1053 1701 Whit
1079 1669 1262 1711 Sunday.
1973 1697 1977 1701 .

298 1717 422 1749 XXXI.
450 1716 484 1748 Si
511 1716 590 1759 quis
617 1716 728 1759 diligit
753 1726 820 1747 me.
846 1715 923 1748 Joh.
951 1717 1042 1755 XIV,
1071 1715 1110 1747 23
1151 1732 1849 1748 ................
1896 1717 1961 1750 207

912 1773 1084 1816 Trinity
1111 1773 1293 1815 Sunday.

282 1822 420 1854 XXXII.
448 1821 530 1853 Erat
555 1820 666 1852 homo
694 1830 733 1852 ex
760 1819 946 1853 Phariseis.
972 1820 1050 1852 Joh.
1078 1821 1133 1861 III,
1156 1831 1166 1852 1
1192 1837 1848 1853 ...............
1896 1812 1957 1844 215

766 1879 878 1911 First
904 1879 1078 1921 Sunday
1105 1877 1216 1910 after
1242 1876 1432 1919 Trinity.

269 1927 425 1958 XXXIII.
455 1927 572 1958 Homo
599 1925 743 1968 quidam
771 1933 843 1957 erat
869 1926 977 1957 dives.
1003 1926 1097 1956 Luce
1123 1924 1214 1963 XVI,
1239 1934 1277 1967 ¹9
1336 1940 1852 1954 ............
1897 1915 1960 1947 223

743 1984 908 2016 Second
937 1984 1107 2026 Sunday
1135 1983 1243 2015 after
1269 1980 1453 2022 Trinity.

268 2030 427 2062 XXXIV.
454 2030 571 2062 Homo
597 2030 742 2074 quidam
770 2030 849 2062 fecit
875 2041 995 2063 cenam
1025 2039 1199 2071 magnam.
1227 2029 1321 2060 Luce
1348 2027 1438 2067 XIV,
1472 2025 1510 2057 16
1567 2045 1850 2055 .......
1898 2019 1961 2053 228

761 2088 894 2120 Third
923 2088 1099 2130 Sunday
1125 2087 1235 2119 after
1260 2085 1445 2127 Trinity.

284 2135 428 2169 XXXV.
455 2136 560 2167 Erant
585 2133 910 2178 appropinquantes
937 2133 1124 2177 publicani.
1151 2134 1246 2165 Luce
1273 2133 1347 2171 XV,
1378 2142 1387 2163 1
1429 2150 1851 2162 ..........
1899 2123 1961 2156 235

744 2191 906 2223 Fourth
934 2192 1015 2223 Sun
1031 2191 1108 2233 day
1137 2190 1248 2222 after
1273 2188 1457 2230 Trinity.

270 2239 427 2271 XXXVI.
455 2239 574 2271 Estote
603 2249 686 2281 ergo
712 2237 966 2270 misericordes.
992 2238 1089 2269 Luce
1115 2236 1171 2276 VI,
1201 2235 1242 2268 36
1293 2253 1854 2267 .............
1901 2238 1965 2270 240

768 2295 882 2328 Fifth
911 2296 1085 2338 Sunday
1112 2295 1221 2327 after
1247 2293 1431 2335 Trinity.

252 2344 427 2376 XXXVII.
454 2344 542 2375 Cum
569 2343 668 2375 turbe
696 2343 864 2375 irruerent
891 2343 924 2374 in
950 2343 1082 2374 Jesum.
1109 2342 1202 2373 Luce
1228 2341 1269 2380 V,
1302 2351 1309 2372 1
1336 2358 1851 2372 ............
1898 2331 1963 2374 246

771 2399 890 2432 Sixth
918 2400 1089 2442 Sunday
1116 2399 1225 2431 after
1251 2395 1434 2439 Trinity.

239 2448 431 2480 XXXVIII.
459 2447 531 2480 Nisi
558 2446 813 2489 habundaverit
831 2447 964 2479 iusticia
982 2453 1096 2478 vestra
1115 2446 1194 2488 plus
1214 2455 1319 2488 quam
1339 2443 1530 2476 scribarum
1550 2448 1584 2474 et
1601 2440 1854 2485 phariseorum.

516 2494 639 2526 Matth.
659 2493 700 2534 V,
729 2503 771 2525 20
831 2508 1855 2525 .......................
1901 2481 1964 2515 252

738 2550 926 2583 Seventh
955 2549 1126 2592 Sunday
1152 2549 1261 2580 after
1287 2547 1473 2590 Trinity.

273 2599 431 2631 XXXIX.
457 2598 626 2630 Misereor
652 2608 757 2641 super
782 2596 932 2629 turbam.
960 2596 1064 2627 Marci
1090 2595 1177 2634 VIII,
1205 2604 1222 2626 2
1245 2612 1854 2627 ..............
1901 2585 1966 2629 259

750 2653 908 2696 Eighth
937 2653 1107 2695 Sunday
1135 2652 1246 2684 after
1273 2651 1459 2693 Trinity.

359 2703 431 2735 XL.
458 2701 635 2735 Attendite
662 2712 680 2734 a
707 2701 802 2733 falsis
832 2700 1030 2743 prophetiS.
1055 2698 1175 2731 Matth.
1194 2698 1266 2737 VII,
1298 2697 1334 2730 15
1387 2715 1856 2728 ...........
1904 2690 1964 2722 265

769 2758 898 2790 Ninth
927 2757 1099 2799 Sunday
1126 2756 1238 2788 after
1262 2754 1445 2797 Trinity.

344 2806 436 2838 XVI.
466 2806 583 2837 I-Iomo
611 2805 753 2849 quidam
781 2812 853 2836 erat
880 2805 975 2835 dives
1003 2811 1035 2834 et
1062 2802 1212 2834 habebat
1238 2801 1404 2833 villicum.
1433 2801 1518 2831 Luc.
1545 2799 1633 2839 XVI,
1665 2808 1674 2828 1
1709 2820 1716 2828 .
1755 2821 1761 2827 .
1801 2820 1809 2827 .
1848 2819 1854 2825 .
1903 2805 1960 2837 271

762 2861 904 2893 Tenth
932 2862 1103 2903 Sunday
1130 2859 1240 2891 after
1267 2858 1448 2900 Trinity.

331 2909 433 2942 XLII.
459 2910 547 2941 Cum
568 2908 865 2952 appropinquaret
883 2908 982 2939 Jesus
996 2906 1241 2939 jerosolimam
1262 2904 1384 2936 videns
1403 2901 1586 2935 civitatem.
1609 2902 1691 2932 Luc.
1708 2900 1852 2939 X1X‚41
1903 2896 1966 2940 278
