2017 3353
172 295 228 333 36
770 302 992 334 JOHANNIS
1013 303 1196 335 WYCLIF
1222 301 1478 334 SERMONUM
1561 289 1717 343 [SERMO
1733 298 1784 326 vi.

470 408 533 445 hic
557 408 737 445 adiectis.
774 411 850 445 Pro
875 408 1183 445 circumcisione
1207 409 1431 444 notandum
1456 407 1565 455 quod
1589 408 1638 442 ab
1657 408 1783 443 Abra-

470 467 563 503 ham
597 463 659 520 (ut
690 475 799 514 patet
824 468 920 503 Gen.
945 467 1076 513 XVII⁰,
1119 467 1182 515 10)
1217 465 1389 513 sumpsit
1412 465 1622 513 originem.
1659 464 1781 501 Cuius

184 522 438 585 Τὶῑὲῐΐθῖίξὲῧξὲῗὸ
469 525 567 562 ritus
613 537 732 561 causa
778 524 918 573 triplex
950 524 1117 572 ponitur
1160 525 1267 572 apud
1302 525 1463 560 doctos:
1510 523 1642 571 primo
1687 522 1782 571 quia

254 592 364 620 cision.
469 585 576 620 Deus
610 585 688 619 hoc
722 583 861 620 statuit
894 583 956 619 cui
990 591 1148 630 oportet
1182 582 1360 630 singulos
1393 581 1568 628 obedire,
1604 581 1781 617 secundo

470 641 564 690 quia
597 641 711 678 Judei
757 640 877 679 occisi
911 640 951 676 in
984 640 1113 688 prelio
1146 649 1237 688 post
1267 639 1556 688 spoliacionem
1603 652 1673 688 per
1707 638 1818 676 cir-5

469 699 760 736 cumcisionem
795 708 965 747 possunt
996 699 1182 745 discerni,
1219 707 1256 734 et
1290 698 1411 734 tercio
1442 706 1486 733 ut
1508 697 1783 745 prevaricacio

468 758 696 806 primorum
730 766 944 805 parentum
980 757 1092 793 cuius
1127 756 1324 792 memoria
1357 755 1396 791 in
1421 764 1602 803 tempore
1625 756 1784 792 Abrahe

471 816 548 852 fere
581 816 713 864 sopita
738 824 796 852 est
828 824 964 863 posset
986 814 1125 851 haberi
1150 814 1416 850 reverencius.
1468 815 1569 850 Nam
1596 814 1693 850 Gen.
1719 814 1785 849 ΙΙΙο

468 874 667 921 scribitur,
687 883 904 922 postquam
922 874 1049 909 Adam
1068 881 1104 909 et
1119 875 1200 909 Eva
1217 880 1490 920 peccaverant,
1510 873 1639 908 Adam
1664 871 1787 907 sensit

469 932 730 969 rebellionem
779 931 929 968 racioni
976 931 1106 978 primo
1151 929 1191 966 in
1236 930 1427 966 membris
1471 929 1713 978 genitalibus
1747 937 1785 964 et
1808 943 1845 965 ιο

469 992 747 1027 erubescentes
770 992 956 1039 fecerunt
988 990 1058 1025 sibi
1084 989 1341 1042 perizomata.
1378 989 1468 1024 Ideo
1504 988 1554 1024 ad
1588 988 1785 1024 denotan-

470 1049 564 1084 dum
599 1047 839 1084 memoriam
874 1047 986 1083 istius
1012 1046 1241 1083 rebellionis
1265 1059 1341 1095 que
1375 1058 1417 1082 ex
1451 1045 1582 1093 primo
1617 1054 1784 1093 peccato

471 1106 694 1154 contigerat
746 1106 925 1142 fecerunt
989 1105 1173 1152 penalem
1229 1103 1578 1141 circumcisionem
1626 1103 1665 1140 in
1706 1104 1784 1139 hoc

471 1166 651 1200 membro
690 1164 729 1200 in
769 1176 848 1211 quo
892 1163 1062 1200 maxime
1101 1164 1206 1211 viget
1244 1162 1399 1199 luxuria
1440 1170 1477 1198 et
1517 1161 1785 1210 apprehensio

470 1235 608 1259 sensus
643 1231 785 1259 tactus.
1808 1221 1845 1254 15

193 1277 442 1340 Clutifissfssoeioed
527 1280 636 1317 Alias
680 1290 814 1317 autern
859 1292 1002 1317 causas
1047 1278 1368 1316 circumcisionis
1413 1287 1449 1315 et
1502 1290 1665 1314 suarum
1711 1277 1786 1313 cir-

472 1338 811 1375 cumstanciarum
866 1346 1009 1375 notant
1062 1337 1178 1373 multi
1231 1349 1331 1385 quas
1392 1349 1435 1372 ex
1488 1348 1607 1372 causa
1661 1336 1784 1371 modo

472 1406 720 1445 pertranseo.
756 1396 938 1433 Christus
980 1405 1114 1432 autem
1156 1395 1223 1444 qui
1257 1394 1508 1431 continuavit
1546 1394 1673 1442 legem
1715 1405 1786 1429 no-

471 1468 561 1492 vam
595 1467 686 1491 cum
719 1455 855 1501 veteri,
891 1454 1098 1501 complens
1132 1462 1359 1500 utramque,
1403 1452 1575 1500 primam
1616 1451 1789 1487 finaliter

474 1522 511 1550 et
549 1514 768 1549 secundam
808 1512 1024 1549 inicialiter
1064 1511 1310 1559 adimplevit.
1375 1511 1606 1547 Notandum
1653 1517 1788 1545 tamen
1805 1522 1848 1544 20

474 1572 595 1619 quod,
630 1570 732 1608 sicut
765 1579 823 1607 est
855 1571 903 1607 de
936 1570 1151 1618 baptismo,
1187 1569 1243 1605 sic
1278 1568 1485 1616 multiplex
1526 1576 1585 1604 est
1617 1567 1788 1604 circum-

203 1626 434 1690 (ἶῑὲἓξῐῗὲξῑὲῑξῡ
475 1629 597 1666 cisio:
632 1629 766 1680 prima
790 1628 960 1666 carnalis
984 1640 1061 1677 que
1086 1636 1144 1664 est
1173 1635 1472 1664 sacramentum
1498 1626 1606 1674 quod
1630 1634 1790 1673 oportet

246 1698 399 1734 spiritual.
475 1700 547 1736 pro
582 1699 655 1723 suo
689 1696 871 1735 tempore
904 1685 1130 1734 adimpleri,
1165 1686 1343 1723 secunda
1376 1693 1434 1721 est
1466 1683 1686 1732 spiritualis
1712 1696 1788 1732 que

477 1755 535 1782 est
575 1745 754 1781 sordium
796 1745 949 1793 peccati
983 1744 1201 1792 deposicio,
1237 1742 1460 1780 subiectata
1492 1742 1531 1778 in
1565 1741 1712 1787 anima,
1753 1750 1791 1778 et

477 1803 545 1840 illa
578 1803 680 1840 foret
712 1816 870 1851 semper
900 1802 1128 1839 necessaria
1162 1801 1327 1839 cuilibet
1359 1800 1563 1849 peccatori
1597 1801 1657 1847 (ut
1686 1801 1790 1835 Deu-
1808 1801 1847 1834 25

478 1861 692 1898 teronomii
726 1863 787 1908 X⁰,
829 1862 890 1908 16,
925 1861 1089 1897 dicitur:
1129 1857 1792 1909 Circumciditeprepuciumcordis

478 1916 625 1971 vestm).
660 1919 836 1956 Primam
870 1929 1005 1956 autem
1030 1920 1147 1956 docet
1171 1918 1378 1966 apostolus
1403 1918 1546 1953 debere
1576 1928 1730 1952 cessare
1753 1914 1792 1950 in

480 1977 652 2025 epistola
686 1990 758 2014 sua
791 1978 841 2014 ad
875 1977 960 2014 Gal.
995 1978 1056 2014 Ψ.
1098 1979 1146 2013 Et
1179 1977 1395 2013 secundam
1430 1983 1591 2023 oportet
1629 1985 1792 2022 genera-

479 2036 570 2072 liter
602 2048 757 2072 cessare
790 2035 829 2071 in
862 2035 924 2071 die
958 2033 1109 2072 iudicii.
1144 2035 1236 2071 Ideo
1270 2033 1393 2070 tercia
1427 2031 1680 2069 circumcisio
1714 2043 1791 2080 que

481 2103 539 2131 est
573 2093 921 2141 corruptibilitatis
946 2092 1152 2141 deposicio
1177 2101 1270 2128 tunc
1303 2090 1448 2139 incipit
1470 2100 1507 2127 et
1542 2098 1676 2126 manet
1700 2101 1790 2137 per·
1811 2092 1852 2124 30

484 2160 622 2200 petuo.

211 2208 465 2271 ‚rghgcsitsgifflas
541 2209 722 2245 Christus
761 2217 894 2245 autem
935 2208 973 2244 in
1011 2220 1051 2244 se
1096 2207 1271 2255 suscepit
1309 2208 1380 2243 hec
1420 2213 1671 2242 sacramenta
1711 2217 1789 2241 non

192 2253 229 2307 {¹11
257 2253 410 2317 uexample
437 2275 647 2316 ofpropter
678 2266 966 2315 purgacionem
1002 2265 1179 2302 criminis
1214 2265 1251 2301 in
1286 2277 1325 2301 se
1358 2264 1460 2313 ipso,
1486 2264 1555 2300 sed
1589 2275 1678 2300 cum
1722 2262 1794 2298 fuit

241 2314 419 2342 ⁰b²d¹e¹¹oe·
481 2326 612 2363 factus
645 2325 685 2361 in
718 2324 1022 2361 similitudinem
1057 2323 1187 2360 carnis
1220 2323 1384 2371 peccati,
1426 2331 1596 2370 propter
1636 2321 1793 2369 deposi-

486 2383 641 2420 cionem
676 2381 855 2420 criminis
896 2381 935 2417 in
974 2381 1164 2418 membris
1204 2390 1241 2417 et
1280 2379 1618 2428 exemplacionem
1661 2378 1794 2426 operis
1814 2381 1852 2414 35

486 2455 531 2479 ac
563 2440 917 2478 confirmacionem
961 2439 1165 2487 religionis
1200 2448 1236 2475 et
1274 2437 1533 2475 observancie
1571 2437 1795 2485 utriusque.

558 2562 578 2582 1.
598 2554 644 2581 A:
676 2552 936 2585 circumsicione3
967 2550 1011 2577 sic
1031 2556 1058 2578 et
1080 2551 1166 2578 lineis
1190 2551 1217 2582 ὁ,
1240 2549 1278 2585 13,
1301 2550 1340 2577 16.
1387 2549 1412 2578 3.
1433 2550 1462 2577 A
1481 2549 1511 2577 in
1532 2556 1650 2583 marg.:
1672 2547 1799 2583 Triplex

488 2596 580 2616 causa
595 2588 862 2620 circumcisionis;
885 2586 906 2613 B
927 2588 958 2613 in
975 2594 1090 2620 marg:
1113 2585 1217 2613 Causa
1237 2584 1400 2624 multiplici
1417 2583 1617 2612 circumcisio
1637 2583 1707 2610 data
1728 2583 1795 2621 fui-t.

488 2623 513 2651 3.
547 2623 627 2651 BQ:
661 2623 820 2656 multiplex
851 2621 984 2656 ponitur.
1025 2622 1069 2647 A:
1092 2621 1208 2656 primo;
1264 2621 1305 2647 ib.
1326 2627 1356 2647 m
1378 2627 1496 2653 marg:
1519 2627 1539 2646 1.
1669 2626 1698 2650 4.
1719 2617 1748 2644 A
1767 2624 1798 2655 3¹¹

489 2666 606 2692 marg.:
626 2664 659 2692 23
685 2657 726 2684 ib.
752 2657 799 2684 A:
827 2655 948 2689 singula
973 2656 1109 2682 obedire.
1179 2656 1202 2683 5.
1225 2654 1346 2682 Codd.:
1367 2654 1474 2682 Judeis
1501 2652 1624 2681 occisis.
1674 2659 1698 2686 7.
1721 2654 1747 2678 A
1768 2659 1798 2678 in

489 2701 604 2728 marg:
625 2693 650 2722 3.
713 2700 740 2726 ε).
763 2691 804 2718 B:
829 2695 855 2717 et
877 2694 906 2717 et
925 2689 997 2717 Eva.
1055 2697 1091 2717 12.
1113 2691 1160 2717 A:
1182 2690 1273 2717 illius.
1343 2698 1383 2722 14.
1405 2689 1452 2716 A:
1474 2687 1505 2715 in
1527 2688 1621 2726 deest.
1686 2694 1734 2725 ⁸17.
1756 2685 1797 2712 B:

490 2728 622 2755 multim.
714 2727 754 2754 ιδ.
789 2725 916 2752 materie
945 2725 1133 2759 pertransio;
1206 2725 1248 2752 lb.
1269 2725 1297 2751 A
1320 2724 1351 2752 in
1372 2731 1487 2758 marg:
1519 2722 1647 2756 Triplex
1666 2728 1799 2759 circum-

490 2762 576 2790 cisio.
664 2765 709 2794 19.
740 2760 761 2787 B
797 2760 825 2787 in
859 2767 975 2794 marg.:
1009 2758 1215 2787 Circumcisio
1254 2758 1413 2794 multiplex
1447 2759 1525 2785 sicut
1559 2761 1586 2784 et
1625 2756 1799 2790 baptismus

490 2797 611 2831 legitur.
703 2803 744 2822 22.
774 2795 801 2822 A
830 2794 861 2821 in
891 2801 1010 2828 marg:
1041 2802 1061 2821 ι.
1083 2792 1126 2821 23.
1147 2795 1174 2820 A
1195 2794 1225 2820 in
1247 2802 1363 2828 marg:
1385 2800 1409 2819 2.
1483 2799 1529 2824 24.
1552 2789 1628 2818 l3C.:
1650 2790 1798 2816 subiecta.

490 2832 532 2860 25.
553 2833 600 2859 A:
624 2836 655 2858 ut
674 2846 707 2850 -
727 2829 818 2857 vestri
841 2830 935 2856 deest.
1023 2828 1072 2856 26.
1093 2830 1138 2856 A:
1179 2830 1338 2863 apostolis.
1407 2835 1455 2862 29.
1474 2827 1522 2854 A:
1556 2832 1676 2853 cessare
1697 2826 1798 2857 dee513

489 2868 518 2894 A
538 2867 568 2894 in
589 2873 703 2901 marg:
733 2863 757 2893 3.
848 2864 895 2893 30.
917 2864 962 2891 A:
983 2863 1235 2899 corruptibiliter.
1315 2862 1358 2891 35.
1380 2862 1422 2889 A:
1446 2860 1727 2896 exemplacionum.

561 2926 613 2959 26.
642 2926 704 2957 Ad.
732 2926 806 2957 Gal.
834 2925 874 2965 V,
903 2935 932 2965 2,
961 2924 989 2965 3,
1019 2925 1044 2956 5.
