2017 3353
164 640 248 676 Why
269 641 374 668 Christ

175 675 245 711 kept
264 680 317 702 out
336 677 371 703 of

146 709 260 744 danger
281 715 309 737 at
330 711 390 738 this

228 745 309 772 time.

153 2274 333 2302 Coxvardice
353 2274 388 2301 of

180 2309 228 2335 Ille
249 2310 360 2344 cler-gy.

733 300 955 333 JOHANNIS
983 301 1167 334 WYCLIF
1196 302 1453 335 SERMONUM
1485 291 1636 348 [SERMO
1658 302 1737 330 XXI.

422 406 607 441 ostendat
640 416 752 442 suam
793 407 1100 453 humanitatem,
1140 416 1177 444 et
1216 410 1458 457 quandoque
1496 409 1736 457 plangendo,

422 471 464 498 ut
498 464 682 499 ostendat
722 464 999 501 difficultatem
1041 465 1219 501 criminis
1258 467 1415 514 figurati
1455 472 1512 513 (ut
1551 477 1659 515 patet
1698 468 1736 504 in

421 520 686 557 suscitacione
721 522 873 564 Lazari)
907 523 1015 559 Alias
1049 532 1183 559 autem
1224 524 1478 561 difficultates
1518 527 1565 561 de
1605 526 1737 561 multi-

421 578 645 625 plicacione
680 579 862 627 corporis
896 580 959 617 hic
993 581 1151 618 omitto.

478 637 555 672 Sed
601 636 766 672 dubium
812 647 945 685 posset
986 651 1068 675 esse
1107 640 1314 687 quomodo
1354 641 1534 677 Christus
1573 650 1738 689 propter
1779 647 1794 678 5

421 693 608 730 timorem
634 695 807 731 hostium
832 708 914 731 non
938 697 1043 733 venit
1067 697 1106 733 in
1128 698 1347 734 Jerusalem
1381 699 1420 734 in
1445 700 1608 742 Pascha,
1647 712 1735 735 cum

420 752 600 799 Baptista
634 752 720 800 ipso
754 753 918 789 inferior
951 756 1142 791 audacter
1174 768 1300 804 usque
1332 757 1381 792 ad
1416 766 1585 793 mortem
1612 759 1737 793 Hero-

421 811 509 845 dem
535 810 741 858 corripuit.
777 813 824 846 Et
848 811 992 848 iterum
1018 813 1223 849 dubitatur
1257 827 1380 862 quare
1412 815 1539 851 noluit
1572 828 1736 863 regnum

420 880 442 903 a
465 868 616 915 populo
642 869 846 914 (Joh.V10,
872 871 933 917 15)
952 871 1147 919 accipere,
1176 884 1265 907 cum
1292 872 1366 908 hoc
1390 873 1461 908 fuit
1485 873 1558 909 sibi
1583 874 1630 909 de
1655 873 1738 909 iure

421 925 614 962 debitum,
649 928 854 971 Quantum
889 929 939 964 ad
973 929 1162 976 primum,
1197 929 1339 977 triplex
1372 930 1596 978 assignatur
1630 932 1738 967 racio
1761 947 1797 968 10

420 996 543 1031 quare
560 984 755 1020 Dominus
774 985 871 1032 fugit
888 995 1072 1033 mortem,
1098 987 1230 1035 primo
1255 999 1345 1023 eum
1369 988 1468 1025 sciat
1491 990 1736 1025 voluntatem

421 1053 504 1077 esse
537 1041 620 1085 Dei,
655 1050 697 1077 ut
731 1042 855 1090 magis
890 1044 1015 1091 prosit
1049 1045 1213 1081 ecclesie
1246 1054 1283 1081 et
1313 1045 1599 1083 diffinicionem
1625 1060 1736 1083 suam

421 1101 583 1147 quando
618 1108 654 1135 et
688 1102 894 1148 quomodo
928 1103 1043 1138 debet
1068 1102 1170 1138 mori
1193 1104 1440 1140 voluntatem
1465 1118 1577 1141 suam
1602 1106 1739 1141 volun-

420 1157 491 1193 tati
524 1157 583 1192 sui
608 1158 770 1194 Domini
805 1159 1047 1205 conformet3
1081 1162 1256 1197 secundo
1288 1170 1330 1197 ut
1352 1171 1591 1209 potestatem
1626 1176 1738 1199 suam

421 1214 615 1251 indicaret
649 1217 854 1253 evadendo
890 1227 1074 1263 mortem,
1110 1220 1257 1255 docens
1297 1221 1404 1268 quod
1444 1222 1492 1257 de
1535 1222 1738 1258 voluntate
1762 1226 1796 1258 15

421 1285 491 1309 sua
515 1282 584 1318 est,
614 1275 776 1321 quando
800 1283 837 1311 et
860 1277 1066 1323 quomodo
1100 1287 1336 1313 moreretur.
1370 1280 1417 1314 Et
1450 1279 1574 1315 tercio
1608 1280 1740 1315 dando

420 1332 645 1378 exemplum
680 1332 871 1368 membris
893 1333 973 1369 suis
996 1334 1263 1379 inferioribus,
1294 1337 1500 1384 quomodo
1524 1338 1741 1384 prudenter

421 1389 640 1436 aufugiant,
701 1392 862 1438 quando
915 1401 1005 1427 sunt
1057 1394 1105 1428 ab
1159 1393 1338 1429 hostibus
1390 1395 1599 1441 persecuti.
1660 1398 1739 1431 Nec

422 1446 587 1482 dubium
621 1447 716 1495 quin
750 1448 929 1496 Baptista
960 1463 1041 1486 non
1073 1450 1146 1487 fuit
1179 1451 1338 1488 Christo
1371 1452 1563 1488 audacior
1597 1466 1668 1489 nec
1700 1453 1739 1489 in

421 1504 555 1552 aliqua
594 1505 725 1553 specie
766 1519 924 1542 morum
963 1507 1190 1554 virtuosior,
1232 1522 1321 1545 cum
1356 1510 1536 1546 Christus
1576 1512 1739 1547 excessit
1758 1526 1798 1547 20

421 1561 549 1610 ipsum
602 1562 642 1598 in
693 1563 931 1611 penitencia,
983 1566 1076 1614 quia
1120 1567 1299 1614 Baptista
1342 1580 1423 1603 non
1473 1577 1515 1604 ut
1560 1569 1739 1605 Christus

422 1620 689 1668 quadraginta
742 1621 881 1658 diebus
939 1632 976 1659 et
1027 1624 1212 1660 noctibus
1270 1625 1460 1662 ieiunavit
1521 1627 1578 1673 (ut
1631 1636 1739 1675 patet

421 1678 587 1714 Matthei
631 1680 701 1714 IV0
742 1688 779 1715 et
818 1682 1011 1717 Sermone
1048 1683 1228 1730 XVIIIO);
1275 1692 1310 1718 et
1349 1683 1520 1720 breviter
1557 1684 1596 1720 in
1629 1685 1738 1721 omni

421 1735 568 1772 Christi
613 1736 774 1782 ieiunio,
821 1751 910 1774 cum
949 1739 1138 1776 ieiunavit
1182 1753 1337 1777 summe
1381 1743 1430 1777 ad
1476 1743 1654 1790 regulam
1700 1743 1738 1779 in

420 1793 564 1830 virtute
615 1795 777 1831 excessit
823 1796 1058 1844 Baptistam.
1112 1800 1159 1833 Et
1203 1807 1397 1846 quantum
1439 1801 1489 1835 ad
1527 1800 1736 1837 audaciam
1757 1805 1795 1837 25

421 1851 665 1899 corripiendi
695 1853 922 1900 proximum
957 1864 1014 1891 est
1046 1855 1152 1891 idem
1187 1855 1393 1901 iudicium,
1429 1870 1516 1893 cum
1553 1858 1739 1894 omnibus

421 1909 508 1945 aliis
553 1910 847 1958 aufugientibus
888 1913 1068 1949 Christus
1109 1915 1216 1949 solus
1261 1915 1454 1950 remansit
1498 1917 1548 1951 ad
1593 1929 1737 1964 penam

421 1967 710 2015 gravissimam.
758 1969 937 2017 Baptista
983 1979 1117 2008 tamen
1164 1971 1235 2007 fuit
1274 1972 1530 2009 laudabiliter
1562 1974 1738 2011 incarce—
1758 2003 1816 2033 [30¹

423 2034 544 2067 ratus,
578 2026 734 2062 vinctus
768 2035 804 2063 et
838 2028 1100 2076 decapitatus,
1131 2025 1134 2082 Ι
1163 2042 1245 2066 non
1273 2039 1438 2078 propter
1461 2031 1624 2075 furtum,
1658 2046 1738 2068 non
1761 2029 1836 2080 ,50⁴⁶

422 2092 586 2131 propter
609 2084 787 2120 debitum
812 2094 879 2121 aut
902 2086 1140 2123 violenciam
1166 2100 1244 2135 qua
1273 2088 1467 2135 percussit
1497 2090 1737 2136 proximum,
1757 2095 1797 2126 30

422 2142 489 2177 sed
523 2150 688 2189 propter
719 2142 937 2179 virtuosam
973 2144 1276 2192 correpcionem
1310 2146 1481 2181 Herodis
1512 2148 1559 2183 de
1583 2148 1738 2184 mechia

424 2211 513 2235 eum
550 2199 777 2236 Herodiade
810 2214 888 2249 qua
920 2203 1098 2239 solvebat
1131 2211 1259 2239 totum
1294 2204 1544 2251 decalogum.

481 2258 586 2292 Istud
622 2257 819 2306 (inquam)
846 2272 984 2306 passus
1018 2268 1074 2296 est
1097 2260 1277 2308 Baptista
1308 2270 1472 2309 propter
1496 2264 1637 2309 Deum,
1671 2265 1738 2299 sed

423 2315 550 2350 clerus
595 2324 789 2363 quantum
836 2318 885 2352 ad
931 2319 1154 2366 exemplum
1201 2318 1348 2354 Christi
1402 2328 1438 2355 et
1492 2320 1628 2356 militis
1680 2321 1738 2357 sui

421 2372 646 2408 vecorditer
684 2374 913 2419 retrocedit,
953 2377 1020 2412 sed
1060 2376 1284 2424 exemplum
1324 2376 1413 2424 fuge
1447 2377 1593 2413 Christi
1633 2379 1739 2426 capit
1758 2384 1795 2416 35

422 2430 647 2466 vecorditer
696 2440 732 2467 et
776 2433 1027 2480 blaspheme:
1074 2434 1292 2470 vecorditer
1341 2434 1443 2480 dico,
1491 2435 1584 2483 quia
1634 2449 1739 2472 exer-

424 2488 584 2524 citando
617 2500 657 2524 se
698 2502 808 2525 more
848 2500 1067 2539 martyrum
1103 2491 1142 2527 in
1175 2491 1377 2528 contrario
1412 2493 1575 2530 haberet
1608 2495 1740 2530 hostes

495 2617 513 2637 1.
536 2611 578 2637 A:
608 2610 769 2646 plagendo.
881 2612 904 2640 5.
926 2613 1004 2640 Ain
1027 2621 1139 2648 marg:
1172 2613 1307 2641 Dubium
1336 2614 1488 2649 primumn
1518 2616 1539 2642 Β
1566 2616 1596 2643 in
1624 2625 1737 2652 marg:

425 2645 565 2679 Quo-stim
674 2645 701 2672 6.
723 2646 767 2673 A:
796 2646 825 2673 iu
854 2647 948 2674 deest.
1058 2657 1083 2683 7.
1107 2648 1147 2675 C:
1174 2648 1343 2679 infirmior:
1371 2649 1392 2675 B
1419 2649 1570 2678 infirmior
1589 2651 1620 2678 in
1643 2659 1738 2683 maru.

424 2680 450 2706 Η.
472 2680 516 2706 A:
547 2679 697 2714 qualiter:
732 2681 760 2707 A
780 2681 809 2707 in
831 2689 945 2716 marg:
977 2682 1112 2709 Dubium
1140 2683 1326 2714 secundum:
1360 2684 1382 2710 B
1403 2683 1432 2710 in
1454 2693 1567 2720 marg:
1598 2680 1738 2713 Secunda

424 2714 554 2748 questio.
577 2715 731 2742 Dominus
751 2715 827 2750 fugit
848 2721 978 2743 mortem
1000 2717 1111 2752 triplici
1134 2717 1264 2745 racione.
1348 2726 1388 2745 10.
1410 2719 1438 2745 A
1458 2719 1487 2746 in
1510 2728 1624 2747 mai-1⁷.:
1645 2720 1693 2747 Ad
1718 2729 1737 2747 1.

427 2756 459 2775 11.
482 2748 547 2775 BC:
579 2749 677 2784 prima
706 2755 738 2777 ut
764 2750 873 2777 sciens.
983 2760 1023 2785 ¹4·
1048 2752 1112 2779 hc,-
1144 2752 1367 2783 conformaret:
1398 2754 1441 2779 A:
1474 2740 1624 2784 sccuncffi:
1652 2755 1680 2781 A
1708 2755 1736 2781 in

426 2791 539 2817 marga
561 2791 586 2810 2.
670 2784 707 2812 15.
730 2786 773 2811 A:
796 2785 824 2811 in
847 2785 1012 2813 voluntate.
1102 2786 1142 2814 16.
1163 2787 1190 2813 A
1211 2787 1241 2813 in
1264 2795 1378 2822 marg:
1400 2787 1425 2815 3.
1509 2797 1547 2823 17.
1569 2789 1635 2817 BC:
1657 2789 1738 2816 infir-

426 2817 586 2845 mioribus.
625 2826 671 2846 20.
692 2820 734 2846 A:
758 2819 825 2847 alia.
864 2827 910 2858 ²4·
932 2821 975 2847 A:
998 2829 1118 2848 summe
1137 2837 1162 2840 -
1181 2821 1291 2848 virtute
1312 2822 1406 2849 deest.
1446 2821 1487 2849 25.
1508 2824 1553 2850 A:
1575 2828 1607 2850 ut
1622 2824 1738 2858 excepit

427 2852 572 2886 Baptista.
682 2854 729 2881 26.
750 2855 795 2881 A:
817 2854 1058 2889 corrlpicudum.
1167 2854 1210 2884 33.
1232 2856 1253 2882 B
1274 2855 1303 2882 in
1325 2864 1437 2891 marg„¹
1465 2857 1559 2885 Exem
1586 2859 1648 2885 lum
1670 2859 1738 2892 fuge

427 2886 496 2912 mali
519 2887 643 2921 capiunt
664 2896 680 2914 a
700 2888 824 2915 Christo
845 2893 873 2916 et
893 2897 952 2916 non
974 2889 1075 2924 ipsum
1098 2890 1173 2917 alias
1193 2890 1362 2917 imitantur.
1431 2891 1470 2918 ib.
1492 2893 1535 2919 A:
1572 2892 1639 2919 stud
1662 2901 1737 2919 mm-

426 2929 515 2955 quam
541 2930 649 2956 passus
673 2923 824 2958 Baptista:
845 2923 911 2950 BC:
934 2929 1058 2959 propter
1082 2925 1258 2951 Dominum.
1332 2925 1377 2951 14¹3.
1400 2926 1443 2952 A:
1467 2927 1666 2962 blasphemie.
