2057 3353
201 265 276 294 XX
287 265 331 295 VI

532 380 703 434 Wyclif.

292 461 423 501 Quarto
450 472 585 492 carnem
619 474 637 493 a
667 461 863 492 lubricitate
896 462 1026 492 luxurie

199 519 403 559 constringit
422 520 513 550 iuxta
532 520 618 551 illud
636 520 784 551 Matthei
802 521 915 551 XIX:
937 520 1027 551 Sunt

198 578 348 609 eunuchi
375 578 433 620 qui
459 588 494 610 se
526 578 620 620 ipsos
646 582 856 610 casti-arunt
875 582 1026 620 propter

200 644 346 677 regnum
376 637 541 668 celorum.

290 694 334 723 Et
362 694 409 724 sic
436 694 557 734 quinto
585 706 601 724 a
629 695 895 736 putreseccione.
923 706 939 725 a
968 695 1025 725 de-

198 752 397 783 famacionis
438 753 547 784 fetore
590 757 623 783 et
666 754 873 784 corrodente
914 763 1026 783 verme

197 810 413 841 consciencie
439 816 612 852 preservat
638 811 797 842 subditos
824 812 947 852 quibus
974 822 1025 841 sa-

198 867 367 909 pienciam
394 869 519 899 claram
546 880 612 909 que
638 880 708 900 non
735 870 912 901 marcescit
931 880 1024 900 men-

197 926 355 957 suraliter
372 927 621 958 subministrat.
647 928 782 959 Iudicet
808 939 890 968 ergo
918 928 1025 958 eccle-

196 983 246 1014 sia
270 988 383 1015 utrum
408 985 552 1016 istorum
580 986 809 1027 proprietates
827 986 881 1016 vel
909 996 1025 1016 eorum

196 1042 358 1083 opposita
385 1043 526 1084 prelatis
553 1045 678 1075 nostris
703 1045 919 1081 conveniant,
947 1044 1026 1084 quia

196 1103 327 1130 certum
361 1105 411 1131 est
444 1111 484 1131 ex
516 1101 583 1132 fide
616 1102 795 1142 evangelii,
822 1103 926 1142 quod,
960 1102 1024 1132 nisi

199 1157 267 1187 sint
293 1158 341 1188 sal
369 1159 411 1189 ad
438 1169 574 1190 sensum
606 1160 809 1201 expositum,
842 1170 913 1191 non
945 1166 1023 1190 sunt

197 1215 323 1246 Christi
351 1216 513 1258 discipuli
545 1218 614 1255 sed,
647 1218 815 1254 habentes
848 1217 1023 1248 condicio-

194 1282 273 1303 nem
299 1274 504 1305 contrariam
529 1279 607 1306 sunt
626 1276 785 1318 discipuli
803 1275 1022 1308 Antichristi.

196 1330 301 1369 Quod
327 1331 353 1362 si
380 1332 429 1362 sal
454 1333 677 1373 liquescendo
704 1335 878 1366 evanuerit
897 1335 1023 1375 frigore

195 1392 329 1419 terrene
355 1390 552 1431 cupiditatis
572 1391 651 1431 quia
677 1392 799 1423 exinde
820 1394 1023 1435 refrigescet

609 1450 759 1481 Matthei
796 1452 929 1483 XXIV
969 1452 1023 1482 vel

194 1504 337 1536 humore
363 1506 508 1537 carnalis
534 1507 740 1539 lubricitatis
767 1519 832 1549 que
857 1513 950 1540 vetat
975 1509 1022 1540 vi-

195 1447 333 1479 caritas
376 1450 567 1480 multorum

196 1561 328 1594 sionem
346 1563 520 1605 sapiencie
538 1565 581 1595 ad
600 1566 761 1597 Hebreos
780 1568 871 1597 XII:
892 1568 1020 1600 Pacem

196 1620 384 1662 sequimini
408 1631 484 1653 cuin
512 1623 671 1655 omnibus
697 1629 729 1655 et
747 1625 1019 1657 sanctimoniam

195 1677 270 1710 sine
295 1689 363 1721 qna
391 1690 492 1712 nemo
519 1681 646 1713 videbit
676 1681 788 1715 Deum
809 1707 815 1713 .
835 1707 843 1714 .
863 1707 869 1714 .
890 1707 897 1714 .

286 1853 370 1884 Ideo
398 1854 479 1885 dicit
497 1856 718 1898 Jeronymus,
746 1858 840 1898 quod
867 1859 1019 1900 prelatus

192 1910 376 1942 infatuatus
403 1913 592 1954 cupiditate
618 1916 859 1956 temporalium
879 1921 915 1947 ut
934 1927 1021 1958 aqua

193 1967 299 1999 effluit
325 1969 447 2001 timore
474 1972 682 2012 perdicionis
708 1984 826 2004 eorum
846 1998 852 2005 .
873 1998 880 2004 .
900 1999 906 2005 .
927 1998 934 2005 .

285 2049 293 2056 .
312 2051 319 2057 .
340 2051 346 2057 .
367 2051 374 2058 .
400 2029 445 2058 Et
477 2029 540 2059 hec
572 2031 662 2061 racio
696 2041 799 2071 quare
832 2033 1019 2063 secundum

192 2084 329 2115 beatum
351 2086 555 2126 Gregorium
582 2088 734 2128 prelatus
760 2100 941 2130 perversus
968 2095 1019 2120 est

191 2141 462 2183 incorrigibilior
486 2145 576 2176 inter
602 2157 721 2177 omnes
741 2170 747 2177 .
766 2170 773 2177 .

865 264 1258 296 INTRODUCTION.

1467 382 1570 423 Hus.

1192 463 1324 502 Quarto
1357 473 1491 494 carnem
1523 473 1542 493 a
1571 463 1765 494 lubricitate
1796 464 1926 494 luxurie

1100 520 1306 560 constringit
1324 521 1416 551 iuxta
1433 520 1520 551 illud
1538 521 1686 552 Matthei
1700 523 1813 552 XIX:
1834 522 1926 553 Sunt

1099 578 1248 610 eunuchi
1267 579 1326 621 qui
1342 588 1378 610 se
1395 580 1488 620 ipsos
1506 583 1760 612 castraverunt
1772 584 1925 621 propter

1100 647 1245 679 regnum
1273 638 1439 669 celorum.

1190 696 1236 726 Et
1263 695 1383 735 quinto
1409 705 1428 726 a
1454 696 1588 737 peccati
1613 696 1881 737 putrefaccione‚
1908 707 1927 727 a

1098 753 1363 784 defamaccionis
1381 753 1490 784 fetore
1508 757 1542 784 et
1560 763 1579 784 a
1592 754 1799 785 corrodente
1811 764 1926 785 verme

1098 811 1313 842 consciencie
1340 815 1516 852 preservat
1541 811 1699 843 subditos
1725 812 1849 852 quibus
1875 822 1926 843 sa-

1099 869 1268 910 pienciam
1287 870 1423 907 claram,
1442 880 1508 910 que
1525 880 1595 900 non
1613 870 1802 908 marcescit,
1829 880 1924 901 men-

1098 927 1256 958 suraliter
1281 927 1462 958 ministrat.

1189 986 1325 1016 Iudicet
1357 996 1438 1026 ergo
1471 986 1616 1017 ecclesia
1647 986 1775 1018 Christi
1807 990 1925 1017 sancta

1098 1048 1209 1074 uti-um
1257 1045 1321 1075 iste
1376 1044 1454 1074 salis
1503 1044 1733 1085 proprietates
1788 1044 1923 1075 vicariis

1098 1101 1225 1132 Christi
1240 1112 1298 1132 seu
1313 1102 1454 1143 prelatis
1470 1102 1596 1133 nostris
1611 1102 1829 1139 conveniant,
1845 1102 1924 1142 quia

1096 1164 1226 1190 certum
1244 1164 1295 1191 est
1313 1171 1353 1191 ex
1370 1160 1438 1191 fide
1456 1160 1635 1200 evangelii,
1651 1159 1756 1200 quod,
1774 1159 1838 1190 nisi
1857 1159 1924 1190 sint

1096 1218 1146 1248 sal
1171 1222 1259 1249 terre
1286 1219 1329 1249 ad
1353 1229 1489 1249 sensum
1514 1218 1718 1260 expositum,
1750 1227 1821 1248 non
1845 1221 1925 1247 sunt

1097 1276 1224 1307 Christi
1250 1277 1411 1318 discipuli
1431 1301 1436 1307 .
1457 1301 1463 1308 .
1484 1301 1490 1307 .
1511 1301 1517 1307 .
1537 1276 1598 1307 sed
1615 1276 1784 1307 habentes
1804 1275 1923 1306 condi-

1096 1335 1231 1366 cionem
1268 1335 1474 1365 contrariam
1513 1338 1591 1364 sunt
1624 1332 1785 1374 discipuli
1818 1332 1922 1363 Anti-

1095 1392 1222 1424 christi.
1260 1394 1350 1424 Nam
1389 1392 1470 1423 dicit
1508 1392 1643 1429 veritas,
1682 1390 1778 1431 quod
1816 1390 1843 1420 si
1875 1389 1923 1420 sal

1095 1450 1225 1481 scilicet
1250 1451 1476 1491 liquescendo
1503 1449 1679 1481 evanuerit
1704 1449 1830 1488 frigore
1855 1451 1921 1478 ter-

1095 1519 1175 1539 rene
1202 1509 1412 1551 cupiditatis,
1452 1508 1530 1548 quia
1563 1508 1684 1539 exinde
1713 1508 1923 1550 refrigescet

1093 1567 1228 1599 caritas
1256 1568 1444 1599 inultorum
1464 1567 1610 1598 Matthei
1631 1566 1763 1596 XXIV
1784 1565 1837 1596 vel
1861 1565 1922 1595 hu-

1094 1637 1187 1657 more
1214 1627 1358 1657 carnalis
1384 1625 1601 1663 lubricitatis,
1628 1635 1693 1665 que
1710 1628 1803 1654 vetat
1821 1623 1921 1654 visio-

1092 1696 1170 1717 nem
1190 1685 1362 1727 sapiencie
1379 1685 1421 1715 ad
1436 1684 1597 1715 Hebreos
1610 1684 1702 1713 XII:
1719 1683 1846 1714 Pacem
1861 1706 1868 1713 .

1092 1743 1276 1786 sequimini
1301 1753 1377 1774 cum
1398 1742 1556 1773 omnibus
1576 1746 1609 1774 et
1633 1740 1920 1779 sanctimoniam,

1092 1803 1165 1835 sine
1191 1812 1258 1844 qua
1286 1810 1386 1833 nemo
1413 1800 1542 1832 videbit
1571 1799 1685 1832 Deum
1705 1823 1712 1830 .
1732 1823 1739 1830 .
1759 1824 1766 1831 .
1785 1823 1793 1831 .

1184 1861 1270 1891 Ideo
1309 1859 1390 1890 dicit
1425 1859 1545 1889 beatus
1581 1859 1799 1899 Jeronymus,
1827 1857 1919 1897 quod

1092 1919 1243 1960 prelatus
1262 1918 1448 1949 infatuatus
1472 1917 1660 1958 eupiditate
1679 1916 1919 1957 temporalium

1092 1982 1129 2008 ut
1143 1987 1230 2017 aqua
1245 1975 1354 2006 effluit
1368 1979 1501 2005 tumore
1512 1974 1722 2015 perdicionis
1732 1984 1849 2004 eorum
1860 1997 1867 2004 .
1877 1997 1883 2004 .
1894 1997 1918 2005 ..

1183 2035 1229 2064 Et
1266 2033 1330 2064 hec
1368 2036 1418 2063 est
1451 2032 1542 2062 racio
1581 2041 1684 2071 quare
1728 2031 1917 2062 secundum

1091 2093 1230 2122 beatum
1281 2091 1484 2130 Gregorium
1538 2089 1689 2130 prelatus
1740 2099 1919 2130 perversus

1091 2154 1140 2180 est
1190 2148 1460 2188 incorrigibilior
1508 2147 1598 2178 inter
1653 2157 1782 2184 omnes,
1839 2146 1917 2187 quia

1090 2207 1223 2237 Eccles.
1248 2207 1354 2236 XIII.
1387 2204 1563 2236 scribitur:
1606 2204 1696 2245 Quis
1723 2204 1919 2237 medebitur

1090 2264 1310 2296 incantatori
1335 2273 1356 2294 α
1383 2266 1544 2304 serpente
1561 2271 1744 2304 percusso.

309 2399 400 2437 The
434 2411 675 2453 agreement
713 2402 759 2452 is,
804 2417 846 2441 as
885 2403 969 2442 will
1015 2404 1063 2442 be
1108 2417 1218 2454 seen,
1264 2416 1309 2441 so
1355 2402 1537 2455 verbally
1582 2411 1709 2450 exact,
1755 2401 1915 2441 thatin

190 2468 359 2521 reading
382 2469 489 2520 Hus,
512 2483 574 2509 wc
598 2471 723 2509 could
757 2471 875 2525 fancy
910 2472 996 2511 that
1029 2486 1091 2512 we
1123 2472 1204 2511 had
1228 2471 1419 2524 NVJ-clif's
1454 2484 1643 2510 sermons
1677 2471 1817 2510 before
1851 2485 1913 2510 uS.

191 2539 287 2576 And
310 2552 417 2578 were
440 2539 470 2578 it
493 2549 567 2579 not
591 2540 653 2579 for
678 2541 743 2580 [he
769 2541 848 2580 fact
878 2543 965 2581 that
988 2542 1056 2581 the
1079 2555 1284 2591 sermons,
1318 2542 1399 2580 and
1423 2541 1642 2593 especially
1666 2541 1734 2579 the
1758 2542 1913 2579 second

191 2622 286 2659 one,
333 2608 499 2648 contain
546 2623 662 2649 some
700 2611 966 2664 noteworthy
1011 2612 1124 2651 dates
1170 2611 1208 2650 in
1243 2611 1310 2650 the
1344 2611 1501 2663 history
1535 2610 1582 2648 of
1610 2610 1702 2649 Hus
1734 2609 1914 2662 himself,

191 2691 270 2717 one
302 2678 439 2732 might
471 2679 642 2728 believe,
676 2680 764 2719 that
796 2680 898 2719 later
930 2680 1079 2719 scribes
1113 2681 1215 2719 have
1249 2680 1521 2732 erroneously
1545 2678 1732 2718 ascribed
1754 2679 1835 2718 this
1865 2703 1907 2707 —

190 2760 232 2785 as
265 2747 362 2801 they
394 2748 496 2787 have
529 2749 637 2788 done
671 2749 790 2789 other
823 2763 1013 2789 sermons
1046 2750 1093 2788 of
1122 2750 1313 2803 Wyclii‘s
1343 2773 1401 2778 —
1435 2762 1476 2788 to
1510 2749 1615 2787 Hus.

307 2817 434 2856 Some
469 2818 639 2857 curious
674 2819 820 2871 proofs
843 2819 932 2858 that
967 2819 1066 2858 such
1111 2832 1245 2858 errors
1281 2819 1384 2857 have
1418 2819 1520 2857 been
1553 2817 1813 2867 committed,
1847 2831 1912 2856 are

191 2894 234 2923 to
280 2886 328 2924 be
374 2886 504 2925 found
551 2887 590 2925 in
637 2887 705 2926 the
751 2887 894 2927 Codex
941 2887 1048 2939 3928
1095 2887 1141 2926 of
1180 2887 1248 2926 the
1295 2888 1397 2939 Imp.
1448 2886 1617 2939 Library
1655 2885 1701 2924 ot*
1736 2886 1910 2926 Vienna.
