2017 3353
217 280 351 310 SERMo
374 270 452 327 rx]
722 285 860 316 PRIMA
888 285 1014 317 PARS.

211 389 502 426 informacione
538 401 625 426 mea
659 399 695 426 et
729 390 864 427 statim
896 389 1050 427 videbis
1084 403 1205 439 quam
1240 390 1528 439 precipitanter

210 447 360 491 devies3
394 455 488 483 tunc
522 447 627 484 enirn
661 447 788 485 abiret
821 461 843 485 a
866 450 950 484 Deo
983 449 1203 485 secundum
1238 450 1347 498 quod
1370 449 1529 486 Psalmo

212 507 382 551 LXXIIO,
430 515 479 553 27
527 505 732 542 scribitur:
788 506 865 550 Qui
906 506 1091 557 elongant
1127 520 1167 543 se
1205 520 1227 542 α
1267 514 1301 543 te
1335 507 1527 556 peribunt.

211 566 291 600 Nec
325 563 489 599 dubium
524 563 620 612 quin
654 564 753 600 tales
786 572 968 612 pastores
1002 572 1038 601 et
1061 577 1198 613 greges
1223 564 1283 601 sui
1306 564 1346 602 in
1370 565 1529 601 malicia

177 626 250 658 5se
283 630 516 671 sequuntur,
551 634 641 658 cum
676 630 842 670 peccata
874 635 1013 659 eorum
1047 635 1087 659 se
1111 632 1277 659 causant
1310 622 1529 672 reciproce,

211 679 300 716 ideo
333 688 493 728 oportet
526 681 634 729 quod
667 682 813 716 abeant
846 680 1060 729 precipites
1093 682 1143 717 ad
1176 680 1400 726 infernum2
1439 682 1530 717 Ideo

211 737 519 774 comminatorie
552 737 647 775 dicit
680 738 734 775 eis
768 740 892 775 Deus:
938 739 1011 774 Abi
1042 747 1133 788 post
1166 740 1327 790 vestigia
1358 752 1529 790 gregum

210 804 376 832 tuorum.
411 797 459 832 Et
492 795 586 845 quia
618 809 755 844 greges
788 806 945 834 tantum
979 796 1019 833 in
1053 797 1129 834 fide
1162 797 1304 834 variati
1336 810 1419 834 non
1441 806 1531 833 sunt

209 866 301 902 grex
332 853 480 900 ovium,
515 854 607 891 licet
640 854 719 891 sint
751 854 791 891 in
825 855 972 892 Christi
998 855 1178 901 ecclesia,
1214 855 1305 892 ideo
1328 855 1531 904 signanter

158 926 195 947 10
210 911 455 949 annectitur:
501 913 622 949 Pasce
653 914 745 949 edos
776 921 861 950 tuos
893 914 1002 950 iuxta
1035 914 1283 950 tabernacula
1310 921 1529 964 pastorum.

210 970 286 1007 Ubi
318 979 428 1019 patet
459 971 548 1007 luce
579 970 725 1008 clarius
758 973 867 1021 quod
899 971 1128 1020 quicunque
1152 971 1328 1020 prelatus
1360 972 1531 1009 voluerit

209 1041 374 1077 pascere
406 1041 498 1066 oves
531 1029 678 1065 Christi
711 1042 871 1066 necesse
915 1030 1034 1066 habet
1074 1042 1164 1066 eum
1210 1030 1322 1079 sequi
1367 1030 1407 1066 in
1450 1030 1530 1067 vita

212 1095 248 1123 et
282 1086 478 1133 doctrina,
514 1087 608 1136 quia
651 1087 766 1124 aliter
808 1096 991 1136 pasceret
1038 1089 1132 1124 edos
1177 1101 1269 1124 suos
1313 1101 1395 1125 non
1438 1101 1530 1125 oves

211 1144 371 1191 Christi,
406 1145 499 1194 quia
532 1146 582 1181 ad
615 1145 735 1182 talem
775 1155 934 1194 pastum
981 1145 1199 1194 requiritur
1243 1146 1354 1194 prior
1392 1155 1529 1194 pastus

158 1206 194 1239 15
211 1202 359 1239 Christi
393 1212 430 1239 et
462 1212 599 1252 pastus
631 1203 886 1241 subditorum
927 1217 1072 1241 canum
1112 1204 1375 1242 conformiter
1414 1217 1529 1241 evan-

209 1259 473 1309 gelizancium
506 1261 582 1310 legi
615 1261 775 1298 Christi.

268 1318 317 1355 Et
348 1318 502 1356 utinam
535 1332 616 1356 non
648 1320 778 1357 forent
811 1320 930 1357 hodie
962 1320 1106 1369 prelati
1140 1320 1289 1357 cesarei
1322 1321 1389 1370 qui
1421 1320 1528 1358 iuxta

211 1378 516 1414 tabernaculum
548 1391 734 1415 verorum
769 1387 977 1427 pastorum
1000 1391 1082 1415 non
1114 1378 1155 1415 in
1177 1380 1438 1416 tabernaculo
1460 1379 1528 1416 illo

212 1445 422 1483 pascerent
452 1437 547 1473 edos
570 1449 680 1481 suos3
715 1445 809 1473 tunc
834 1436 938 1473 enim
972 1437 1075 1474 foret
1107 1450 1221 1473 unum
1255 1437 1353 1474 ovile
1376 1445 1410 1474 et
1434 1450 1530 1474 unus

155 1506 195 1528 20
207 1501 347 1543 pastor
374 1494 527 1531 cunctis
561 1494 761 1531 viantibus
783 1494 1005 1532 viventibus
1037 1508 1136 1544 pure
1171 1495 1431 1532 conformiter
1453 1496 1529 1544 legi

213 1552 372 1589 Christi.
395 1554 443 1589 Et
459 1552 553 1601 quia
567 1565 658 1590 oves
675 1552 822 1589 Christi
838 1552 1039 1590 infinitum
1055 1553 1249 1590 excedunt
1265 1555 1359 1590 edos
1383 1553 1423 1590 in
1438 1567 1526 1602 pre-

213 1610 294 1646 mio
321 1612 379 1658 (ut
410 1619 520 1659 patet
552 1612 693 1647 Matth.
727 1612 859 1658 XXV),
894 1610 984 1648 ideo
1017 1611 1265 1660 evangelium
1290 1611 1404 1649 dicit:
1438 1613 1528 1663 Ego

213 1668 328 1704 vitam
361 1676 533 1705 eternam
567 1670 700 1706 <ideis
731 1677 766 1705 et
797 1682 870 1706 non
897 1670 1080 1719 peribunt
1111 1670 1146 1706 in
1179 1677 1366 1717 eternum,
1399 1678 1435 1706 et
1455 1683 1528 1708 non

212 1726 337 1776 rapiet
368 1739 433 1764 eas
465 1727 661 1776 quisquam
703 1729 750 1763 de
787 1741 901 1764 manu
941 1741 1036 1764 mea.
1082 1730 1184 1764 Nam
1224 1737 1361 1776 pastor
1400 1729 1528 1765 bonus

157 1787 196 1820 25
210 1785 321 1821 Jesus
354 1784 463 1822 ducit
496 1797 587 1822 oves
620 1798 711 1822 suas
745 1787 795 1822 ad
827 1798 979 1834 pascua
1011 1799 1169 1834 semper
1206 1785 1395 1833 virencia,
1436 1786 1527 1823 ideo

212 1851 269 1879 est
300 1842 415 1879 nobis
448 1843 512 1880 hic
550 1843 747 1880 incertum
787 1857 863 1893 que
902 1853 992 1881 sunt
1024 1844 1262 1892 simpliciter
1305 1857 1397 1882 oves
1445 1858 1525 1891 sue,

210 1902 279 1937 sed
311 1900 464 1949 signum
500 1901 707 1939 infallibile
740 1911 809 1948 est,
843 1902 875 1939 si
908 1902 1113 1939 humiliter
1146 1912 1365 1951 pascuntur
1387 1903 1426 1939 in
1448 1903 1527 1940 suis

210 1959 382 2007 pascuis,
417 1969 454 1996 et
486 1959 569 1996 sine
603 1972 737 1997 errore
769 1960 810 1996 in
842 1961 1001 2009 pascuis
1034 1960 1289 2007 Antichristi3
1322 1962 1394 1998 sub
1418 1961 1527 2010 virga

211 2029 283 2053 sua
315 2017 392 2053 sint
425 2019 472 2054 de
504 2018 611 2055 facili
643 2018 882 2056 seducibiles
915 2021 965 2056 ad
988 2018 1300 2056 strictitudinem
1323 2019 1384 2056 vie
1406 2029 1525 2056 recte.

155 2079 197 2111 30
269 2077 317 2111 Et
349 2075 502 2112 existo
547 2085 656 2125 patet
699 2078 918 2114 secundum
965 2079 1073 2127 quod
1118 2090 1210 2114 oves
1255 2077 1403 2115 Christi
1447 2091 1527 2115 non

210 2133 397 2181 peribunt
429 2133 470 2171 in
493 2143 687 2181 eternum,
720 2148 802 2172 non
824 2136 954 2172 solum
979 2135 1072 2185 quia
1095 2149 1176 2172 non
1200 2137 1528 2185 dampnabuntur

210 2201 418 2239 perpetuo,
453 2194 521 2229 sed
554 2193 648 2242 quia
681 2193 1047 2242 predestinatorum
1071 2194 1286 2231 tribulacio
1309 2194 1340 2231 si
1363 2204 1527 2231 vocetur

210 2249 360 2297 pericio
384 2259 441 2287 est
463 2251 721 2288 solummodo
744 2260 1006 2300 temporanea
1029 2261 1066 2289 et
1088 2254 1138 2289 ad
1163 2253 1325 2289 bonum.
1358 2254 1526 2289 Verum-

209 2315 345 2343 tamen
376 2321 457 2344 non
491 2309 636 2346 dicitur
669 2312 778 2359 quod
810 2310 892 2347 ovis
915 2310 1079 2348 sanacio
1103 2323 1193 2348 cum
1217 2310 1266 2347 sit
1290 2311 1525 2348 melioracio

152 2368 266 2401 35est
298 2365 463 2414 pericio.
498 2369 572 2404 Iste
605 2377 739 2405 autem
773 2378 924 2417 pastor,
958 2378 1166 2418 tamquam
1201 2369 1300 2405 alter
1323 2369 1451 2406 David
1479 2371 1525 2405 de

208 2423 322 2460 leone
355 2433 392 2460 et
424 2437 517 2461 urso
551 2425 709 2474 rapiens
742 2439 834 2464 oves
866 2440 969 2474 suas,
998 2436 1163 2476 propter
1185 2427 1523 2476 preeminenciam

208 2494 277 2518 sue
309 2482 494 2531 potencie
527 2492 585 2520 est
616 2483 870 2532 invincibilis,
915 2486 1005 2522 ideo
1051 2485 1236 2523 diabolus
1274 2498 1355 2522 non
1393 2494 1525 2534 potest

209 2540 257 2576 de
295 2552 417 2577 manu
461 2554 532 2578 sua
575 2554 716 2591 rapere
755 2555 846 2580 oves
885 2556 988 2581 suas.
1029 2543 1078 2580 Et
1110 2543 1223 2580 istius
1257 2543 1525 2580 conclusionis

278 2682 297 2701 1.
316 2675 360 2701 A:
383 2674 581 2703 formacione.
637 2683 662 2703 2.
679 2676 720 2703 C:
743 2676 845 2710 dives;
866 2677 906 2704 ib.
923 2677 1020 2705 ABC:
1044 2678 1095 2704 secl
1118 2678 1250 2704 Psalmo.
1309 2677 1336 2705 6.
1353 2677 1418 2705 BC:
1440 2676 1522 2712 quod

208 2708 417 2745 habeantrD:
439 2710 558 2743 abiant;
580 2710 618 2737 E:
642 2711 745 2738 abiam
764 2720 860 2738 corn:
883 2712 1003 2739 abeant.
1090 2721 1114 2747 7.
1138 2712 1204 2739 BC:
1226 2713 1268 2740 eis
1290 2712 1390 2746 dcem
1418 2712 1458 2739 ib.
1481 2712 1521 2739 C:

206 2743 290 2770 Abii*
353 2745 380 2771 ὅ.
402 2745 446 2771 A:
469 2744 506 2772 Et
548 2748 618 2772 uod.
683 2745 719 2773 13.
741 2746 780 2773 E:
803 2746 872 2782 qui3
893 2748 1041 2774 correxit:
1063 2747 1150 2782 quia:
1176 2747 1241 2774 ssC:
1264 2748 1326 2784 qui.
1389 2755 1427 2783 17.
1448 2747 1473 2774 E
1493 2747 1522 2774 in

208 2786 321 2813 marg:
342 2778 440 2818 Notay·
466 2779 507 2806 ib.
555 2779 595 2807 C:
618 2780 735 2808 cesarii.
849 2789 885 2814 ⁹4
918 2782 960 2808 D:
983 2790 1045 2808 eos.
1154 2784 1197 2809 25.
1221 2782 1287 2810 BC:
1312 2782 1335 2809 si
1358 2782 1387 2809 in
1409 2790 1522 2809 errore.

208 2814 252 2841 28.
275 2820 321 2848 29.
343 2813 384 2840 D:
408 2822 454 2840 vie
476 2822 537 2841 sue.
611 2814 656 2842 30.
679 2814 800 2842 BCDE:
823 2802 990 2843 chu'ndum
1014 2816 1106 2843 deest.

277 2907 308 2940 8.
336 2909 433 2941 Cant.
464 2910 486 2949 Ι,
513 2921 542 2951 7.

1614 1735 1745 1764 Christ‘s

1604 1776 1756 1807 pastures.
