2017 3353
192 245 268 281 312
767 254 989 286 JOHANNIS
1011 254 1193 286 vvvcmr
1215 254 1470 287 SERMONUM
1502 240 1653 298 [SERMO
1669 254 1790 281 mn.

189 368 291 407 ‹nn-isi
324 376 463 407 seniove>
478 361 517 396 in
552 361 659 397 celis.
695 363 742 396 Et
776 370 865 408 post
900 361 1080 397 Christus
1114 370 1292 398 removet
1325 363 1423 399 duas
1458 363 1684 400 evidencias
1717 378 1793 413 que

198 406 450 467 ξξζᾚέιῇζὲῃῖξξ
479 419 649 454 maxime
683 419 731 455 ad
766 419 981 455 avariciam
1016 419 1278 463 inclinarent;
1319 433 1394 468 que
1433 429 1524 457 sunt
1563 421 1793 459 inordinata

186 471 460 542 ωξὲῐξῷξὲἷοξῧξέἓ.
477 476 706 513 sollicitudo
740 477 845 513 circa
880 477 1031 514 cibaria
1064 479 1114 514 ad
1146 478 1413 514 nutricionem
1462 479 1682 527 corporalis
1714 480 1792 516 vite

478 547 599 582 quam
624 534 804 571 Christus
828 544 946 571 vocat
980 535 1292 572 sollicitudinem
1326 536 1459 573 anime
1493 545 1529 572 et
1562 537 1792 574 inordinata

477 592 706 629 sollicitudo
731 593 837 629 circa
861 601 1091 641 tegumenta
1116 607 1236 642 quam
1257 594 1438 631 Christus
1462 604 1577 631 vocat
1600 595 1825 632 sollicitu-5

479 650 613 687 dinem
649 651 841 698 corporis.

534 710 824 756 Argumentum
871 717 1003 745 autem
1039 708 1185 745 Christi
1231 722 1419 746 amovens
1465 711 1535 747 has
1580 712 1677 747 duas
1717 712 1792 748 sol-

478 766 706 803 licitudines
751 775 828 803 stat
862 767 901 802 in
934 766 1031 803 isto:
1084 767 1222 803 Anima
1255 768 1315 804 vel
1361 768 1582 817 corporalis
1614 768 1694 806 vita
1739 777 1793 806 est

474 824 722 874 prestancior
754 837 838 861 esca
872 837 940 860 sua
975 832 1009 861 et
1041 837 1183 875 corpus
1215 826 1378 862 hominis
1404 827 1650 875 prestancizts
1682 828 1792 863 vesti—

478 889 615 927 mento,
669 895 758 918 cum
807 891 1022 930 utrumque
1054 882 1103 918 sit
1138 883 1225 919 finis
1269 884 1404 931 gracia
1449 884 1559 921 cuius
1593 893 1649 921 est
1694 885 1850 921 illudio

478 940 668 976 medium.
723 941 800 976 Sed
833 942 938 976 Deus
983 940 1306 978 indefectibiliter
1351 942 1510 979 ordinat
1549 943 1646 979 istos
1680 943 1790 989 fines,

479 1011 572 1045 ergo
618 1010 708 1034 cum
741 1011 823 1035 non
870 1007 1002 1046 potest
1047 998 1216 1036 deficere
1250 999 1289 1035 in
1322 1000 1569 1046 necessariis,
1631 1001 1791 1038 ordinat

478 1056 609 1092 media
648 1055 874 1093 necessaria
907 1058 956 1093 ad
992 1058 1166 1093 eosdem.
1222 1060 1311 1094 Non
1345 1070 1437 1105 ergo
1472 1067 1528 1094 est
1561 1058 1791 1096 inordinata
1807 1085 1868 1116 FO]

478 1113 708 1150 sollicitudo
761 1123 926 1162 propter
978 1114 1044 1151 illa
1097 1115 1226 1152 media
1280 1128 1354 1152 nec
1410 1115 1488 1152 alia
1516 1111 1521 1170 Ι
1550 1116 1790 1154 adhibenda.
1812 1109 1889 1170 1752*

479 1174 652 1208 Omnem
688 1172 793 1208 enim
827 1172 1140 1209 sollicitudinem
1174 1182 1355 1210 nostram
1381 1175 1571 1210 debemus
1605 1174 1644 1210 in
1664 1176 1791 1211 Deum
1812 1177 1848 1210 15

477 1229 658 1278 proicere
692 1238 728 1266 et
760 1230 995 1267 secundarie
1028 1230 1067 1266 in
1099 1230 1264 1267 virtutes
1310 1240 1346 1268 et
1380 1244 1503 1280 opera
1534 1232 1711 1269 virtuosa
1750 1242 1792 1269 ut

477 1287 549 1324 sibi
584 1288 815 1336 placeamus
849 1297 885 1325 et
924 1288 977 1324 ibi
1022 1288 1252 1326 sollicitudo
1296 1298 1434 1327 nostra
1479 1291 1596 1327 debet
1640 1290 1790 1336 sistere,

478 1359 567 1383 cum
609 1345 657 1382 sit
703 1346 818 1383 aliter
860 1346 1103 1383 inordinata.
1159 1347 1397 1385 Sollicitudo
1443 1356 1577 1385 autem
1623 1361 1790 1397 operum

478 1403 726 1452 dispartitur,
780 1417 871 1441 cum
924 1404 1059 1453 aliqua
1110 1405 1159 1441 sit
1204 1405 1242 1442 in
1288 1415 1379 1442 actu
1433 1406 1791 1455 contemplacionis

478 1461 584 1498 circa
617 1475 742 1498 unum
786 1462 1073 1508 necessarium,
1110 1471 1146 1499 et
1179 1463 1256 1500 alia
1289 1463 1518 1500 sollicitudo
1552 1465 1611 1513 (ut
1645 1465 1849 1501 diciturzo

479 1522 584 1557 Luce
616 1521 687 1567 XO)
726 1528 782 1556 est
827 1533 917 1557 cum
971 1520 1207 1557 turbacione
1261 1521 1366 1558 circa
1418 1522 1593 1570 plurima
1638 1522 1678 1559 in
1710 1522 1789 1559 vita

479 1577 620 1614 activa.
655 1579 732 1614 Sed
766 1590 1003 1626 quecunque
1036 1591 1116 1615 non
1151 1579 1267 1615 fuerit
1312 1580 1537 1616 necessaria
1571 1581 1620 1616 ad
1664 1593 1788 1617 unum

479 1636 598 1672 finem
631 1635 818 1672 ultimum
869 1638 1195 1684 consequendum
1230 1646 1287 1674 est
1320 1637 1459 1675 illicita
1492 1647 1528 1674 et
1561 1638 1790 1675 sollicitudo

478 1693 698 1742 inpropria.
753 1694 991 1730 Sollicitudo
1037 1703 1170 1731 autem
1217 1695 1398 1743 predicta
1437 1696 1542 1733 circa
1576 1708 1721 1745 corpus
1755 1705 1791 1733 et

478 1751 654 1788 animam
680 1752 796 1788 debet
830 1752 1051 1789 mensurari
1086 1765 1205 1801 penes
1238 1754 1314 1790 hoc
1338 1755 1445 1802 quod
1479 1763 1535 1790 est
1566 1754 1791 1792 necessaria
1809 1757 1847 1789 25

479 1811 528 1846 ad
563 1809 683 1845 finem
720 1823 845 1846 unum
879 1810 1065 1846 ultimum
1101 1813 1442 1860 consequendum.

536 1869 740 1913 Quantum
764 1869 814 1904 ad
833 1867 1023 1905 alimenta
1042 1869 1224 1917 corporis
1248 1882 1324 1917 que
1347 1869 1480 1906 anime
1502 1870 1788 1907 subservirent:

476 1925 667 1975 Respicite
690 1926 860 1962 volatilia
891 1927 974 1970 celi,
1006 1927 1181 1975 quoniam
1216 1940 1288 1963 non
1320 1928 1578 1964 sollicitantur
1599 1928 1790 1965 sollicitu-

478 1983 569 2019 dine
601 1983 748 2032 triplici
782 1985 1095 2031 mundanorum,
1130 1994 1166 2021 et
1199 1994 1333 2022 tamen
1368 1995 1480 2034 pater
1513 1986 1667 2023 celestis
1699 1988 1789 2023 sub-

478 2042 596 2077 ducta
640 2041 709 2078 tali
754 2041 1024 2078 sollicitudine
1068 2043 1196 2091 pascit
1228 2043 1309 2080 illa.
1363 2045 1463 2080 Cum
1509 2056 1602 2092 ergo
1636 2056 1679 2080 ex
1712 2044 1789 2081 fide
1807 2047 1848 2078 30

478 2101 582 2135 Deus
615 2099 1024 2148 proporcionabiliter
1068 2101 1251 2149 providet
1284 2101 1389 2138 circa
1437 2114 1550 2138 suam
1593 2102 1787 2138 fabricam

477 2165 519 2193 ut
552 2165 609 2193 est
642 2157 761 2206 digna
794 2166 830 2194 et
854 2158 975 2194 homo
1010 2167 1066 2194 est
1096 2167 1240 2196 natura
1274 2159 1430 2207 dignior
1453 2172 1573 2207 quam
1597 2160 1788 2205 volatilia,

477 2214 657 2262 sequitur
705 2227 775 2263 per
822 2216 955 2253 locum
1002 2229 1024 2253 a
1068 2217 1213 2253 maiori
1258 2229 1301 2253 ex
1348 2216 1547 2253 infallibili
1580 2217 1651 2254 Dei
1696 2230 1788 2266 pro-

477 2271 658 2309 videncia
720 2274 828 2321 quod
880 2275 985 2310 Deus
1048 2274 1272 2322 providebit
1327 2276 1373 2311 de
1425 2275 1659 2312 necessariis
1710 2275 1788 2312 vite

478 2329 665 2376 hominis,
701 2343 790 2367 cum
824 2339 931 2368 totus
956 2332 1077 2368 homo
1101 2332 1342 2380 supponitur
1365 2332 1495 2369 divine
1518 2333 1787 2381 providencie.
1805 2336 1845 2368 35

479 2387 577 2433 Quis
622 2396 755 2424 autem
788 2387 918 2425 viator
961 2397 1093 2437 potest
1126 2391 1175 2426 ad
1209 2398 1404 2426 staturam
1450 2403 1563 2427 suam
1609 2391 1787 2428 cubitum

478 2458 602 2481 unum
644 2447 693 2482 ad
732 2454 869 2483 votum
915 2446 1096 2483 adicere?
1140 2447 1251 2484 cuius
1295 2448 1403 2484 racio
1449 2457 1505 2485 est
1544 2450 1651 2497 quod
1684 2451 1789 2485 Deus

478 2504 550 2540 sub
584 2502 695 2540 cuius
728 2503 997 2552 disposicione
1029 2513 1119 2541 sunt
1152 2505 1287 2542 onmia
1331 2506 1543 2544 necessitat
1586 2507 1636 2544 ad
1681 2520 1789 2543 men-

547 2671 572 2700 5.
592 2672 637 2699 A:
659 2671 739 2699 circa
759 2672 935 2707 tegumenti.
1010 2672 1034 2708 5,
1051 2672 1078 2699 6.
1100 2673 1165 2701 BC:
1188 2673 1363 2701 sollicitudo
1383 2674 1559 2709 tegumenti.
1583 2674 1726 2708 Corrcxi3
1747 2674 1786 2701 ib.

478 2707 505 2733 A
527 2706 555 2733 in
578 2715 690 2741 marg:
718 2707 901 2735 Sollicitudo
927 2707 1053 2742 triplex:
1083 2708 1105 2734 B
1135 2708 1163 2734 in
1195 2717 1308 2743 marga
1335 2708 1517 2737 Sollicitudo
1537 2709 1709 2736 inordinata
1730 2717 1787 2744 qne

479 2745 533 2768 cst.
607 2749 633 2776 7.
656 2741 694 2768 sse
717 2742 932 2768 ammoventis.
1001 2750 1041 2769 10.
1063 2743 1091 2769 A
1112 2742 1140 2769 in
1163 2751 1275 2778 marg:
1297 2743 1377 2770 Nota
1398 2743 1562 2770 racionem.
1637 2743 1680 2779 16.
1700 2744 1738 2770 B:
1760 2747 1787 2770 ct

479 2776 572 2802 deest.
647 2784 686 2814 17,
708 2775 747 2803 18.
768 2777 812 2803 A:
835 2780 938 2803 nostra
957 2792 990 2795 —
1011 2777 1184 2804 sollicitudo
1205 2778 1298 2804 deest.
1373 2778 1412 2805 18.
1434 2779 1462 2805 A
1482 2778 1510 2805 in
1534 2787 1599 2805 mar
1623 2788 1646 2805 ,τ
1668 2777 1787 2805 Sollici-

478 2810 553 2837 tudo
579 2810 756 2845 multiplex3
785 2810 807 2838 B
833 2810 864 2838 in
890 2819 1004 2846 marg.:
1033 2811 1153 2847 Duplex
1180 2812 1364 2839 sollicitudo.
1472 2820 1511 2840 21.
1538 2813 1582 2840 A:
1601 2787 1692 2840 gLuce
1717 2812 1784 2850 ΥΠ.

478 2844 521 2872 25.
543 2843 608 2871 BC:
630 2845 848 2872 necessarium.
964 2853 979 2872 2
1006 2867 1011 2873 .
1032 2846 1076 2873 A:
1097 2845 1226 2881 triplice.
1342 2845 1381 2874 31.
1401 2845 1473 2875 AC:
1496 2847 1783 2884 proporcionalitcr.

477 2877 521 2907 32.
542 2879 586 2908 A:
608 2883 646 2907 et.
718 2877 762 2908 33.
784 2878 823 2908 C:
844 2880 875 2908 in
895 2879 983 2908 effabi
998 2880 1017 2908 i.
1090 2879 1133 2916 37.
1154 2882 1198 2908 A:
1220 2885 1263 2908 est
1283 2881 1364 2917 quia.
