2017 3353
175 301 230 340 44

195 412 334 441 Reasons
356 413 427 449 why

248 449 299 475 the
319 453 381 476 star

762 300 987 333 JOHANle
1019 300 1200 332 WYCLIF
1229 300 1484 335 SERMONUM
1542 289 1700 344 [SERMO
1716 300 1781 328 vu.

465 405 653 443 babiliter
681 406 928 455 quesierunt.
961 410 1011 444 Et
1042 407 1117 443 hoc
1141 415 1273 444 totum
1297 408 1446 445 factum
1479 419 1548 457 est,
1574 419 1617 447 ut
1640 423 1780 448 cursus

175 482 384 518 disappeared
404 472 547 511 fortam
592 464 782 502 notabilis
829 467 876 502 de
916 466 1076 503 Herode
1125 474 1162 501 et
1205 465 1347 502 ceteris
1392 465 1621 515 impleatur.
1665 471 1780 506 Unde

254 526 269 545 a
291 523 375 546 llme.

186 2311 254 2340 The
275 2318 337 2341 star
357 2323 421 2341 was

177 2349 276 2384 ncwly
296 2349 428 2381 created,

211 2390 320 2411 nearer
340 2384 391 2411 the

213 2418 299 2445 earth
320 2419 391 2446 than

199 2452 250 2479 the
272 2458 351 2480 stars
373 2453 408 2482 of

242 2487 370 2515 heaven.

467 522 613 559 dicitur
651 523 921 560 communiter
954 524 1065 573 quod
1107 523 1247 570 triplex
1293 532 1351 560 est
1384 525 1492 562 racio
1537 540 1661 575 quare
1703 527 1779 564 dis-

466 590 630 628 parente
664 580 779 617 stella
803 581 842 617 in
864 581 1084 618 Jerusalem
1121 581 1331 618 dominum
1362 583 1607 631 quesierunt,
1648 585 1779 633 prima

467 648 510 675 ut
545 638 652 686 magi
686 651 768 675 non
802 640 934 676 solum
970 638 1106 676 celesti
1147 639 1260 687 signo
1295 641 1363 676 sed
1397 640 1506 678 dicto
1540 643 1778 691 prophetico

467 696 749 742 informentur,
801 699 978 734 secundo
1023 706 1066 733 ut
1111 696 1319 733 nativitate
1354 697 1501 736 Christi
1546 700 1585 736 in
1618 701 1778 739 civitate

468 754 575 802 regia
609 755 834 791 secundum
869 754 1107 803 prophecias
1138 756 1359 791 Judeorum
1395 756 1555 803 publice
1587 759 1777 796 nunciata

464 812 578 848 Judei
612 813 743 861 ipsum
768 825 848 848 non
872 813 1112 862 recipientes
1148 812 1435 850 inexcusabiles
1466 815 1705 863 habeantur,
1739 826 1776 855 et

466 870 588 907 tercio
634 879 679 906 ut
722 870 931 919 implendo
979 871 1217 920 prophecias
1257 871 1450 920 figuretur
1482 873 1600 911 fidem
1635 876 1776 912 devote

465 927 766 976 suscipiendam
801 942 823 965 a
856 929 1041 977 gentibus
1075 938 1112 966 et
1135 942 1157 965 a
1181 929 1317 966 Judeis
1353 934 1409 976 (ut
1444 930 1682 982 plurimum)
1716 947 1775 971 re-

464 987 686 1033 futandam,
722 999 813 1023 cum
838 987 1007 1036 gentiles
1041 987 1079 1024 in
1104 987 1283 1024 sensibili
1307 988 1421 1036 signo
1447 990 1546 1026 moti
1579 1000 1774 1040 tanquam

465 1044 725 1081 irracionales
749 1045 868 1081 fidem
894 1054 1154 1094 susceperant
1177 1054 1214 1082 et
1238 1046 1439 1082 Christum
1465 1048 1652 1086 devocius
1677 1051 1775 1087 ado-

465 1111 632 1149 rarunt3
666 1103 895 1140 sacerdotes
931 1105 979 1141 ab
1014 1104 1156 1152 angelo
1190 1112 1383 1153 tanquam
1418 1105 1683 1144 racionabiles
1708 1109 1774 1146 de-

463 1162 632 1197 buerant
665 1160 808 1197 instrui
843 1174 913 1210 per
944 1171 1142 1210 pastores,
1184 1163 1251 1198 sed
1286 1162 1523 1200 destiterant
1560 1165 1776 1204 infideliter

463 1219 644 1255 adorare.
693 1221 742 1256 Et
785 1219 841 1256 sic
875 1221 1042 1257 docetur
1087 1220 1206 1256 fidem
1253 1220 1423 1257 fideliter
1455 1223 1653 1270 quesitam
1688 1237 1774 1262 esse

463 1276 727 1324 multiplicius
762 1277 1026 1323 declaratam,
1073 1278 1166 1327 quia
1199 1279 1343 1315 veritas
1383 1282 1603 1318 secundum
1644 1283 1773 1330 philo-

462 1335 609 1382 sophos
642 1344 813 1372 testatur
845 1336 919 1372 sibi
952 1337 1027 1385 ipsi
1051 1335 1239 1373 omnibus
1274 1337 1420 1375 modis.
1452 1339 1621 1376 Audiens
1645 1346 1772 1378 autem

460 1393 640 1429 Herodes
671 1394 848 1430 turbatus
871 1402 925 1431 est
950 1394 1152 1443 cupidine,
1188 1407 1279 1431 cum
1305 1394 1440 1432 timuit
1463 1409 1629 1445 regnum
1654 1399 1771 1436 amit-

462 1460 543 1487 tere
577 1460 665 1498 post
701 1460 871 1488 mortem
906 1453 1098 1500 Antigoni
1132 1461 1167 1489 et
1199 1454 1320 1490 omnis
1342 1454 1579 1492 Jerosolima
1612 1467 1649 1494 et
1683 1471 1771 1506 spe—

460 1508 615 1545 cialiter
658 1510 831 1558 populus
872 1510 947 1547 sibi
992 1511 1146 1557 favens;
1195 1519 1231 1548 et
1273 1524 1522 1563 congregans
1552 1517 1772 1553 sacerdotes

459 1575 494 1603 et
537 1568 697 1612 scribas,
742 1568 810 1617 qui
845 1569 1082 1617 prophecias
1127 1582 1245 1606 nosse
1279 1570 1501 1607 debuerant
1545 1585 1643 1621 quas
1687 1573 1771 1622 ipse

459 1624 669 1673 ignoravit,
702 1627 970 1663 sciscitabatur
1002 1628 1047 1663 ab
1081 1628 1133 1663 eis
1165 1628 1227 1663 ubi
1253 1627 1431 1664 Christus
1456 1631 1772 1679 prophetabatur

459 1684 682 1720 nascendus
736 1686 787 1720 At
831 1684 887 1721 illi
933 1685 1087 1722 Michee
1131 1686 1376 1722 sentenciam
1418 1696 1454 1723 et
1485 1700 1565 1724 non
1604 1688 1640 1724 in
1683 1698 1768 1727 toto

458 1742 671 1778 verborum
696 1742 879 1779 ordinem
905 1743 1146 1791 exprimunt,
1177 1757 1351 1792 quorum
1376 1744 1547 1782 formam
1567 1747 1769 1785 Mattheus

460 1799 662 1847 exprimit:
705 1802 805 1837 Tunc
837 1801 1017 1838 Herodes
1050 1801 1194 1838 timens
1219 1810 1347 1838 totum
1373 1803 1554 1840 animum
1578 1817 1695 1842 suum
1729 1805 1769 1842 in

460 1857 536 1893 isto
568 1857 702 1894 Judeis
737 1860 919 1907 detegere
951 1859 1011 1896 vel
1045 1859 1265 1907 excogitata
1299 1873 1370 1897 sua
1402 1860 1563 1898 malicia
1587 1864 1769 1901 convinci

459 1915 657 1963 posterius
691 1916 790 1953 clam
814 1918 964 1954 vocavit
997 1930 1134 1969 magos
1157 1917 1344 1965 fingendo
1368 1919 1645 1967 mendacium3
1676 1934 1769 1959 nam

459 1975 517 2020 (ut
542 1974 804 2021 probabiliter
826 1975 1015 2021 creditur)
1050 1976 1110 2012 vel
1133 1975 1260 2012 voluit
1282 1976 1475 2014 occidisse
1508 1991 1646 2027 magos
1681 1989 1771 2028 post

458 2044 573 2068 suum
608 2031 781 2069 reditum
816 2033 875 2069 vel
906 2033 1116 2070 dominum
1146 2034 1207 2072 vel
1240 2042 1471 2083 utrumque.
1506 2036 1611 2084 Magi
1636 2046 1768 2074 autem

458 2089 693 2126 innocenter
738 2099 774 2126 et
819 2092 961 2128 devote
1006 2091 1189 2128 abierant
1235 2102 1600 2142 consummataque
1649 2101 1802 2132 causa⁰

458 2147 652 2183 adventus
698 2147 756 2184 sui
812 2148 851 2184 in
894 2149 1116 2185 Jerusalem
1168 2149 1458 2198 deficienteque
1503 2152 1667 2189 homine
1711 2153 1769 2189 in-

458 2212 650 2253 struente,
684 2205 799 2242 stella
832 2205 944 2254 prior
977 2207 1016 2242 in
1041 2216 1231 2255 promptu
1266 2207 1378 2243 affuit
1402 2217 1439 2244 et
1462 2209 1646 2247 ducendo
1681 2211 1769 2248 illos

458 2261 497 2298 in
531 2263 763 2299 Bethlehem
799 2274 1009 2312 tamquam
1045 2265 1186 2301 doctor
1220 2265 1447 2313 intelligens
1481 2266 1535 2303 ibi
1569 2268 1691 2306 stetit.

515 2322 570 2356 Ex
603 2333 683 2369 quo
717 2322 844 2358 sancti
880 2322 1146 2369 probabiliter
1170 2323 1414 2360 convincunt
1438 2326 1546 2373 quod
1566 2326 1637 2363 hec
1656 2327 1771 2364 stella

458 2390 537 2413 non
580 2378 653 2415 fuit
688 2379 842 2416 celestis
877 2380 916 2415 in
950 2380 1148 2428 principio
1185 2381 1326 2417 mundi
1360 2382 1477 2428 facta,
1511 2385 1579 2419 sed
1613 2385 1771 2421 noviter

458 2444 604 2482 creata,
640 2435 680 2472 in
704 2436 842 2473 intimo
866 2437 968 2474 aeris
1004 2438 1226 2476 intersticio
1251 2439 1494 2477 miraculose
1517 2450 1642 2488 mota,
1677 2442 1771 2491 quia

520 2554 546 2573 2.
567 2548 611 2574 A:
637 2552 664 2574 et
684 2547 761 2575 aliis.
829 2557 859 2581 4·
874 2547 915 2575 C:
939 2549 1051 2581 Deum3
1076 2549 1116 2576 ib.
1137 2551 1165 2577 A
1185 2549 1214 2577 in
1237 2558 1352 2585 marg-2
1376 2559 1394 2578 ι.
1467 2552 1494 2579 6.
1510 2552 1538 2579 Α
1558 2553 1588 2580 in
1610 2561 1725 2587 marg.:
1745 2562 1771 2580 2.

451 2589 477 2615 7.
499 2581 539 2608 B:
562 2583 704 2609 nunciata
725 2584 859 2610 correxit
879 2592 911 2610 e:
934 2584 1123 2612 necessitate.
1228 2593 1256 2620 9.
1273 2588 1301 2612 A
1321 2586 1352 2613 in
1374 2594 1490 2621 marg.:
1512 2585 1544 2620 33
1565 2588 1606 2615 ib.
1627 2590 1672 2615 A:
1697 2589 1772 2616 fides

451 2616 559 2643 devote
580 2617 825 2652 suscipiendum.
900 2626 933 2644 ιι.
955 2620 999 2646 A:
1022 2619 1150 2653 gentiles
1172 2619 1295 2647 visibili.
1377 2629 1416 2648 12.
1438 2624 1484 2648 A:
1506 2622 1722 2657 susciperent.
1741 2644 1747 2649 .
1764 2645 1770 2650 .

450 2650 625 2678 adorarent.
699 2650 736 2679 13.
761 2652 800 2679 C:
818 2652 997 2680 racionates.
1074 2662 1115 2688 ις).
1145 2654 1164 2680 Β
1181 2655 1211 2681 in
1228 2663 1342 2689 marg.:
1363 2655 1524 2690 Antigono
1541 2663 1685 2691 regnante
1702 2663 1772 2691 post

450 2685 590 2712 Herodes
612 2686 772 2713 interfecto
794 2695 830 2713 eo
852 2687 1012 2722 occupavit
1033 2696 1173 2723 regnum,
1192 2689 1270 2716 sicut
1291 2695 1394 2717 narrat
1413 2690 1564 2725 Josephus
1588 2691 1668 2719 libro
1683 2692 1770 2719 Anti-

448 2720 617 2755 quitatum:
659 2720 702 2749 ib.
730 2721 750 2748 B
778 2721 807 2748 in
836 2729 950 2754 marga
991 2723 1039 2749 hic
1066 2723 1217 2758 accipitur
1249 2732 1320 2759 pars
1348 2733 1405 2759 pro
1437 2730 1512 2752 toto.
1552 2725 1772 2754 Communiter

448 2755 531 2782 enim
559 2755 681 2789 d1ci1ur,
711 2755 837 2791 quando
859 2756 992 2783 maiores
1013 2756 1143 2785 civitatis
1176 2759 1293 2793 aliquid
1322 2759 1436 2786 iaciunt
1463 2760 1544 2795 quod
1572 2765 1635 2787 tota
1664 2762 1771 2788 civitas

448 2789 528 2822 fecit,
551 2790 629 2817 sicut
652 2790 681 2817 in
703 2791 868 2825 proposito
884 2790 926 2818 illi
964 2791 994 2818 ui
1009 2797 1095 2819 erant
1109 2793 1242 2820 maiores
1263 2794 1375 2821 ibidem
1392 2800 1418 2821 et
1434 2794 1463 2821 in
1485 2795 1640 2828 regalibus
1660 2795 1771 2823 officiis

448 2823 619 2852 existentes
644 2823 691 2851 Illi
711 2832 782 2852 cum
803 2833 878 2859 ergo
899 2830 948 2853 tur
972 2827 1012 2853 ati
1033 2832 1114 2854 sunt.
1137 2827 1201 2855 Hec
1223 2827 1244 2854 L
1271 2835 1312 2855 ra.
1441 2836 1479 2855 21.
1500 2829 1545 2856 A:
1566 2830 1637 2864 qui;
1663 2829 1705 2857 ib.
1726 2832 1770 2858 A:

447 2866 551 2886 nosce.
639 2866 680 2886 22.
696 2860 741 2887 A:
758 2859 936 2893 ignorabat;
976 2861 1019 2888 ib.
1034 2863 1079 2888 A:
1097 2863 1246 2897 prophete
1271 2868 1350 2891 atur.
1441 2861 1484 2890 23.
1507 2863 1630 2892 Codd.:
1650 2866 1691 2891 At
1711 2865 1771 2892 ille.

447 2900 493 2926 24.
508 2893 542 2920 B:
567 2893 687 2921 ordine.
760 2894 863 2923 26.A:
885 2895 975 2922 miste
986 2895 1019 2929 (Ι)
1033 2895 1138 2923 Judeis
1160 2897 1301 2933 dirigere.
1374 2897 1420 2925 28.
1435 2898 1478 2925 C:
1499 2898 1609 2926 dicitur
1624 2899 1770 2927 creditur.

446 2927 493 2960 34.
514 2929 542 2955 A
562 2928 592 2955 in
614 2936 726 2963 marg.:
750 2936 769 2956 ι.
855 2927 900 2956 ?6.
922 2930 966 2957 A:
988 2930 1080 2966 quod.

1795 949 1834 970 10

1794 1229 1830 1262 15

1789 1531 1830 1552 20

1787 2390 1827 2422 35
