2017 3353
192 297 212 321 Ν

204 744 273 774 The
297 749 359 772 two
379 742 473 770 disci-

214 782 279 815 ples
303 782 462 814 represent

200 816 313 852 priests
342 814 401 841 and
432 820 475 840 se-

282 850 394 878 culars.

241 2238 345 2266 These
366 2236 479 2264 should

788 281 1012 318 JOHANNIS
1028 280 1212 313 WYCLIF
1241 278 1498 311 SERMONUM
1592 262 1745 320 [SERMO
1765 271 1787 299 1.

483 402 521 430 et
550 401 608 429 est
632 391 768 429 villula
799 391 840 427 in
875 391 975 438 pede
1011 387 1159 425 montis
1190 383 1348 431 Oliveti,
1380 381 1564 419 distantis
1594 383 1642 418 ab
1676 382 1787 417 Jeru-

483 451 608 489 salem
650 462 731 486 uno
773 448 922 486 miliari
961 445 1025 498 (ut
1065 454 1175 494 patet
1208 445 1295 482 Act.
1331 444 1395 488 10),
1443 449 1481 477 et
1521 440 1790 488 deputabatur

485 508 776 547 sacerdotibus.
827 509 875 543 Et
918 506 994 542 hoc
1038 505 1156 541 docet
1197 515 1269 539 nos
1313 500 1540 537 sacerdotes
1584 497 1790 545 quomodo

489 567 671 606 Christus
700 579 777 616 pro
811 564 916 602 nobis
937 565 1075 613 factus
1108 569 1162 598 est
1194 572 1336 612 egenus
1375 560 1432 604 (ut
1476 565 1587 605 patet
1622 557 1673 591 11³
1699 556 1790 591 Cor.

484 627 604 672 V1110‚
631 628 681 671 9).
708 625 772 661 Sic
797 623 902 660 enim
928 621 1058 670 primo
1082 619 1231 656 mansit
1253 618 1292 654 in
1310 616 1458 662 villula,
1483 627 1562 651 non
1586 614 1628 651 in
1647 622 1791 659 castro,
1809 616 1826 650 5

488 685 558 721 sed
593 683 633 719 in
667 682 756 719 loco
793 682 832 718 in
860 693 940 728 quo
968 687 1104 727 posset
1128 677 1266 725 apcius
1295 687 1424 712 serere
1451 672 1603 721 populo
1626 673 1793 708 verbum

488 742 583 779 oris.
617 741 707 778 Duo
733 739 913 790 discipuli
945 737 1051 774 missi
1071 735 1291 772 Jerusalem
1316 741 1408 770 sunt
1432 729 1662 768 coordinati
1685 741 1795 777 pres-

489 799 617 848 byteri
644 807 681 835 et
707 798 907 836 seculares
936 794 1090 832 domini
1116 794 1183 841 qui
1212 793 1357 828 debent
1379 791 1415 826 in
1450 788 1648 826 castellum
1688 787 1797 835 quod

492 866 551 895 est
584 857 806 893 Jerusalem
854 853 1068 892 contraire.
1120 850 1341 887 Jerusalem
1377 848 1484 884 enim
1518 846 1592 882 fuit
1639 854 1798 881 murata

493 916 621 952 tribus
658 915 782 951 muris
818 926 863 950 ac
905 909 1222 960 propugnaculis
1265 907 1368 944 sicut
1402 914 1592 954 castrum,
1635 912 1673 940 et
1712 902 1856 950 ipsam

495 974 716 1011 secundum
762 984 855 1009 suos
886 969 1038 1006 incolas
1082 968 1156 1004 fuit
1195 974 1335 1002 contra
1373 964 1577 1001 Christum
1617 974 1662 998 ac
1705 973 1798 997 suos

495 1031 715 1080 apostolos.
748 1030 872 1068 Asina
895 1036 1029 1065 autem
1054 1024 1295 1069 communis,
1321 1024 1514 1070 deputata
1540 1020 1677 1057 usibus
1700 1032 1799 1067 pau-

494 1102 649 1138 perum,
690 1102 780 1125 cum
820 1086 931 1135 pullo
967 1097 1039 1121 suo
1074 1097 1145 1132 per
1184 1082 1273 1118 illos
1310 1082 1410 1117 duos
1445 1078 1663 1126 discipulos
1707 1087 1800 1114 tunc

495 1147 662 1185 solvitur
703 1157 739 1184 et
776 1145 934 1183 Christo
970 1142 1196 1187 adducitur,
1253 1140 1415 1187 quando
1450 1138 1677 1174 sacerdotes
1713 1135 1802 1172 imi-

497 1215 632 1242 tantur
667 1205 814 1241 Christi
850 1208 1133 1250 paupertatem
1170 1208 1208 1235 et
1242 1196 1397 1234 domini
1432 1194 1675 1243 temporales
1711 1206 1802 1229 cum
1824 1198 1859 1231 15

500 1263 777 1300 moderamine
815 1261 898 1298 eius
927 1258 1168 1295 dominium.
1213 1259 1262 1293 Et
1296 1256 1398 1291 sicut
1424 1255 1475 1290 ad
1503 1253 1660 1289 literam
1694 1251 1803 1299 prius

498 1321 599 1358 sedit
647 1334 767 1369 super
807 1319 963 1368 pullum
1001 1326 1038 1353 et
1073 1316 1216 1352 deinde
1253 1326 1373 1361 super
1407 1312 1560 1349 asinam
1603 1310 1663 1361 (ut
1697 1318 1807 1357 patet

499 1379 625 1416 Marci
659 1381 745 1426 X10‚
783 1390 804 1426 7
842 1386 880 1413 et
914 1377 1021 1411 Luce
1056 1375 1177 1420 XlX0‚
1215 1369 1298 1423 30),
1342 1371 1398 1408 sic
1433 1370 1544 1418 prius
1579 1367 1806 1416 subiugavit

500 1437 575 1474 sibi
611 1437 777 1485 gentiles
813 1435 980 1471 effrenes
1025 1432 1129 1469 sicut
1164 1430 1311 1479 pullos,
1356 1429 1424 1465 sed
1467 1428 1506 1464 in
1548 1426 1624 1463 fine
1668 1425 1806 1462 mundi

500 1496 617 1544 plene
651 1493 881 1543 subiugabit
915 1491 990 1528 sibi
1025 1492 1185 1536 Judeos,
1234 1496 1439 1536 portantes
1474 1497 1598 1522 onera
1632 1484 1729 1532 legis
1764 1491 1808 1519 ut
1823 1500 1865 1521 20

506 1552 654 1591 asinos

561 1611 638 1648 Sed
680 1611 773 1659 quia
810 1608 991 1646 Christus
1027 1607 1067 1643 in
1101 1605 1282 1654 quolibet
1315 1605 1459 1640 horum
1502 1601 1622 1638 trium
1662 1601 1807 1636 adven-

502 1678 614 1706 tuum
645 1669 822 1706 ostendit
855 1678 972 1703 suum
1003 1664 1243 1709 dominium,
1280 1662 1369 1698 ideo
1405 1659 1501 1697 dicit
1532 1658 1617 1695 istis
1653 1659 1810 1694 duobus

504 1728 701 1775 apostolis
746 1727 854 1775 quod
898 1724 1036 1761 dicant
1082 1719 1414 1770 impugnantibus
1457 1717 1539 1754 eius
1585 1715 1810 1753 dominium

507 1786 615 1833 quod
651 1786 724 1822 iste
758 1786 834 1821 due
867 1781 1058 1819 naciones
1094 1789 1186 1817 sunt
1220 1777 1445 1816 necessarie
1481 1775 1648 1812 domino
1681 1773 1811 1810 domi·
1831 1782 1870 1814 25

507 1856 667 1881 norum.
733 1846 782 1880 Et
825 1840 1035 1878 confestim
1081 1839 1301 1875 secundum
1349 1848 1466 1872 suum
1513 1832 1811 1880 beneplacitum

507 1901 739 1949 perficietur
782 1900 864 1937 eius
909 1897 1133 1935 dominium
1185 1896 1225 1932 in
1279 1892 1471 1931 membris
1528 1903 1604 1939 que
1647 1891 1697 1927 ad
1740 1891 1816 1926 hoc

509 1961 738 1996 eternaliter
783 1957 996 1995 ordinavit.
1060 1957 1162 1991 Nam
1210 1952 1402 1990 Zacharie
1442 1951 1526 1996 IX0‚
1577 1961 1598 1996 9
1648 1949 1696 1985 de
1742 1948 1818 1984 isto

510 2030 600 2065 rege
648 2018 795 2054 dicitur
838 2016 947 2064 quod
991 2014 1127 2050 dicant
1168 2010 1387 2047 Jerusalem
1426 2020 1501 2055 que
1544 2015 1725 2054 protecta
1760 2014 1820 2042 est

511 2075 710 2112 fortalicio
745 2077 851 2124 Syon
887 2073 990 2109 sicut
1024 2071 1105 2107 filia
1142 2078 1268 2106 matre
1304 2080 1386 2114 sua,
1428 2075 1466 2101 et
1501 2065 1631 2112 signat
1667 2063 1818 2100 clerum
1836 2072 1878 2106 30

511 2146 532 2169 a
568 2132 743 2170 dominis
779 2131 1026 2169 secularibus
1063 2127 1338 2164 defensatum:
1382 2123 1522 2167 Dicite,
1558 2121 1699 2172 inquit,
1734 2121 1820 2158 huic

502 2190 590 2241 filie
623 2191 724 2241 quod
758 2202 832 2227 rex
865 2201 955 2225 suus
989 2187 1101 2230 venit,
1144 2197 1225 2221 non
1262 2182 1432 2220 civiliter
1466 2180 1714 2226 castellatus,
1751 2179 1818 2215 sed

225 2273 352 2301 witness
378 2257 744 2305 againstmansuetns‚
788 2248 922 2284 sedens
961 2256 1078 2294 super
1113 2243 1260 2279 asinam
1296 2248 1330 2277 et
1366 2239 1519 2289 pullum
1551 2238 1683 2288 filium
1725 2238 1820 2274 eius.

251 2309 300 2336 the
320 2305 470 2334 endowed

304 2343 428 2377 clergy3

514 2309 563 2343 Et
587 2307 796 2344 moraliter
820 2303 1062 2342 scienciores
1085 2302 1132 2337 de
1156 2299 1241 2336 istis
1266 2300 1421 2334 duobus
1445 2295 1653 2343 discipulis
1678 2296 1823 2331 debent

516 2373 750 2402 constanter
785 2363 917 2399 dicere
953 2369 1093 2397 contra
1129 2357 1382 2402 castellanos,
1425 2356 1502 2391 hoc
1538 2362 1609 2399 est,
1663 2354 1822 2389 dotatos
1841 2359 1880 2392 35

517 2423 686 2460 clericos
723 2422 790 2470 qui
823 2429 914 2457 sunt
948 2430 1106 2465 semper
1131 2425 1271 2453 contra
1296 2413 1445 2450 Christi
1469 2411 1690 2459 discipulos
1714 2410 1822 2458 quod

587 2509 607 2528 t.
629 2499 696 2527 BC:
718 2498 831 2526 Oliveti
865 2495 1004 2524 omitted.
1078 2493 1103 2522 3.
1136 2491 1208 2520 BC:
1240 2491 1415 2518 sacerdotes
1438 2488 1555 2517 Christi
1583 2487 1742 2527 quomodo
1769 2494 1826 2522 pro

518 2536 621 2564 nobis.
718 2534 741 2562 5.
763 2532 828 2560 BC:
851 2532 931 2559 enim
954 2529 1095 2557 omitted.
1199 2535 1226 2561 7.
1248 2526 1287 2553 B:
1308 2525 1425 2552 cordati
1448 2524 1630 2559 presbyteri.
1734 2522 1761 2548 8.
1781 2522 1827 2548 A:

518 2571 629 2598 debent
649 2569 749 2605 quasi.
862 2575 898 2594 ιι.
920 2566 960 2592 ss:
981 2569 1107 2600 propter
1128 2570 1202 2589 suos
1233 2562 1289 2591 <Az
1311 2560 1407 2594 suas).
1513 2557 1551 2586 13.
1580 2558 1619 2585 B:
1640 2557 1715 2584 istos
1736 2556 1826 2583 duos.

518 2614 557 2640 ¹7-
579 2605 620 2633 C:
654 2604 784 2639 pullum,
811 2601 933 2629 deinde.
1035 2598 1075 2626 18.
1108 2599 1151 2625 A:
1183 2595 1308 2623 Matthei
1328 2596 1402 2622 Xl0.
1505 2601 1547 2628 ¹9·
1569 2592 1612 2620 C:
1633 2590 1765 2618 effrenos
1785 2596 1828 2618 ut.

518 2648 563 2667 20.
586 2640 654 2667 AB:
678 2640 784 2674 plane3
805 2638 850 2664 A:
872 2636 930 2663 sibi
951 2634 1092 2662 omitted.
1198 2629 1241 2658 23.
1264 2632 1307 2658 A:
1331 2631 1395 2657 suis
1415 2629 1548 2656 duobus.
1646 2626 1688 2654 25.
1709 2627 1753 2653 A:
1781 2625 1830 2652 ille

519 2677 597 2706 due:
621 2673 661 2701 C:
683 2673 767 2709 quod
789 2676 869 2698 recte
889 2671 959 2698 due.
1032 2676 1076 2701 27.
1099 2667 1142 2695 C:
1173 2666 1286 2693 adhuc.
1357 2672 1403 2699 29.
1426 2663 1504 2692 AC:
1534 2666 1670 2697 protecta
1690 2660 1830 2687 omitted.

520 2709 565 2738 30.
583 2709 626 2737 C:
649 2709 693 2736 sic
718 2708 789 2739 filia;
818 2706 859 2733 ib.
879 2707 927 2732 A:
950 2709 977 2731 et
997 2708 1026 2730 et
1045 2703 1164 2737 signat;
1188 2702 1228 2728 15:
1252 2700 1403 2734 significat
1417 2707 1433 2726 a
1448 2698 1594 2726 dominis.
1675 2694 1714 2722 31.
1729 2695 1829 2722 Codd.

520 2753 536 2772 a
558 2744 696 2772 omitted.
825 2741 868 2769 32.
890 2740 933 2766 B:
954 2738 1080 2766 venerit.
1188 2736 1230 2764 33.
1251 2736 1326 2762 AB:
1346 2736 1442 2762 tilium
1463 2731 1602 2761 omitted.

592 2805 646 2837 30.
666 2802 772 2835 Zach.
793 2802 848 2841 lX,
867 2811 906 2844 9:
933 2800 1024 2832 Ecce
1043 2807 1112 2830 rex
1139 2802 1217 2829 tuus
1243 2796 1339 2828 venit
1364 2794 1428 2827 tibi
1450 2794 1561 2826 iustus
1594 2796 1627 2824 et
1651 2791 1832 2824 salvator.-

522 2853 594 2894 ipse
614 2860 757 2893 pauper
783 2852 817 2881 et
843 2846 1038 2880 ascendens
1063 2853 1169 2886 super
1195 2844 1333 2875 asinam
1361 2846 1395 2874 et
1425 2849 1532 2883 super
1556 2838 1692 2881 pullum
1712 2838 1830 2880 filium

522 2907 656 2930 asmae.
