2017 3353
102 302 180 328 200
687 302 910 333 JOHANNIS
928 302 1112 333 WYCLIF
1131 301 1386 335 SERMONUM
1431 289 1583 347 [SERMO
1606 302 1698 329 XXX·

444 409 486 443 In
519 408 594 444 hoc
627 407 831 455 evangelio
865 421 954 444 cum
989 407 1037 444 sit
1059 408 1099 444 in
1131 422 1211 445 uno
1236 411 1283 445 de
1307 409 1482 458 quinque
1515 410 1699 459 capitulis

385 464 626 513 supradictis
658 465 832 502 inculcat
866 465 1046 502 Christus
1078 468 1198 503 verba
1232 467 1502 504 consolatoria
1526 469 1574 504 de
1596 468 1699 516 peri-

147 517 214 545 The
232 517 313 545 Jews
386 522 483 559 culis
534 536 610 571 que
661 523 830 571 predixit
882 523 1074 571 apostolis
1118 525 1263 561 futura.
1308 525 1421 561 Judei
1466 535 1599 562 autem
1644 526 1700 563 sic

152 552 326 614 Ἳὲὲέῗιςεὲῐίῗ
384 580 582 629 persecuti
625 590 715 617 sunt
760 582 964 629 apostolos
1003 591 1167 630 propter
1212 582 1486 630 ignoranciam
1533 597 1611 632 qua
1656 597 1699 621 ex

147 622 321 691 ξέζὲξζῧὲἔ
384 651 455 675 sua
508 638 667 675 malicia
720 648 811 675 sunt
864 639 1008 684 cecati3
1061 639 1151 676 ideo
1202 642 1288 677 Joh.
1342 643 1444 687 ΧΨ),
1500 652 1542 677 21
1604 641 1732 680 dicit5

384 695 564 732 Christus
603 698 675 733 hec
718 698 838 733 verba
878 697 1167 734 consolatoria:
1206 699 1259 734 Et
1289 699 1357 735 lzec
1390 700 1514 735 omnia
1547 701 1700 748 facient

384 755 489 790 vobis
520 762 688 803 propter
725 767 859 791 nomen
893 768 1030 802 meum,
1069 768 1154 804 qma
1188 765 1357 793 nescmnt
1388 770 1471 793 eum
1505 758 1569 806 qui
1599 758 1699 794 mzsit

382 825 452 848 me.
499 811 608 848 Sicut
656 812 761 849 enim
808 825 925 849 cause
972 812 1065 850 boni
1110 826 1150 850 se
1192 813 1328 851 iuvant
1379 814 1596 863 reciproce
1642 815 1698 853 sic

382 882 500 906 cause
545 869 640 906 mali
685 882 725 906 se
769 869 875 918 ipsas
920 881 1165 908 concausant
1208 872 1413 920 reciproce
1451 874 1501 909 ad
1546 874 1695 910 malum

381 927 567 963 ultimum
607 927 890 964 inducendum.
925 931 1026 965 Nam
1060 929 1197 965 odium
1237 943 1316 978 quo
1347 931 1462 967 Judei
1495 931 1697 967 Christum
1718 947 1756 969 10

382 987 550 1021 oderant
582 985 655 1021 fuit
689 998 808 1022 causa
847 986 1143 1034 persecucionis
1175 989 1452 1035 apostolorum
1489 998 1526 1025 et
1559 989 1697 1026 odium

382 1055 461 1091 quo
494 1052 649 1091 patrem
683 1046 851 1080 oderant
884 1044 955 1081 fuit
988 1057 1108 1082 causa
1141 1045 1222 1081 odii
1255 1046 1474 1094 utriusque,
1500 1056 1536 1083 et
1559 1047 1696 1083 odium

381 1101 659 1148 apostolorum
692 1101 766 1137 fuit
799 1114 918 1138 causa
957 1102 1039 1139 odii
1071 1102 1292 1140 Trinitatis.
1340 1104 1530 1149 Quamvis
1562 1114 1695 1141 autem

381 1158 430 1194 sit
463 1158 712 1207 impossibile
745 1159 880 1208 aliqua
913 1160 952 1196 in
986 1161 1126 1197 eodem
1151 1174 1294 1209 genere
1328 1174 1445 1198 cause
1477 1164 1695 1199 secundum

380 1216 486 1252 idern
519 1216 769 1253 individuum
803 1217 1008 1266 reciproce
1036 1231 1077 1255 se
1101 1231 1277 1265 causare,
1311 1229 1446 1256 tamen
1477 1222 1695 1257 secundum
1718 1225 1752 1256 15

380 1275 527 1322 gradus
561 1274 741 1323 dispares
772 1285 939 1324 possunt
971 1276 1103 1325 alique
1128 1290 1245 1314 cause
1269 1277 1468 1314 contrarie
1492 1278 1697 1326 reciproce

381 1344 421 1368 se
467 1345 645 1379 causare,
697 1342 739 1369 ut
791 1333 907 1370 unius
953 1334 1126 1371 hominis
1171 1335 1394 1372 submersio
1439 1344 1570 1384 potest
1615 1349 1696 1373 esse

382 1402 502 1426 causa
546 1390 834 1428 submersionis
878 1392 1040 1428 alterius
1086 1401 1123 1428 et
1161 1402 1344 1439 econtra,
1384 1403 1421 1430 et
1465 1394 1521 1430 sic
1560 1403 1616 1430 est
1649 1396 1697 1431 de

381 1447 766 1495 profundacionibus
797 1449 837 1485 in
869 1450 1056 1497 peccatis.
1091 1453 1171 1487 Nec
1205 1464 1248 1487 ex
1279 1451 1355 1487 isto
1388 1451 1566 1499 sequitur
1589 1454 1696 1501 quod

383 1508 487 1541 Deus
531 1505 580 1542 sit
627 1519 747 1543 causa
792 1507 1001 1543 hominum
1047 1508 1253 1556 primaria,
1300 1522 1370 1545 cur
1413 1509 1469 1545 sic
1514 1519 1693 1557 peccant.
1712 1523 1754 1544 20

121 1554 336 1617 Ιζξιζῖἓῦιέξῐῑξξὲ
382 1565 472 1599 Non
504 1563 610 1599 enim
645 1574 882 1601 excusantur
903 1565 1017 1602 Judei
1041 1579 1111 1614 per
1134 1566 1408 1614 ignoranciam
1433 1569 1539 1615 quod
1564 1567 1697 1604 taliter

137 1624 230 1651 bettei
251 1624 329 1651 nom
383 1631 660 1669 peccaverunt,
695 1622 789 1670 quia
822 1624 1046 1659 habuerunt
1075 1624 1338 1660 sufficientem
1362 1625 1695 1662 informacionem

135 1659 333 1728 ρ,·()1ῥι]ῑέ]ςῖρ5;
384 1691 427 1715 ex
460 1679 643 1716 doctrina
667 1679 815 1716 Christi
850 1694 1027 1718 consona
1060 1682 1288 1729 propheciis
1312 1696 1450 1718 eorum
1487 1687 1695 1731 (quantum

383 1737 432 1772 ad
465 1739 592 1773 Deum
627 1737 782 1782 attinet)
816 1747 859 1774 ut
883 1738 1063 1775 Christus
1096 1739 1145 1775 sit
1168 1739 1347 1785 Messias,
1381 1740 1483 1776 sicut
1516 1750 1553 1777 et
1585 1741 1697 1789 signa

383 1807 429 1830 ac
475 1794 581 1831 dicta
624 1797 914 1843 prophetarum
962 1797 999 1832 in
1044 1797 1130 1845 ipso
1171 1807 1450 1834 convenerant.
1491 1800 1583 1835 Ideo
1628 1812 1698 1847 per
1714 1803 1753 1834 25

381 1853 595 1888 adventum
632 1853 778 1889 Christi
810 1863 846 1890 et
870 1854 952 1890 eius
976 1868 1179 1891 sermones
1202 1855 1455 1892 incurrerunt
1487 1866 1696 1904 peccatum

382 1909 627 1947 infidelitatis
671 1911 964 1958 gravissimum.
1012 1915 1060 1948 Et
1106 1915 1152 1949 de
1196 1913 1265 1950 illo
1310 1923 1476 1961 peccato
1520 1915 1697 1963 loquitur

383 1967 563 2003 Christus
587 1969 673 2005 Joh.
697 1970 800 2014 XVs',
829 1980 899 2006 22:
934 1970 977 2006 Si
997 1983 1069 2007 non
1094 1972 1276 2007 venissem
1309 1979 1343 2007 et
1366 1973 1514 2008 locutus
1536 1973 1589 2008 eis
1621 1986 1693 2009 non

371 2026 552 2073 fuissem,
581 2035 782 2075 peccatum
806 2041 878 2063 non
902 2029 1105 2073 Imber-enm
1136 2042 1234 2065 nunc
1255 2037 1380 2065 autem
1405 2031 1693 2067 excusacionem

382 2096 453 2118 non
487 2084 624 2119 habent
668 2085 714 2120 de
752 2093 911 2134 peccato
954 2099 1034 2121 suo,
1081 2086 1271 2132 Quamvis
1310 2096 1443 2129 autem
1484 2088 1695 2125 occasione
1713 2091 1754 2123 30

384 2141 487 2177 male
511 2151 676 2189 accepta
697 2142 810 2179 Judei
836 2143 903 2179 illo
928 2152 1093 2191 peccato
1119 2154 1284 2192 propter
1309 2146 1522 2181 adventum
1548 2146 1695 2182 Christi

384 2208 657 2245 peccaverant,
698 2199 754 2236 sic
795 2203 900 2249 quod
941 2203 1111 2238 adventu
1152 2202 1234 2238 eius
1273 2203 1470 2239 subducto
1503 2203 1571 2239 illo
1606 2217 1695 2251 pec-

383 2265 473 2292 cato
507 2256 712 2294 individuo
735 2271 814 2294 non
839 2269 1063 2306 peccarent,
1099 2269 1232 2296 tamen
1260 2272 1350 2296 cum
1384 2260 1511 2296 maius
1545 2263 1693 2297 bonum

383 2323 547 2361 propter
580 2328 702 2362 opera
736 2316 882 2352 Christi
917 2317 1054 2353 exinde
1088 2317 1282 2365 provenit,
1317 2319 1509 2354 adventus
1543 2319 1625 2355 eius
1659 2329 1695 2356 et

383 2371 575 2419 quicquid
607 2373 753 2409 fecerat
786 2387 864 2410 non
899 2383 956 2410 est
988 2384 1202 2422 propterea
1235 2375 1515 2412 omittendum.
1712 2380 1751 2412 35

440 2430 622 2466 Secunda
656 2430 764 2467 racio
797 2434 1010 2468 ostendens
1043 2445 1109 2468 eos
1142 2432 1427 2470 inexcusabiles
1469 2444 1525 2470 est
1563 2434 1695 2470 multi-

383 2488 480 2522 tudo
513 2486 799 2524 miraculorum
835 2502 910 2538 que
942 2489 981 2525 in
1015 2490 1068 2526 eis
1102 2491 1282 2527 Christus
1321 2500 1503 2539 patenter
1534 2493 1694 2538 fecerat,

382 2552 425 2580 ut
462 2544 710 2582 illuminacio
750 2546 831 2583 ceci
863 2547 959 2593 nati,
998 2548 1211 2585 suscitacio
1242 2549 1381 2586 Lazari
1414 2550 1694 2599 quadriduani,

144 2428 167 2447 2.
192 2420 321 2448 Christ‘s

154 2455 310 2490 miracles:

454 2651 472 2670 1.
493 2644 537 2670 A:
560 2643 716 2680 exangelio
738 2645 790 2671 sic.
860 2655 889 2679 4.
910 2646 954 2673 A:
977 2646 1046 2681 quia
1067 2656 1111 2674 ex.
1177 2648 1202 2675 5.
1222 2648 1267 2675 A:
1288 2648 1408 2675 J011.V.
1475 2648 1499 2680 5
1515 2647 1542 2676 6.
1558 2649 1602 2676 A.
1623 2648 1694 2676 dicit

383 2677 437 2704 hcc
459 2678 559 2705 verba.
651 2682 680 2705 o.
701 2678 767 2706 BC:
789 2679 825 2706 Et
846 2680 938 2707 deest.
1035 2689 1060 2714 7.
1081 2682 1125 2709 A:
1148 2691 1257 2710 novem
1280 2683 1683 2718 111211111.().Α;1ρςο>Υ

384 2719 410 2738 12
443 2713 485 2739 A:
508 2717 652 2747 paterem.
710 2721 748 2747 12,
771 2714 808 2741 13
831 2714 896 2742 BC:
918 2720 997 2742 et—
1017 2715 1178 2743 Tiinitatis
1199 2717 1292 2744 deest.
1345 2716 1502 2752 14,15.13:
1525 2704 1693 2744 secundum*

383 2746 483 2773 tidem
567 2755 595 2782 17
626 2748 670 2774 A.
692 2735 876 2776 sub’mercio
960 2749 1321 2778 19.A:s11bme1-ci0nis.
1413 2738 1691 2787 eo.A:pcccaxit.

383 2788 428 2813 24
451 2782 493 2807 A:
515 2786 542 2808 ct
562 2765 674 2816 lingua.
725 2783 770 2809 28.
790 2784 834 2810 A:
858 2783 1009 2811 xenissem
1031 2790 1086 2812 etc.
1109 2785 1215 2813 Cetera
1237 2786 1355 2813 desunt.
1406 2786 1448 2813 32.
1465 2786 1504 2813 C:
1527 2761 1675 2813 adventus

385 2815 424 2841 ib.
445 2816 489 2842 A:
512 2815 562 2842 illo
584 2816 676 2843 deest.
735 2816 776 2845 33.
798 2817 864 2845 BC:
887 2827 915 2845 111
921 2818 984 2853 igis
1007 2819 1132 2847 bonum.
1188 2819 1234 2847 36.
1255 2821 1283 2848 A
1303 2820 1333 2848 in
1355 2829 1392 2848 111
1388 2829 1467 2855 112„
1489 2828 1514 2848 2.
1577 2819 1624 2848 38
1647 2821 1691 2847 A:

382 2849 587 2884 quad1iduani
609 2850 701 2877 deest.

457 2919 482 2940 1.
511 2909 598 2941 Vide
624 2920 727 2952 supra
753 2921 787 2953 p.
817 2909 876 2943 185
907 2911 925 2944 l.
956 2921 1008 2954 29,
1037 2912 1090 2944 30.
