2017 3353
236 259 375 288 SERMO
396 249 521 308 nni]
745 264 883 297 pmMA
912 266 1035 298 PARS.

236 367 519 406 deteriorando
553 370 751 418 procedit;
784 384 878 408 nam
907 371 1137 420 importune
1161 373 1403 419 mendicant,
1434 374 1553 411 intre-

235 425 328 474 pide
371 435 592 464 asserentes
636 430 743 477 quod
782 429 912 466 maior
950 430 1167 467 elemosina
1205 432 1306 467 foret
1351 432 1405 468 eis
1449 433 1554 469 bona

235 483 393 520 fortune
432 484 606 522 tribuere
639 495 676 522 et
708 496 857 524 sectam
891 501 1004 525 suam
1044 489 1213 525 favendo
1253 490 1483 533 defendere;
1519 500 1555 527 et

237 553 327 578 cum
361 551 466 579 secte
498 543 563 580 ille
595 544 823 581 alternatim
853 558 893 582 se
918 546 1101 583 minuunt
1125 555 1162 583 et
1186 547 1420 595 corripiunt,
1446 557 1555 596 patet

205 601 344 648 §quod
377 610 537 649 oportet
569 615 692 638 unum
726 603 841 640 alteri
873 604 970 641 false
994 605 1282 642 contradicere.
1317 607 1431 643 Unde
1454 606 1554 642 sicut

234 657 376 694 fratres
421 658 562 695 odiunt
606 662 713 709 quod
758 661 797 697 in
842 663 980 699 eadem
1033 662 1191 700 civitate
1239 664 1555 712 multiplicentur

234 715 394 752 ordines
432 717 719 765 Mendicantes,
758 719 814 756 sic
852 720 994 757 odiunt
1032 723 1139 770 quod
1179 721 1386 770 insurgant
1425 734 1554 759 sacer-

235 774 347 810 dotes
379 773 581 823 simplices
613 776 698 813 sine
731 786 872 826 questu
903 779 964 815 vel
988 779 1117 816 forma
1141 792 1279 816 eorum
1304 780 1553 828 evangelium

234 831 500 880 predicantes.
541 835 656 871 Unde
694 835 933 873 insolencias
972 837 1139 874 istarum
1179 847 1377 875 sectarum
1418 847 1454 875 et
1493 851 1555 875 ra—

180 903 220 926 10
233 889 348 938 pinas
372 891 511 939 populi
537 892 673 929 dicunt
697 893 861 942 quidam
886 896 1088 932 Psalmum
1115 897 1268 943 LVHIO,
1301 897 1344 933 15
1381 898 1554 945 prophe-

233 956 336 985 tare:
377 949 601 986 Circuibunt
632 951 821 989 civitatem
855 961 895 989 ut
927 966 1052 1001 canes,
1092 955 1127 991 si
1164 967 1254 991 vero
1293 968 1365 991 non
1399 955 1555 1004 fuerint

232 1007 410 1054 saturati,
451 1010 759 1046 murmurabunt.
792 1012 999 1059 Vagantur
1032 1012 1136 1049 enim
1161 1026 1234 1061 pro
1258 1022 1376 1062 raptu
1399 1022 1555 1061 tempo-

233 1064 392 1111 ralium,
417 1065 485 1102 ubi
507 1067 691 1104 noverint
714 1069 870 1117 plurem
895 1065 1089 1118 populum
1113 1083 1184 1119 per
1207 1084 1274 1108 eos
1293 1071 1552 1108 seducibilem

235 1123 482 1172 congregari,
523 1133 560 1161 et
598 1125 654 1162 sic
694 1126 873 1164 civitates
905 1128 1063 1176 spissim
1104 1129 1311 1166 circueunt
1345 1138 1380 1166 et
1415 1138 1555 1166 contra

183 1183 219 1217 15
234 1190 424 1229 negantes
455 1182 532 1219 illis
566 1183 724 1232 copiam
758 1186 1042 1234 temporalium
1083 1199 1126 1223 ex
1159 1187 1275 1224 titulo
1308 1200 1376 1224 sue
1409 1189 1554 1224 sancti—

235 1239 328 1275 tatis
373 1240 525 1277 ordinis
574 1254 691 1291 quem
738 1243 936 1281 fabricant
980 1245 1115 1281 statim
1154 1255 1467 1291 remurmurant,
1513 1254 1555 1281 ut

234 1298 296 1333 vel
332 1299 454 1335 verbo
491 1300 553 1336 vel
590 1300 696 1337 facto
738 1302 986 1339 mendaciter
1024 1304 1318 1352 blasphemant.
1367 1306 1415 1340 Et
1459 1304 1556 1340 istos

237 1355 374 1392 dicunt
407 1356 570 1405 quidam
593 1359 833 1406 Apostolum
875 1362 1130 1409 prophetare,
1165 1364 1272 1411 quod
1302 1363 1558 1412 penetrabunt

238 1414 393 1460 domos;
424 1428 553 1463 pauca
583 1416 745 1465 quidem
776 1427 867 1454 sunt
891 1420 1034 1456 domus
1057 1421 1118 1456 vel
1142 1421 1271 1457 hostia
1295 1430 1376 1457 tam
1405 1429 1557 1457 secreta

180 1485 222 1508 20
239 1472 333 1520 quin
366 1473 507 1510 fratres
539 1474 673 1511 statim
708 1477 890 1523 aderunt,
923 1487 966 1514 ut
998 1479 1216 1526 loquantur
1240 1480 1286 1515 de
1310 1491 1381 1516 sua
1405 1478 1557 1515 mendi—

238 1530 356 1567 citate
396 1544 486 1567 cum
525 1532 667 1569 incolis
706 1544 975 1582 penetrantes.
1025 1538 1139 1573 Unde
1179 1537 1342 1585 quidam
1377 1545 1558 1574 asserunt

237 1590 345 1637 quod
384 1599 474 1626 sunt
514 1603 632 1627 canes
670 1593 799 1629 rabidi
844 1593 884 1630 in
929 1594 1083 1631 effectu.
1128 1596 1246 1632 Tales
1291 1595 1394 1632 enim
1441 1608 1558 1632 canes

236 1646 320 1683 sine
358 1648 483 1685 tutela
521 1649 701 1697 magistri
740 1660 880 1699 aperto
920 1665 988 1689 ore
1026 1662 1063 1689 et
1101 1654 1250 1690 fluenta
1290 1654 1412 1690 saliva
1450 1667 1558 1690 com—

237 1704 412 1741 muniter
451 1716 669 1755 evagantur
708 1718 745 1745 et
782 1719 979 1746 noverunt
1018 1710 1179 1759 phisici:
1218 1712 1378 1748 Morsus
1421 1724 1557 1749 canum

181 1767 220 1799 25
237 1763 457 1799 huiusmodi
487 1772 541 1801 est
573 1767 762 1803 mortalis.
797 1768 863 1804 Isti
896 1778 1029 1805 autem
1063 1778 1271 1819 tamquam
1305 1771 1377 1806 sub
1410 1770 1558 1806 nullius

236 1820 518 1859 iurisdiccione
551 1823 703 1861 astricti
735 1837 809 1862 nec
841 1826 1036 1874 regimine
1070 1827 1248 1877 episcopi
1285 1841 1358 1865 nec
1391 1828 1558 1865 rectoris

236 1880 325 1927 plus
358 1893 479 1928 quam
513 1881 588 1929 ipsi
622 1883 781 1931 dyaboli
815 1893 906 1920 sunt
938 1885 1118 1922 subiecti.
1173 1888 1250 1923 Sed
1283 1886 1417 1935 posito
1450 1887 1559 1936 quod

237 1946 375 1985 pastor
406 1938 539 1975 videat
570 1939 677 1988 ipsas
711 1954 802 1978 oves
837 1955 912 1991 que
945 1945 1165 1980 secundum
1201 1945 1327 1993 legem
1362 1944 1434 1981 Dei
1467 1953 1559 1982 sunt

236 1997 308 2031 sub
332 2009 403 2032 suo
427 1997 620 2045 regimine
643 2001 905 2048 strangulare,
936 2014 1018 2038 non
1041 2004 1160 2039 audet
1183 2012 1348 2051 propter
1371 2016 1559 2040 censuras

178 2057 221 2090 30
238 2054 397 2101 dyaboli
436 2056 644 2104 regarrire‚
689 2067 825 2095 tamen
871 2069 1012 2096 contra
1058 2060 1166 2109 ipsos
1212 2061 1395 2098 diabolos
1440 2063 1560 2098 audet

237 2111 603 2161 coniuracionibus,
638 2116 896 2154 oracionibus
930 2118 1121 2155 exorcivis
1161 2128 1197 2155 et
1229 2119 1316 2156 aliis
1350 2119 1573 2160 medicinis

235 2170 509 2218 spiritualibus
548 2172 656 2221 ipsos
695 2176 983 2213 exterrentibus
1022 2178 1256 2215 reclamare.
1291 2180 1339 2214 Et
1372 2177 1427 2214 sic
1468 2187 1559 2214 sunt

235 2237 277 2264 ut
310 2241 427 2266 canes
460 2230 589 2267 rabidi
622 2233 770 2269 nullius
803 2234 931 2270 curati
965 2235 1152 2272 catholici
1193 2235 1468 2284 magisterium
1501 2235 1560 2272 in—

235 2296 459 2334 sequentes.

179 2347 218 2380 35
293 2346 341 2380 Et
381 2355 574 2393 quantum
616 2350 666 2385 ad
705 2351 924 2387 secundum
965 2364 1045 2388 non
1092 2351 1301 2389 effundunt
1346 2354 1557 2389 humorem

235 2402 361 2439 oculis
395 2416 484 2440 cum
519 2406 679 2443 Christo
713 2421 786 2456 pro
819 2409 995 2457 peccatis
1028 2410 1166 2458 populi
1205 2411 1457 2448 lacrimando
1490 2413 1557 2448 sed

235 2470 375 2508 aperto
408 2474 476 2498 ore
510 2472 546 2499 et
579 2464 715 2513 lingua
749 2467 951 2515 applicata
976 2468 1196 2505 mendaciis
1220 2469 1428 2505 effundunt
1451 2469 1557 2505 virus

305 2568 324 2587 1.
346 2560 374 2587 A
393 2560 423 2587 in
446 2569 560 2601 marg:
588 2564 705 2592 Contra
725 2565 948 2594 Mendicantes.
1060 2576 1080 2601 17
1101 2575 1126 2595 2.
1150 2568 1216 2596 BC:
1239 2569 1375 2596 iudicant
1395 2569 1555 2604 intrepide.

235 2594 260 2622 3.
281 2595 325 2621 A:
347 2595 498 2631 fovend03
528 2598 568 2625 lb.
590 2599 661 2626 AB:
689 2604 718 2627 et
738 2600 833 2628 deest.
931 2612 959 2635 4.
983 2602 1023 2630 C:
1046 2608 1261 2639 corrumpunt.
1359 2603 1383 2632 5.
1404 2604 1449 2631 A:
1471 2604 1556 2630 alteri

235 2629 329 2656 deest.
432 2639 472 2658 10.
495 2632 561 2659 BC:
584 2634 720 2668 quidem.
822 2635 860 2664 13.
882 2638 927 2664 A:
950 2638 1143 2673 popularem.
1243 2647 1284 2671 14.
1306 2640 1350 2665 A:
1372 2638 1556 2666 circuerunt.

236 2664 277 2691 16.
298 2665 343 2691 A:
366 2670 398 2692 ut
418 2665 510 2693 deest.
598 2677 637 2703 17.
658 2670 703 2697 A:
728 2670 944 2706 blasphemant
965 2672 1059 2699 deest.
1148 2674 1188 2701 18.
1209 2674 1254 2700 A:
1277 2673 1420 2708 quiderm
1451 2673 1490 2700 ib.
1512 2674 1556 2700 A:

235 2707 286 2737 q-ul
307 2700 520 2734 penetrabunt.
608 2711 650 2742 19.
674 2704 739 2732 BC:
761 2705 887 2741 quidem
909 2707 1003 2734 deest.
1098 2716 1142 2736 22.
1164 2707 1207 2735 23.
1228 2709 1271 2735 A:
1294 2708 1392 2735 rabidi
1413 2723 1447 2727 -—-
1468 2716 1559 2734 canes

236 2742 300 2760 sme
321 2734 417 2762 deest.
508 2743 552 2763 22.
574 2737 597 2764 Β
617 2746 647 2765 111
669 2747 784 2774 marg:
814 2740 876 2775 Qui
898 2746 968 2768 suut
988 2750 1078 2769 canes
1100 2743 1196 2770 rabidi
1220 2743 1291 2777 quia
1312 2743 1421 2770 fratres
1441 2741 1560 2770 Mendi-

235 2773 349 2795 cantes.
407 2804 411 2808 .
430 2778 480 2809 27:
496 2772 526 2798 A
546 2771 576 2799 in
597 2781 712 2809 marg:
733 2774 826 2802 Nota.
905 2776 951 2803 28.
972 2778 1016 2804 A:
1040 2777 1136 2812 ipsos.
1216 2785 1263 2813 29.
1286 2777 1324 2804 B:
1347 2777 1438 2804 audet
1458 2777 1559 2807 deest:

235 2804 284 2842 Af·
302 2803 444 2839 audeb1t3
474 2805 514 2832 1b.
535 2807 580 2834 A:
604 2813 730 2843 propter
750 2817 850 2837 cause.
930 2810 976 2838 30.
999 2813 1070 2839 AC:
1093 2816 1193 2839 tamen
1217 2812 1311 2839 deest.
1385 2811 1423 2840 31.
1446 2813 1490 2839 A:
1516 2813 1558 2838 vel

236 2839 314 2865 alus.
390 2839 432 2866 35.
453 2839 493 2867 B:
515 2842 568 2868 sed
589 2847 738 2878 quantum
759 2845 891 2872 correxit
914 2850 941 2872 et
963 2853 1123 2880 quantum.
1198 2846 1242 2882 37.
1264 2848 1308 2874 A:
1331 2847 1415 2874 vims.

311 2887 360 2919 18.
391 2899 406 2920 2
430 2887 522 2921 Tim.
542 2890 597 2929 ΙΙΙ,
615 2891 646 2923 6.

1388 2963 1427 2998 ¹9

1761 262 1839 309 289

1591 612 1702 640 Hatred
1725 613 1759 640 os
1776 613 1825 640 the

1579 647 1668 674 friars
1685 649 1736 687 sor
1756 656 1834 683 poor

1646 688 1767 718 prxests.

1592 1018 1776 1053 Prophecies
1797 1019 1831 1045 οἵ

1669 1055 1748 1081 their

1609 1089 1808 1116 wickedness.

1584 1601 1672 1637 They
1693 1609 1742 1629 are
1764 1602 1833 1629 mad

1666 1637 1752 1672 dogs.

1601 2359 1688 2395 They
1710 2359 1748 2386 do
1771 2362 1822 2386 not

1587 2394 1660 2422 slled
1682 2399 1764 2421 tears
1785 2394 1837 2420 but

1649 2437 1771 2456 VCHOm.
