2017 3353
224 284 361 313 samio
382 275 433 332 1..]
736 290 875 322 PRIMA
904 290 1026 323 PARS.

222 395 272 432 sit
317 395 484 432 dileccio
529 408 607 443 qua
652 395 756 433 Deus
801 396 991 444 diligitur,
1037 406 1073 433 et
1128 397 1299 434 mediate
1352 400 1446 434 dum
1491 400 1540 435 sit

223 453 390 490 dileccio
424 466 494 501 per
527 466 647 501 quam
681 455 785 490 Deus
826 454 998 491 finaliter
1032 454 1221 502 diligitur.
1256 458 1303 491 Et
1336 456 1391 492 sic
1427 457 1457 492 si
1491 457 1539 492 sit

223 511 389 548 dileccio
423 511 462 547 in
496 524 572 560 qua
598 513 703 548 Deus
735 525 817 548 non
850 512 1042 560 diligitur,
1077 512 1143 549 illa
1177 522 1234 549 est
1266 514 1432 550 omnino
1468 514 1540 550 illi-

223 569 319 613 cita;
359 582 431 606 nec
471 569 561 605 licet
601 569 754 606 homini
793 570 927 618 vagari
967 570 1006 606 in
1046 570 1266 608 dileccione
1306 572 1457 609 causati
1499 581 1539 608 ut

190 627 295 663 5sibi
340 627 548 675 placuerit,
594 627 688 676 quia
725 628 781 664 sic
821 628 988 677 quilibet
1033 638 1390 679 quantumcunque
1435 631 1540 667 inor-

223 686 357 722 dinate
391 685 592 733 diligendo
625 686 819 722 amasiam
852 700 934 724 non
966 696 1164 735 peccaret,
1197 689 1266 724 sed
1299 697 1458 737 oportet
1491 690 1540 726 ad

223 745 400 792 regulam
446 743 677 780 dileccionis
722 757 843 793 quam
883 745 1082 793 scriptura
1121 745 1291 782 instituit
1332 746 1542 795 diligenter

223 804 441 848 attendere,
481 810 523 837 ut
562 801 745 838 videlicet
785 812 968 840 creatura
1009 803 1198 851 diligatur
1230 806 1280 841 ad
1313 814 1470 841 tantum
1505 814 1542 841 et
1592 813 1795 841 Lex-emme

222 861 442 897 secundum
488 859 599 896 illum
645 860 827 897 ordinem
873 863 923 898 ad
962 871 1156 910 quantum
1198 871 1255 899 est
1294 863 1367 899 sibi
1407 876 1597 909 neces-1ax

1604 853 1740 875 creature
1761 848 1786 875 is

1598 883 1658 909 rsul
1681 892 1714 910 so
1735 884 1780 910 far
1798 892 1830 909 as

169 918 372 955 xosarium
424 926 466 954 ut
516 917 557 953 in
603 919 729 955 Deum
774 919 923 956 feratur
968 919 1149 956 dileccio.
1195 923 1244 957 Et
1287 921 1342 957 sic
1386 917 1830 958 vide-[Usitht-lpslovem

223 978 331 1025 quod
364 988 503 1013 omnes
543 975 710 1012 civiliter
748 977 1002 1014 dominantes
1041 987 1078 1014 et
1111 978 1323 1027 religiones
1364 979 1539 1027 privatas

221 1035 283 1071 vel
320 1034 554 1071 adinventas
594 1034 762 1071 civiliter
806 1045 1051 1084 occupantes
1096 1036 1316 1074 dileccionc
1355 1047 1541 1074 extranea

223 1102 259 1129 et
299 1092 509 1129 dileccioni
543 1092 614 1128 Dei
653 1093 868 1140 contraria,
909 1094 1079 1142 diligunt
1112 1105 1334 1141 creaturas;
1374 1109 1468 1132 nam
1502 1095 1541 1131 in

223 1150 425 1199 paucitate
471 1151 696 1187 mediorum
742 1160 780 1188 et
817 1151 1008 1189 facilitate
1053 1152 1275 1202 attingendi
1320 1154 1540 1190 terminum

173 1208 301 1245 15stat
334 1209 531 1256 perfeccio
564 1208 716 1245 ordinis
749 1209 970 1247 christiani.
997 1212 1110 1247 Unde
1145 1211 1385 1248 difficultant
1417 1213 1541 1249 eccle-

223 1266 323 1303 siam
347 1266 414 1316 qui
437 1276 783 1304 sacramentorum
808 1277 845 1304 et
867 1268 1073 1317 signorum
1099 1269 1355 1307 multitudine
1373 1279 1541 1307 onerant

222 1324 374 1361 viantes
407 1326 512 1362 ultra
545 1326 620 1362 hoc
653 1327 761 1374 quod
793 1326 924 1363 sciunt
953 1339 1134 1376 expresse
1167 1327 1309 1364 elicere
1343 1341 1387 1365 ex
1418 1328 1541 1376 scrip-

223 1392 332 1429 tura;
366 1383 570 1431 proximus
609 1384 744 1432 itaque
783 1386 899 1421 debet
931 1386 1061 1422 solum
1095 1385 1136 1422 in
1167 1385 1327 1423 Christo
1362 1386 1472 1435 diligi
1505 1395 1541 1423 et

223 1454 305 1478 non
328 1454 508 1490 expresse
531 1443 750 1478 secundum
775 1442 1035 1480 affeccionem
1060 1445 1263 1481 carnalem
1296 1445 1357 1481 vel
1389 1446 1541 1481 mundo

168 1510 208 1532 20
224 1498 377 1546 utilem,
413 1500 506 1549 quia
538 1499 605 1537 illa
637 1500 746 1537 racio
780 1510 838 1537 est
870 1510 1056 1538 extranea
1080 1515 1102 1538 a
1126 1502 1346 1539 dileccione
1370 1502 1541 1551 proximi

225 1570 346 1607 quam
380 1560 485 1594 Deus
524 1558 706 1607 precipit.
747 1560 862 1596 Tunc
903 1559 1009 1596 enim
1049 1559 1176 1609 diligit
1215 1562 1338 1597 homo
1376 1562 1540 1598 fratrem

225 1615 266 1651 in
289 1615 461 1662 Christo,
496 1618 657 1664 quando
689 1626 855 1666 propter
878 1618 1081 1654 Christum
1106 1621 1234 1655 Deum
1267 1628 1304 1655 et
1336 1619 1541 1656 hominem

226 1673 356 1722 ipsum
397 1674 524 1722 diligit
563 1684 600 1711 et
637 1676 857 1712 secundum
896 1676 1101 1713 racionem
1143 1690 1221 1726 qua
1258 1678 1320 1713 vel
1357 1677 1541 1714 faciendo

224 1732 286 1768 vel
329 1732 525 1780 paciendo
558 1733 718 1770 Christo
762 1734 1025 1782 complaceat.
1071 1734 1118 1770 Et
1162 1744 1271 1783 patet
1315 1748 1436 1784 quam
1481 1748 1541 1772 ex—

170 1790 208 1823 25
225 1799 365 1827 tranea
404 1800 461 1827 est
504 1791 780 1838 proximorum
826 1791 1006 1839 dileccio,
1052 1806 1130 1842 qua
1176 1802 1341 1841 propter
1379 1806 1540 1830 carnem

224 1849 284 1885 vel
307 1848 447 1885 mundi
470 1849 683 1886 utilitatem
709 1849 815 1898 ipsos
840 1849 1055 1898 diligimus,
1081 1851 1174 1899 quia
1200 1851 1332 1888 omnis
1356 1852 1542 1888 ordinata

226 1906 393 1943 dileccio
433 1916 614 1944 creature
653 1909 769 1945 debet
807 1907 848 1944 in
881 1911 1008 1945 Deum
1049 1909 1220 1946 finaliter
1258 1909 1467 1946 terminari
1500 1919 1542 1946 ut

226 1964 257 2000 si
292 1964 493 2013 diligimus
527 1965 679 2014 aliquid
712 1975 748 2003 et
781 1965 821 2002 in
852 1967 929 2004 hoc
952 1969 1078 2003 Deum
1114 1967 1317 2015 diligimus
1350 1977 1392 2004 ut
1425 1969 1542 2005 debe-

227 2035 327 2069 mus,
362 2032 456 2060 tunc
480 2023 682 2071 diligimus
706 2024 838 2072 ipsum
863 2024 904 2062 in
926 2027 1009 2062 Deo
1036 2034 1072 2062 et
1096 2025 1264 2063 dileccio
1298 2039 1377 2075 qua
1409 2025 1540 2075 ipsum

169 2081 210 2114 30
226 2080 442 2129 diligimus,
487 2082 579 2118 licet
622 2095 703 2119 non
742 2082 791 2118 sit
831 2083 999 2120 dileccio
1039 2097 1117 2132 qua
1156 2086 1283 2121 Deum
1324 2084 1541 2132 diligimus,

227 2148 285 2175 est
317 2148 453 2176 tamen
486 2140 653 2177 dileccio
683 2153 753 2189 per
776 2154 897 2189 quam
932 2150 968 2178 et
1002 2141 1041 2177 in
1075 2155 1153 2191 qua
1176 2145 1303 2179 Deum
1338 2142 1541 2191 diligimus

226 2206 263 2233 et
316 2197 422 2234 istud
476 2199 619 2246 duplex
665 2200 900 2235 mandatu-m
946 2208 1004 2236 est
1049 2201 1226 2237 medium
1278 2201 1541 2238 convincendi

225 2257 495 2305 quodcunque
532 2266 742 2305 peccatum
787 2257 962 2294 hominis
1001 2259 1062 2294 vel
1101 2259 1277 2295 medium
1317 2261 1541 2309 quomodo-

225 2326 382 2362 cunque
414 2316 556 2351 debeat
588 2327 629 2352 se
661 2316 820 2352 habere.

168 2377 207 2412 35
282 2373 331 2408 Et
370 2372 494 2409 tercio
533 2382 643 2422 patet
681 2375 887 2423 quomodo
926 2376 1147 2411 secundum
1186 2375 1358 2424 logicam
1392 2375 1541 2413 Christi

224 2429 526 2477 predicaciones
559 2432 704 2468 debent
727 2433 774 2468 de
798 2445 844 2469 eo
878 2433 1044 2469 concedi
1077 2433 1326 2482 simpliciter,
1361 2447 1436 2483 que
1467 2434 1540 2470 sibi

224 2496 459 2537 competunt
504 2488 583 2525 sive
629 2489 817 2527 divinitus
862 2490 942 2527 sive
987 2491 1232 2529 humanitus.
1279 2492 1390 2529 Sicut
1435 2492 1539 2529 enim

294 2610 366 2639 1—5.
387 2612 432 2639 A:
454 2620 513 2651 qua
528 2627 561 2630 —
575 2612 646 2647 quia
667 2612 711 2639 sic
731 2612 824 2640 deest.
872 2613 899 2641 6.
922 2614 988 2642 BC:
1010 2623 1064 2641 nec
1085 2619 1234 2650 peccaret.
1280 2623 1308 2650 9.
1330 2614 1352 2642 B
1374 2614 1403 2642 in
1425 2622 1538 2650 marg:

227 2644 361 2679 Quando
382 2646 540 2673 dili‘rimus
560 2647 669 2674 fratres
690 2647 719 2674 in
742 2647 877 2675 Christo.
908 2649 1069 2684 Diligenda
1090 2654 1133 2676 est
1155 2654 1293 2676 creatura
1314 2650 1349 2676 ad
1372 2654 1489 2676 tautum
1512 2654 1539 2676 et

225 2680 392 2707 secuudum
415 2668 498 2708 ill⁵um
521 2682 660 2708 ordinem
683 2682 719 2708 ad
741 2688 888 2717 quantum
911 2689 955 2710 cst
977 2684 1033 2711 sibi
1056 2685 1274 2711 necessarium.
1298 2689 1334 2721 ut
1349 2693 1402 2719 per
1422 2693 1486 2711 eum
1510 2685 1537 2711 iu

225 2714 322 2741 Deum
343 2715 457 2742 feratur
477 2716 613 2743 dileccio.
672 2715 708 2743 13.
730 2718 774 2743 A:
797 2717 938 2749 Domini:
967 2719 1006 2746 ib.
1030 2719 1095 2746 BC:
1118 2727 1176 2745 uon
1199 2719 1239 2745 iu.
1305 2723 1345 2745 io.
1369 2719 1434 2746 BC:
1456 2719 1537 2753 quod

224 2750 253 2776 in
276 2755 549 2778 sacramentorum.
623 2758 666 2778 22.
688 2752 731 2778 A:
755 2751 912 2779 Christum
934 2753 1027 2780 deest.
1102 2762 1147 2787 ai.
1171 2753 1236 2780 ssC:
1259 2754 1302 2780 xe]
1326 2753 1539 2788 participando

224 2784 287 2813 vel:
317 2784 356 2811 ib.
378 2786 422 2812 A:
445 2786 625 2820 complacet.
725 2785 769 2813 32.
792 2786 857 2813 BC:
880 2788 1081 2815 couxixcudi:
1112 2789 1151 2815 ib.
1176 2788 1195 2814 15
1218 2788 1246 2814 in
1269 2796 1383 2815 marm:
1405 2788 1538 2815 luit-ecio

225 2819 357 2853 proximi
379 2819 447 2846 licet
467 2828 527 2846 non
548 2826 593 2847 est
614 2820 740 2847 dileccio
761 2829 820 2856 qua
840 2821 938 2849 Deum
961 2822 1118 2858 diligimus
1139 2828 1182 2849 cst
1202 2827 1303 2849 tamen
1332 2809 1459 2850 Eileccio
1487 2832 1539 2858 per

224 2861 316 2887 quam
338 2858 366 2880 ct
386 2854 415 2880 in
437 2863 496 2889 qua
516 2855 614 2882 Deum
637 2855 805 2890 diligimus.
879 2856 922 2884 33.
938 2856 984 2891 34.
1008 2857 1072 2884 BC:
1095 2866 1154 2892 quo
1178 2858 1294 2884 debeat.
1367 2857 1414 2885 30,
1435 2859 1479 2885 A:
1503 2858 1538 2884 dc·

224 2897 260 2915 eo
280 2889 403 2921 debeat;
426 2889 464 2916 ss:
486 2889 596 2916 debent
617 2890 680 2916 Deo
701 2891 844 2923 coucedi;
866 2891 905 2918 ib.
922 2892 949 2918 A
971 2892 998 2918 iu
1022 2901 1135 2925 marga
1158 2891 1237 2919 Nota
1258 2893 1417 2927 quomodo
1439 2893 1538 2928 predi-

225 2923 365 2950 cacione<
386 2924 490 2951 insunt
510 2924 690 2959 simpliciter
711 2924 836 2951 Christo
857 2926 917 2952 tilio
941 2926 1004 2953 Dei.

1654 952 1733 979 God.
