2017 3353
269 280 404 310 sERMo
421 268 575 326 xxxm]
775 282 918 314 PRIMA
945 281 1070 313 PARS.

268 390 529 427 mendicatur.
565 389 603 425 Si
638 388 741 425 enim
774 387 1047 436 unusquisque
1081 400 1219 423 eorum
1254 387 1355 422 foret
1387 396 1429 422 ut
1453 386 1585 434 pluvia

267 449 468 496 dispersus
507 447 546 483 in
578 447 728 495 populo
762 455 798 482 et
831 446 918 493 plus
951 454 1113 493 possent
1146 445 1342 493 proficere
1376 453 1412 480 et
1446 453 1585 480 contra

267 519 405 543 eorum
440 504 589 542 cibaria
624 504 764 540 melius
789 504 973 540 tolerare.
1010 503 1190 539 Christus
1214 502 1319 539 enim
1354 511 1390 538 et
1413 502 1585 550 apostoli

265 576 470 612 nunquam
511 562 729 598 innuebant
767 574 905 598 eorum
945 561 1148 609 egenciam
1192 560 1268 597 nisi
1312 560 1351 596 in
1400 572 1586 596 mensura

235 621 490 658 Snecessaria
523 619 878 656 elemosinantibus
915 618 1010 667 ipsis
1051 618 1362 655 retribuentibus
1404 617 1586 654 elemosi-

266 692 359 716 nam
399 679 486 726 plus
524 679 735 714 valentem.
783 679 897 714 Unde
928 690 1084 713 summe
1118 676 1363 713 detestabilis
1397 684 1453 712 est
1486 675 1585 711 obli-

267 737 380 785 gacio
413 738 462 773 ad
495 736 627 772 taliter
660 745 855 784 perpetuo
889 735 1213 780 mendicandum,
1247 743 1331 770 tum
1360 733 1454 782 quia
1478 746 1585 769 men-

268 795 422 832 dicacio
455 794 544 831 talis
578 803 634 830 est
656 806 749 842 sepe
773 793 982 842 culpabilis
1006 803 1087 830 tam
1118 791 1440 829 mendicantibus
1464 804 1584 840 quam

267 853 392 890 eciam
438 865 482 889 ex
522 861 635 900 parte
679 851 791 900 egeni
836 851 975 900 populi
1020 850 1193 900 spoliati,
1239 860 1324 887 tum
1370 850 1497 887 eciam
1543 861 1586 885 ex

214 923 250 944 10
266 920 379 960 parte
424 910 669 947 discolorum
710 923 783 958 pro
823 909 967 958 quibus
1000 910 1133 946 taliter
1177 909 1442 945 mendicatus.
1482 909 1586 945 Ceca

212 1202 249 1236 15

176 1296 250 1327 Fo.

174 1339 250 1385 167b

266 982 361 1018 ergo
407 977 464 1005 est
517 969 653 1016 regula
701 981 779 1016 qua
818 968 940 1004 frater
977 967 1210 1016 astringitur
1243 969 1293 1004 ad
1333 966 1466 1004 taliter
1499 979 1586 1014 per-

267 1037 388 1076 petuo
423 1026 748 1063 mendicandum.

322 1085 371 1121 Et
403 1093 512 1133 patet
546 1086 654 1133 quod
687 1085 828 1120 fratres
867 1085 1197 1121 commendantes
1236 1096 1349 1119 suam
1385 1081 1586 1119 mendica-

266 1143 423 1180 cionem
456 1142 724 1179 voluntariam
759 1152 795 1179 et
824 1151 1057 1179 accusantes
1083 1141 1425 1178 mendicacionem
1452 1152 1587 1176 neces-

266 1201 412 1238 sariam
459 1202 508 1238 ad
554 1214 673 1249 quam
718 1203 823 1237 Deus
867 1200 1079 1237 necessitat
1117 1213 1158 1236 se
1196 1208 1405 1241 accusant;
1450 1210 1586 1246 ymmo

267 1273 357 1296 cum
384 1260 574 1296 deberent
598 1259 822 1307 exemplare
845 1258 993 1295 Christi
1024 1258 1229 1307 egenciam
1261 1267 1298 1294 et
1327 1257 1383 1293 sic
1411 1258 1587 1293 clamose

267 1327 376 1356 extor
404 1314 408 1369 Ι
438 1326 559 1366 quent
597 1319 702 1353 bona
740 1316 945 1365 egencium
988 1325 1024 1353 et
1058 1321 1269 1365 (quantum
1311 1315 1350 1351 in
1383 1314 1478 1363 ipsis
1511 1316 1584 1361 est>

267 1375 540 1413 scandalizant
573 1377 719 1420 Deum3
764 1376 832 1411 sed
866 1374 1046 1412 Christus
1090 1374 1184 1410 dicit
1222 1373 1389 1410 Matthei
1421 1374 1507 1418 X10,
1543 1373 1585 1408 6:

267 1435 412 1470 Beatus
450 1441 505 1470 est
541 1433 606 1482 qui
641 1445 713 1469 non
741 1433 871 1482 suerit
909 1433 1196 1485 scandalizatus
1234 1432 1269 1467 in
1304 1444 1372 1467 me.
1421 1430 1459 1466 Si
1494 1442 1586 1478 ergo

211 1501 359 1529 2osunt
405 1493 538 1540 quoad
590 1500 807 1539 egestatem
854 1490 1000 1528 Christi
1056 1489 1207 1536 vicarii,
1259 1502 1340 1526 non
1393 1488 1588 1525 excessive

268 1550 463 1587 illicerent
502 1550 674 1586 formam
707 1562 834 1595 suam,
875 1551 942 1585 sed
976 1550 1077 1585 sicut
1112 1548 1178 1585 alii
1211 1547 1407 1596 ampliant
1441 1545 1589 1584 Christi

268 1608 494 1658 passionem
530 1616 567 1644 et
599 1607 901 1644 absolucionem
925 1621 1015 1644 cum
1050 1607 1136 1644 aliis
1159 1605 1406 1654 sapientibus
1430 1605 1587 1641 lucrum

268 1666 567 1715 temporalium.
613 1666 691 1702 Sed
734 1665 798 1702 isti
843 1675 1008 1714 propter
1052 1666 1221 1702 eundem
1267 1664 1386 1700 finem
1435 1663 1588 1711 fingunt

270 1738 407 1762 eorum
427 1724 630 1772 egenciam
651 1733 687 1760 et
701 1736 792 1760 vere
814 1723 1010 1772 ampliant
1028 1736 1140 1760 suam
1160 1722 1363 1770 rapinam;
1390 1720 1588 1758 medicina

1791 281 1869 318 227

1621 392 1724 420 Friars
1744 394 1846 420 would

1662 428 1697 454 be
1718 428 1813 455 better

1653 461 1824 498 dispersed.

270 1796 363 1831 ergo
397 1791 536 1819 contra
568 1783 667 1818 tales
699 1781 1036 1818 irracionabiliter
1058 1781 1331 1823 mendicantes
1354 1780 1456 1816 foret
1479 1792 1588 1815 secu-
1604 1784 1739 1823 Laymeu
1767 1784 1876 1811 should

1658 1827 1726 1854 gum:
1746 1819 1827 1846 their

269 1843 395 1878 larem
433 1840 533 1877 nihil
571 1839 626 1876 eis
662 1840 849 1885 tribuere,
890 1841 1108 1876 secundum
1149 1838 1353 1875 racionem
1387 1850 1465 1886 qua
1498 1846 1588 1873 sunt
1605 1862 1716 1889 money
1743 1858 1773 1881 to
1809 1862 1879 1880 ,001-

270 1899 310 1936 in
347 1898 417 1936 tali
455 1898 611 1946 privato
650 1898 790 1934 ordine
830 1907 865 1934 et
904 1897 1131 1946 specialiter
1169 1898 1258 1945 plus
1296 1896 1391 1944 ipsis
1431 1904 1588 1943 egentes

270 1958 403 2006 quoad
442 1956 633 1993 alimenta
673 1965 709 1993 et
747 1965 990 2004 tegumenta,
1032 1969 1121 1992 cum
1162 1954 1454 1991 consonancius
1488 1954 1588 1989 foret

270 2017 378 2065 quod
410 2015 467 2051 illi
500 2014 753 2063 potenciores
786 2014 826 2050 in
859 2014 1149 2062 temporalibus
1175 2022 1211 2049 et
1245 2011 1312 2061 qui
1337 2013 1480 2048 debent
1506 2024 1589 2047 esse

214 2103 223 2107 -
270 2075 357 2122 plus
397 2072 676 2109 misericordes
715 2081 878 2109 econtra
916 2072 1139 2108 retribuant
1178 2072 1265 2119 plus
1306 2069 1451 2119 egenis.
1497 2071 1589 2106 Ideo

271 2145 360 2168 cum
399 2132 553 2179 fingunt
591 2132 699 2180 quod
734 2131 841 2179 ipsos
880 2130 935 2167 sic
975 2131 1121 2167 habere
1165 2128 1407 2177 temporalia
1446 2127 1495 2164 sit
1536 2127 1590 2163 eis

271 2189 482 2238 perfeccio,
523 2190 649 2226 multo
689 2189 813 2237 magis
852 2189 953 2225 foret
991 2190 1041 2225 ad
1074 2186 1367 2236 perfeccionem
1401 2185 1591 2223 secularis

271 2250 321 2285 ad
364 2249 515 2284 nullam
563 2247 863 2284 mendicitatem
912 2246 1141 2283 huiusmodi
1194 2244 1372 2293 obligati.
1424 2244 1592 2280 Videtur

272 2308 381 2355 quod
419 2315 559 2342 contra
596 2307 723 2353 legem
761 2314 904 2342 nature
947 2305 996 2341 sit
1040 2303 1333 2352 perfeccionem
1380 2301 1592 2339 confratris

239 2365 459 2400 {tollerare
509 2373 545 2400 et
595 2377 709 2400 suam
759 2363 951 2409 minuere,
1003 2375 1075 2399 nec
1121 2362 1297 2411 aliquam
1344 2360 1590 2398 evidenciam

273 2424 477 2459 adducunt
510 2435 583 2470 pro
616 2421 686 2458 tali
732 2421 1034 2458 mendicacione
1081 2421 1258 2457 clamosa
1293 2418 1369 2455 nisi
1406 2418 1592 2467 sophisti-

273 2494 360 2517 cam
407 2493 527 2528 quam
567 2479 796 2516 mendicant
840 2479 1088 2516 mendaciter
1126 2491 1169 2515 ex
1201 2477 1412 2525 scriptura.
1447 2476 1592 2512 Dicunt

274 2538 378 2575 enim
431 2539 539 2586 quod
581 2537 772 2575 Johannis
818 2540 902 2583 IV0‚
948 2538 1109 2586 quando
1155 2536 1335 2573 Christus
1390 2533 1592 2571 mandavit

344 2681 364 2700 1.
384 2673 428 2701 A:
450 2672 531 2700 enim
552 2672 646 2700 deest.
729 2679 755 2706 2,
776 2670 801 2699 3.
823 2672 866 2699 A:
889 2676 1001 2707 quanta
1022 2679 1145 2703 corum:
1174 2670 1212 2697 13:
1233 2673 1400 2697 contracta.
1475 2676 1502 2702 9.
1527 2666 1592 2694 BC:

274 2708 369 2735 eciam
392 2708 486 2735 deest.
580 2706 616 2734 15.
640 2705 706 2734 BC:
734 2711 892 2733 excusant.
985 2706 1026 2733 Μ’).
1048 2707 1091 2732 A:
1120 2706 1210 2734 dum:
1241 2705 1281 2731 ib.
1305 2704 1345 2731 C:
1367 2703 1525 2737 exemplo:
1555 2702 1591 2728 15:

274 2743 415 2778 exemplo
436 2743 508 2775 item
538 2742 578 2769 ib.
600 2743 644 2769 A:
667 2741 710 2768 sic
731 2741 826 2768 deest.
912 2750 950 2776 17.
973 2741 1088 2768 Codd.:
1111 2745 1137 2767 ct
1160 2740 1261 2772 dees-n
1283 2738 1399 2766 addidi.
1488 2739 1526 2763 18.
1549 2737 1592 2774 A:

273 2778 390 2806 Deum:
421 2778 461 2805 ib.
483 2778 526 2804 A:
549 2777 600 2806 xl.
622 2776 638 2803 6
659 2776 753 2803 deest.
872 2783 911 2803 21.
934 2775 999 2802 BC:
1022 2775 1184 2802 illaec—rem.
1216 2774 1274 2801 Hic
1295 2775 1380 2800 locus
1401 2772 1479 2799 haud
1503 2772 1593 2798 dubm

275 2818 411 2848 corrupt.
492 2820 534 2839 22.
556 2813 600 2838 A:
629 2811 869 2846 possessionem.
949 2810 991 2837 23.
1014 2810 1034 2837 Β
1057 2810 1084 2836 in
1108 2818 1221 2845 marg:
1244 2809 1333 2836 Nom.
1415 2815 1461 2840 24,
1484 2806 1525 2833 25.
1548 2807 1591 2832 A:

275 2847 414 2882 rapinam
436 2847 529 2882 igitur
550 2851 676 2881 propter
696 2846 779 2872 tales.
861 2845 904 2875 25,
920 2845 965 2872 213.
988 2846 1031 2872 A:
1054 2845 1231 2871 secularem.
1313 2851 1356 2878 27.
1378 2844 1421 2869 A:
1443 2846 1591 2880 egentem.

275 2881 317 2909 32.
334 2883 378 2909 A:
400 2887 427 2909 et
449 2883 562 2911 multo:
585 2881 623 2908 ib.
642 2880 706 2909 ssC:
730 2881 891 2908 seculares.
948 2880 990 2907 31³.
1012 2881 1055 2907 A:
1080 2880 1188 2909 ullam:
1211 2880 1249 2906 ib.
1266 2880 1294 2905 A
1314 2879 1344 2905 in
1366 2885 1479 2910 marg..-
1502 2876 1591 2902 Nom.

276 2916 322 2951 34.
344 2916 388 2944 ⁴35.
409 2918 453 2944 A:
475 2916 579 2944 fratris
600 2916 714 2942 tollere.
787 2915 830 2942 35.
853 2916 896 2942 A:
919 2915 1019 2941 aliam.
1095 2914 1139 2941 1⁴⁶.
1165 2915 1200 2941 15:
1223 2915 1405 2940 clamorosa.

1394 2958 1460 2993 υἷ’)θ

1643 1889 1753 1928 peeple
1773 1897 1800 1915 w
1814 1897 1843 1915 10

1621 1928 1703 1951 want
1723 1928 1745 1950 it
1765 1932 1860 1950 more.
