2017 3353
200 300 336 328 seatio
352 289 420 347 ιχ]
711 301 847 332 PRtMA
880 301 1004 332 PARS.
1745 291 1794 329 65

198 417 241 444 ut
273 407 616 453 edificacionibus,
640 406 899 454 pascionibus
923 415 959 442 et
984 407 1235 443 ornamentis
1258 405 1348 442 aliis
1373 419 1508 454 super-

198 466 289 502 fluis
313 467 460 502 habent
483 464 696 513 pecuniam
721 465 1014 511 habundanter,
1039 474 1075 501 et
1100 464 1303 512 simplices
1328 464 1509 512 vulgares

199 533 356 561 tanturn
389 531 432 559 ut
464 523 559 559 olim
594 532 685 559 sunt
719 534 935 570 pauperes;
967 534 1104 570 ymmo
1140 535 1230 559 cum
1256 522 1353 558 fides
1378 522 1509 570 Scrip-

199 591 285 618 ture
321 580 623 617 mendicitatem
658 580 778 617 talem
824 580 1013 616 abhorret
1045 588 1082 617 et
1114 580 1152 616 in
1193 579 1383 628 exemplis
1416 593 1509 627 pro-

165 640 321 684 5hibet,
354 648 465 687 patet
499 639 609 687 quod
643 639 714 675 hec
749 638 1001 674 mendicacio
1035 638 1141 686 sapit
1173 637 1346 675 heresim
1383 638 1510 674 mani—

79 693 151 725 Fol·
197 698 354 734 festam.
408 696 629 745 Apostolus
682 696 788 732 enim
833 695 902 744 qui
948 695 1053 747 fuit}
1088 696 1276 732 omnibus
1320 696 1509 732 fratribus

83 738 157 780 ¹48⁰
199 755 456 804 undiquaque
495 754 657 802 dignior
694 753 881 790 manibus
920 753 1120 791 laboravit
1154 758 1211 800 (ut
1235 763 1343 802 patet
1367 756 1440 790 Act
1463 755 1510 790 ΙΙ0

197 821 234 850 et
272 825 364 861 sepe
409 812 531 858 alibi).
579 814 628 849 Et
660 812 784 848 tercio
829 820 937 859 patet
981 813 1089 860 quod
1130 812 1220 849 talis
1260 811 1510 849 mendicacio

197 879 254 908 est
287 879 429 907 contra
460 879 608 907 statum
642 869 878 906 innocencie
911 878 948 906 et
981 870 1108 918 legem
1141 879 1295 908 nature.
1341 872 1382 906 In
1406 879 1510 906 statu

142 947 180 969 10
196 929 358 976 quidem
383 927 617 965 innocencie
636 927 861 976 cuicunque
883 928 967 964 sine
997 927 1190 965 discrasia
1214 936 1358 964 cuncta
1382 928 1511 964 forent

196 986 441 1033 communia,
476 999 565 1023 cum
613 985 777 1023 cuilibet
815 986 1018 1022 innocenti
1050 986 1186 1023 liceret
1234 986 1319 1023 sine
1368 999 1511 1035 repug—

195 1044 340 1081 nancia
363 1052 445 1081 tam
474 1043 730 1081 vescibilibus
752 1056 873 1092 quam
903 1045 1271 1092 quomodocunque
1300 1044 1512 1081 usibilibus

196 1103 291 1139 satis
324 1102 394 1138 uti.
443 1104 524 1139 Nec
558 1101 703 1150 aliquis
736 1101 931 1138 innocens
965 1110 1125 1150 caperet
1158 1103 1207 1139 ad
1241 1102 1510 1150 indigenciam

196 1173 310 1197 suam
356 1159 578 1208 quidquam
627 1161 675 1197 ab
721 1159 856 1208 aliquo
890 1160 982 1205 alio,
1017 1161 1086 1197 sed
1119 1160 1256 1197 omnia
1288 1160 1513 1197 necessaria

143 1226 356 1266 15caperet
399 1218 617 1254 inmediate
662 1230 684 1254 a
718 1219 801 1254 Deo
835 1226 872 1254 et
902 1218 1004 1254 foret
1036 1218 1262 1266 cuicunque
1294 1218 1405 1255 fratri
1439 1231 1512 1255 suo
1539 1225 1636 1267 Ttrcir
1657 1224 1792 1258 begging

196 1277 236 1312 in
267 1276 446 1313 virtuoso
479 1275 645 1314 solacio.
685 1277 768 1312 Hec
801 1284 936 1312 autem
973 1276 1224 1313 mendicacio
1258 1285 1315 1313 est
1347 1276 1514 1313 omnino
1542 1260 1791 1323 ᾧῗῌέῑξῗὲᾞῃοξῗθ

196 1335 318 1371 statui
362 1334 597 1371 innocencie
645 1342 682 1370 et
726 1342 868 1370 nature
912 1333 977 1370 isti
1021 1334 1236 1380 contraria,
1286 1347 1375 1370 cum
1412 1335 1514 1371 ultra
1611 1331 1720 1367 needy,

195 1392 473 1429 necessitatem
509 1391 708 1429 subtrahit
731 1393 779 1428 ab
811 1391 1088 1440 egencioribus
1122 1392 1206 1429 sine
1239 1392 1514 1440 equivalencia

197 1463 471 1498 recompense.
534 1453 583 1487 Et
626 1458 736 1498 patet
774 1451 882 1498 quod
915 1460 1022 1487 secte
1056 1450 1331 1487 mendicantes
1365 1452 1511 1487 nedum

138 1508 494 1551 2ocontrariantur
535 1507 627 1544 huic
673 1508 748 1556 legi
793 1507 942 1556 triplici
986 1509 1217 1556 supradicte
1262 1510 1330 1545 sed
1375 1508 1513 1545 iniuri-

197 1576 316 1603 antur
338 1566 441 1603 cecis
468 1566 726 1614 pauperibus,
761 1566 914 1602 claudis
948 1575 1066 1614 atque
1100 1566 1312 1612 debilibus,
1346 1567 1413 1615 qui
1447 1580 1513 1604 ne-

196 1625 437 1662 cessitantur
467 1625 688 1661 secundum
742 1624 868 1672 legem
910 1624 1074 1661 Domini
1126 1638 1147 1661 a
1192 1624 1273 1661 suis
1326 1625 1514 1662 fratribus

197 1682 442 1720 mendicare.
496 1684 597 1719 Nam
632 1682 728 1730 ipsis
761 1682 1007 1730 pauperibus
1040 1683 1236 1719 debentur
1268 1683 1405 1720 omnia
1438 1696 1515 1731 que

195 1741 335 1777 fratres
358 1740 480 1777 validi
507 1740 564 1777 sic
597 1739 829 1776 mendicant
866 1749 903 1777 et
935 1740 991 1777 sic
1024 1741 1116 1777 licet
1148 1741 1329 1777 clamosa
1362 1741 1514 1777 mendi—

139 1809 178 1842 25
196 1798 309 1835 cacio
343 1798 448 1846 sapit
481 1798 656 1846 culpam,
701 1799 761 1834 vel
806 1798 845 1834 in
891 1798 987 1845 ipsis
1027 1798 1349 1835 mendicantibus
1382 1799 1441 1835 vel
1476 1799 1514 1835 in

197 1856 385 1893 divitibus
418 1855 484 1904 qui
519 1856 627 1904 ipsos
662 1856 837 1892 relevare
861 1856 1033 1892 debeant
1054 1857 1114 1893 vel
1138 1856 1354 1904 utrimque,
1380 1866 1514 1894 tamen

197 1914 449 1951 mendicacio
473 1923 577 1951 secte
610 1913 740 1951 valide
774 1913 812 1949 in
846 1914 1047 1962 corporali
1082 1914 1270 1962 potencia
1304 1924 1362 1951 est
1386 1915 1513 1962 magis
1531 1924 1804 1963 andistheworst

198 1971 486 2020 dampnabilis,
559 1985 697 2020 ymmo
757 1981 966 2020 exsuperat
1019 1972 1201 2020 rapinam
1265 1973 1514 2020 prelatorum
1531 1957 1804 1995 kindofrobbery.

197 2030 421 2078 piratarum
456 2038 493 2066 et
524 2031 764 2078 predonum,
800 2043 890 2066 cum
926 2042 970 2068 ex
1000 2030 1213 2078 iniquitate
1238 2030 1389 2078 duplici
1423 2044 1514 2078 spo-

140 2100 182 2133 30
197 2088 296 2125 liant
328 2088 417 2136 plus
446 2100 604 2136 egenos.
639 2091 720 2125 Nec
743 2087 942 2125 viciantur
964 2088 1094 2124 solum
1120 2101 1290 2136 persone
1314 2098 1514 2126 sectarum

197 2147 271 2183 hac
316 2146 475 2183 macula
518 2147 587 2183 sed
631 2159 750 2183 omne
794 2159 917 2195 genus
950 2147 1161 2183 hominum
1195 2147 1303 2194 quod
1337 2147 1392 2183 eis
1425 2160 1516 2184 con-

199 2203 378 2250 senserit,
411 2213 455 2241 ut
487 2204 688 2242 scolastici
722 2213 759 2241 et
791 2204 935 2252 prelati
969 2205 1036 2253 qui
1066 2205 1212 2241 debent
1235 2205 1340 2241 istud
1365 2204 1517 2241 crimen

199 2274 442 2310 cognoscere
487 2262 704 2309 reticendo,
739 2271 777 2299 et
814 2263 987 2311 populus
1033 2275 1078 2299 ac
1123 2262 1277 2299 domini
1317 2263 1516 2300 seculares

200 2321 318 2356 stulte
370 2320 594 2357 fomentum
643 2321 833 2357 facinoris
886 2321 942 2357 eis
990 2322 1137 2357 dando.
1201 2323 1250 2358 Et
1295 2322 1327 2357 si
1361 2321 1519 2358 dicatur

146 2390 184 2422 35
200 2379 309 2426 quod
342 2378 381 2414 in
415 2379 582 2415 fratrum
616 2379 838 2431 ordinibus,
884 2389 927 2416 ut
973 2379 1011 2415 in
1057 2379 1245 2415 fratribus
1279 2379 1516 2428 Minoribus,

200 2436 408 2473 assistente
441 2437 557 2485 copia
599 2437 885 2485 temporalium
932 2437 1092 2474 aliunde
1135 2436 1361 2474 validorum
1409 2450 1517 2474 men-

271 2613 296 2632 2.
323 2606 366 2633 A:
396 2605 474 2633 hanc
503 2605 668 2640 pecuniam
696 2605 927 2633 habundantur.
1053 2606 1077 2634 3.
1105 2606 1150 2634 A:
1179 2610 1298 2634 tantum
1332 2611 1364 2634 ut
1392 2607 1517 2634 obsunt.

202 2640 227 2668 5.
257 2641 284 2667 A
311 2640 342 2667 in
363 2648 477 2674 marga
506 2648 525 2667 ι.
600 2640 626 2675 5,
647 2640 675 2667 6.
696 2641 742 2668 A:
764 2640 958 2668 manifestam
981 2641 1076 2669 deest.
1162 2640 1190 2669 8.
1229 2643 1274 2668 A:
1304 2641 1388 2670 racio
1427 2646 1516 2677 patet.

205 2684 232 2710 ς).
255 2679 282 2702 Α
302 2675 332 2702 in
354 2683 467 2711 marg.:
489 2682 514 2702 2.
659 2683 699 2702 ιο.
720 2676 748 2713 A
769 2675 836 2702 sine
856 2676 958 2709 deest:
979 2675 1001 2703 B
1023 2676 1053 2703 in
1070 2684 1185 2711 marg:
1208 2675 1314 2704 Status
1336 2676 1517 2704 innocencie

204 2710 413 2737 conversacio.
555 2718 588 2737 ii.
609 2710 653 2737 A:
675 2710 813 2745 quilibet.
946 2718 986 2738 12.
1007 2711 1052 2738 A:
1082 2711 1274 2746 usubilibus;
1302 2710 1372 2738 BC:
1396 2711 1515 2738 usibus.

204 2752 246 2777 ¹4·
268 2744 334 2771 BC:
355 2744 459 2780 aliquo
479 2744 575 2772 deest.
684 2744 726 2772 16.
747 2745 792 2771 A:
814 2744 878 2772 Hec
898 2745 1012 2779 eciam3
1034 2748 1062 2773 A
1083 2746 1112 2773 in
1135 2754 1252 2780 marg-z
1273 2747 1297 2774 3.
1408 2753 1444 2780 ¹7·
1467 2746 1513 2771 A:

205 2779 385 2806 innocencie
400 2782 494 2807 deest.
568 2778 609 2806 18.
630 2780 675 2806 A:
692 2779 924 2813 negocioribus.
1001 2788 1042 2815 ¹9·
1059 2780 1099 2808 C:
1115 2788 1332 2814 recompensa.
1406 2779 1448 2807 23.
1470 2781 1515 2807 A:

206 2816 327 2841 dentur.
399 2814 442 2847 23,
458 2822 504 2848 24.
526 2815 568 2841 A:
591 2822 650 2849 que
665 2814 753 2841 fines.
827 2815 872 2841 26.
892 2815 937 2842 A:
954 2815 1086 2843 debeant
1100 2816 1201 2851 deest3
1223 2815 1290 2843 BC:
1307 2823 1379 2842 cum
1395 2815 1517 2842 mendi-

208 2850 308 2876 cacio.
390 2848 435 2875 28.
457 2850 502 2876 A:
524 2856 686 2884 exsupera.
778 2855 826 2883 29.
847 2851 891 2876 A:
914 2850 1111 2884 piratorum3
1133 2850 1200 2878 BC:
1229 2852 1398 2885 piratarum
1421 2850 1517 2877 deest.

206 2884 250 2910 A:
272 2892 308 2910 ex
327 2884 422 2911 deest.
584 2882 632 2910 30.
652 2884 698 2911 A:
722 2889 877 2911 sectarum
898 2886 992 2912 deest.
1154 2884 1198 2913 32.
1221 2887 1260 2913 ss:
1282 2886 1399 2912 crimen
1421 2885 1516 2912 deest.

206 2917 248 2946 33.
270 2919 311 2945 A:
335 2918 503 2945 recitendo.
589 2917 634 2951 31.
658 2920 703 2945 A:
727 2919 818 2945 stulte
839 2919 1012 2947 fomentum
1035 2920 1127 2947 stulte
1149 2941 1154 2946 .
1178 2941 1183 2945 .
1208 2940 1213 2946 .
1236 2920 1348 2947 danda.

1432 2969 1448 3000 5
