2017 3353
266 276 401 304 Sl-IRMO
418 265 569 323 xxxiii]
774 279 917 310 PRIMA
945 279 1070 310 PARS.
1799 273 1876 309 225

266 385 420 421 videtur
453 385 560 432 quod
593 383 756 431 spiritus
789 385 1101 432 dampnatorum
1136 385 1367 421 cruciantur
1391 386 1589 421 elemento
1607 394 1685 421 How
1703 395 1808 430 spirits
1829 403 1878 422 arc

267 443 467 490 corporali
501 442 540 478 in
571 442 651 478 suis
675 442 870 489 potenciis
893 455 992 490 quas
1016 452 1107 479 ante
1138 442 1177 478 in
1200 443 1360 490 organis
1385 444 1589 491 corporeis
1650 431 1832 457 mmmm·

267 502 504 537 habuerunt.
557 501 604 535 Et
637 499 692 536 sic
726 513 816 536 cum
851 500 922 536 iste
956 500 1063 537 dives
1104 510 1186 537 tam
1220 514 1418 549 pomposa
1452 502 1589 549 loqua—

266 558 384 594 citate
428 570 547 606 quam
591 557 717 594 eciam
763 566 879 605 gustu
923 558 1042 595 nimis
1086 559 1327 607 voluptuoso
1373 558 1412 595 in
1457 559 1590 606 lingua

233 621 248 652 5
266 624 511 664 peccaverat,
535 615 738 662 signanter
761 625 874 652 notat
900 616 1148 664 evangelium
1174 618 1380 665 quomodo
1403 617 1442 652 in
1458 617 1590 664 lingue

266 673 451 721 potencia
485 673 700 709 cruciatur.
734 674 945 710 Cruciatus
979 683 1112 711 autem
1147 674 1219 710 iste
1252 683 1384 722 potest
1412 674 1496 711 fieri
1521 688 1591 722 per

266 731 381 767 huius
421 730 605 779 potencie
643 731 931 779 allegacionem
973 732 1169 769 illiberam
1210 734 1260 768 ad
1298 732 1428 780 ignem
1467 741 1590 768 mate-

266 789 403 825 rialem
438 788 631 825 fervidum
666 789 928 837 spiritualiter
961 799 997 826 et
1021 803 1092 838 per
1115 790 1300 827 accidens
1327 790 1588 826 cruciantem.

265 847 329 883 Sic
368 847 471 883 enim
513 848 734 883 secundum
775 848 1061 894 Augustinumi
1087 848 1269 884 homines
1315 848 1354 885 in
1394 848 1589 896 sompniis

212 921 250 942 10
265 905 507 941 cruciantur.
542 906 619 941 Sed
658 906 861 942 Abraham
901 906 992 942 licet
1024 906 1097 942 fuit
1137 906 1377 952 misericors,
1420 916 1503 943 erat
1536 906 1588 941 ibi

264 963 464 1011 impotens
487 964 536 999 ad
564 962 791 999 faciendum
825 964 977 1012 aliquid
1011 964 1257 1000 contrarium
1292 964 1463 1009 racioni3
1499 964 1589 1000 ideo

264 1030 543 1069 recompensat
586 1033 735 1057 nomen
779 1022 1033 1070 paternitatis
1080 1024 1262 1059 vocando
1308 1035 1398 1059 eum
1447 1022 1587 1058 filium.

262 1080 352 1125 Fili,
398 1079 539 1127 inquit,
586 1080 798 1116 recordare
835 1081 921 1129 quia
960 1081 1139 1129 recepisti
1175 1081 1270 1116 bona
1305 1080 1588 1117 delectacionis

263 1137 460 1174 sensibilis
492 1139 559 1173 sed
593 1136 768 1173 indebite
791 1138 826 1173 in
852 1139 926 1174 vita
950 1146 1026 1174 tua.
1061 1139 1113 1174 Et
1138 1139 1319 1190 Lazarus
1341 1138 1413 1175 iste
1438 1138 1587 1186 recepit

263 1196 302 1232 in
325 1208 441 1232 sensu
464 1196 565 1230 mala
595 1190 599 1247 Ι
628 1194 841 1232 tristabilia
863 1198 931 1232 sed
947 1196 1018 1232 tibi
1041 1196 1254 1241 contrarie,
1272 1197 1365 1245 quia
1384 1196 1588 1244 pacienter

265 1266 309 1290 ac
344 1252 560 1298 meritorie,
595 1262 631 1288 et
664 1252 753 1289 ideo
777 1253 880 1290 iusto
906 1254 977 1290 Dei
1001 1254 1150 1291 iudicio
1184 1254 1257 1290 sibi
1281 1255 1458 1291 succedit
1481 1267 1586 1290 nunc

264 1311 493 1348 consolacio
526 1320 563 1347 et
595 1310 666 1346 tibi
700 1313 840 1347 eodem
874 1312 1023 1348 iudicio
1047 1312 1265 1358 cruciatus;
1296 1325 1369 1349 nec
1392 1322 1448 1349 est
1473 1312 1587 1360 spiri-

263 1379 325 1406 tus
359 1369 497 1406 Lazari
537 1368 626 1405 talis
661 1369 818 1406 miserie
858 1372 979 1406 modo
1019 1380 1148 1419 aptus,
1190 1383 1280 1406 cum
1322 1370 1361 1406 in
1399 1370 1585 1406 omnibus

263 1427 519 1464 existentibus
557 1427 597 1464 in
636 1422 870 1475 purgatorio
916 1438 952 1465 et
992 1429 1156 1477 sepultis
1196 1428 1508 1477 dampnabiliter
1547 1428 1586 1464 in

206 1485 416 1524 20inferno
463 1485 666 1521 firmatum
707 1495 764 1522 est
803 1487 923 1522 chaos
969 1500 1172 1535 magnum,
1221 1488 1296 1522 hoc
1336 1496 1405 1532 est,
1446 1486 1585 1522 localis

262 1543 456 1580 distancia
488 1543 529 1580 in
562 1556 641 1592 qua
673 1552 775 1580 tetra
799 1557 970 1592 corpora
1001 1555 1092 1581 sunt
1126 1546 1302 1590 confusa,
1337 1554 1379 1580 ut
1402 1557 1473 1581 nec
1498 1557 1586 1592 pre-

261 1602 447 1638 destinati
482 1601 575 1638 licet
606 1601 728 1638 velint
761 1603 930 1639 transire
971 1605 1019 1639 ad
1055 1605 1296 1651 dampnatos
1328 1604 1388 1639 vel
1422 1611 1586 1639 econtra

261 1661 433 1696 habeant
466 1661 695 1708 potenciam
729 1661 864 1697 taliter
892 1661 1138 1698 transeundi.
1173 1663 1251 1698 Sed
1275 1662 1454 1697 exclusus
1478 1660 1585 1697 dives

261 1719 309 1754 ab
343 1718 418 1754 hoc
451 1717 692 1754 relevamine
731 1719 925 1755 convertit
958 1732 998 1755 se
1038 1721 1087 1755 ad
1121 1719 1230 1755 aliud
1263 1721 1371 1767 quod
1405 1720 1584 1755 crederet

207 1782 244 1813 23
262 1788 345 1812 esse
368 1776 441 1812 sibi
458 1776 659 1824 possibile.
677 1777 804 1827 Rogo,
820 1776 962 1825 inquit,
986 1785 1021 1813 te
1041 1785 1156 1826 puter
1179 1785 1218 1813 ut
1241 1778 1370 1813 mittas
1386 1778 1582 1830 Lazarum

262 1834 297 1869 in
337 1835 491 1870 domum
527 1835 657 1883 patris
695 1835 777 1870 mei.
823 1835 959 1871 Habeo
997 1836 1094 1871 enim
1128 1836 1289 1884 quinque
1329 1836 1501 1883 fratres,
1542 1843 1583 1870 ut

262 1901 428 1928 testetur
451 1892 526 1928 illis
551 1893 598 1928 de
623 1892 892 1929 retribucione
916 1906 1016 1941 pene
1042 1902 1078 1929 et
1101 1893 1243 1941 premii
1267 1892 1513 1941 sempiterni,
1539 1905 1583 1928 ne

261 1957 296 1985 et
326 1950 400 1999 ipsi
432 1951 582 1986 veniant
606 1951 642 1986 in
671 1951 770 1986 hunc
800 1952 924 1986 locum
953 1959 1246 1987 tormentorum.
1277 1952 1354 1987 Sed
1377 1952 1580 1987 Abraham

262 2008 424 2044 exclusit
457 2009 560 2044 hanc
593 2008 848 2056 peticionem,
889 2010 1096 2045 declarans
1134 2009 1261 2057 ipsam
1299 2022 1382 2045 esse
1417 2009 1580 2045 irracio—

205 2072 245 2104 30
260 2066 434 2102 nabilem
460 2075 502 2102 ut
527 2066 717 2114 priorem.
745 2068 912 2113 Habent,
937 2067 1077 2115 inquit,
1104 2068 1271 2118 Aloysen
1295 2075 1330 2103 et
1353 2068 1581 2116 prophetas,

259 2125 418 2160 audiant
454 2125 552 2160 illos.
597 2126 702 2160 Deus
736 2125 840 2161 enim
881 2125 947 2173 qui
987 2126 1119 2173 posuit
1152 2125 1288 2161 omnia
1321 2125 1361 2161 in
1396 2138 1581 2161 mensura
1662 2131 1729 2171 qu
1752 2132 1805 2159 has

260 2182 459 2219 ordinavit
491 2182 665 2219 viventes
689 2182 866 2219 eiusdem
891 2184 1046 2231 generis
1071 2185 1322 2219 consulentes
1344 2183 1579 2229 viventibus,
1608 2167 1857 2233 ῙῙἹῙῙΪῇἷὲῃῖξάῑὲἓξὴ

261 2249 297 2276 et
327 2253 416 2276 cum
441 2240 621 2278 Christus
654 2240 704 2277 sit
736 2250 817 2278 tam
842 2244 946 2278 Deus
980 2255 1100 2290 quam
1135 2243 1270 2287 homo,
1306 2241 1416 2277 cuius
1448 2254 1580 2277 sermo
1650 2230 1698 2263 ¹¹¹2*
1720 2237 1822 2271 5⁸³¹]ss-

261 2298 556 2346 exprimebatur
588 2299 628 2335 in
659 2300 744 2347 lege
767 2299 903 2345 veteri⁷
936 2300 967 2335 si
997 2300 1170 2336 viventes
1193 2313 1274 2336 non
1297 2309 1580 2336 convertantur

205 2360 244 2393 35
261 2356 339 2392 suis
372 2357 623 2393 sermonibus
656 2366 693 2393 et
722 2370 803 2393 non
836 2367 1118 2394 convertentur
1150 2357 1279 2394 verbis
1307 2357 1496 2406 angelicis
1519 2358 1579 2393 vel

260 2415 510 2451 sermonibus
551 2424 816 2451 mortuorum.
862 2418 910 2452 Et
948 2416 1003 2452 sic
1048 2425 1177 2452 totum
1217 2416 1369 2452 crimen
1414 2415 1578 2452 ecclesie

259 2471 387 2508 oritur
419 2485 462 2509 ex
496 2474 571 2509 hoc
603 2474 709 2521 quod
743 2474 925 2510 homines
949 2474 1180 2510 discredunt
1212 2474 1427 2510 infideliter
1448 2473 1578 2510 verbis

259 2529 418 2566 Christi.
443 2533 532 2567 Non
555 2540 687 2567 autem
713 2532 787 2567 hoc
811 2532 930 2580 peciit
953 2532 1025 2568 iste
1051 2532 1157 2569 dives
1182 2542 1346 2580 propter
1369 2532 1576 2568 caritatem

174 1179 248 1210 Fol.

173 1224 250 1267 167n

329 2661 348 2680 1.
371 2653 436 2680 iffi:
459 2653 628 2689 dampnati.
702 2653 726 2681 3.
749 2655 793 2681 A:
814 2654 864 2681 ille
885 2654 980 2682 dives.
1055 2665 1083 2689 4.
1107 2657 1149 2683 A:
1172 2660 1200 2682 et
1220 2660 1320 2690 gustu.
1396 2654 1423 2681 (Ξ.
1446 2655 1489 2681 A:
1511 2662 1577 2681 cru-

259 2688 355 2714 cintus
376 2688 538 2715 cruciatur.
596 2697 635 2716 10.
657 2689 700 2716 A:
724 2689 761 2716 sit
782 2688 968 2716 misericors.
1033 2690 1069 2717 12³.
1093 2691 1132 2717 C:
1154 2690 1189 2717 Et
1211 2691 1267 2720 lili:
1291 2690 1327 2717 ss:
1350 2689 1411 2716 lilii.
1470 2698 1509 2722 11·
1531 2690 1574 2715 A:

260 2723 316 2749 illc.
374 2723 410 2750 15.
432 2724 474 2750 A:
497 2723 659 2750 contraria.
725 2724 763 2751 13.
787 2723 852 2751 BC:
874 2724 941 2751 talis
963 2724 1084 2757 mistim
1112 2725 1150 2751 ib.
1174 2725 1210 2752 13:
1233 2730 1312 2760 apta.
1377 2733 1416 2755 m.
1439 2725 1483 2751 A:
1506 2732 1577 2758 pur-

259 2758 355 2791 gach».
407 2766 444 2784 21.
462 2759 505 2784 A:
527 2763 605 2785 terra
626 2767 678 2785 cor
704 2767 773 2791 ora:
795 2758 834 2785 ib.
851 2760 895 2785 A:
918 2759 967 2786 ubi
990 2768 1052 2786 uec.
1109 2768 1151 2786 22.
1170 2760 1234 2786 BC:
1258 2760 1300 2786 vel
1323 2759 1358 2785 ad
1381 2757 1575 2793 dampnatos.

259 2791 300 2818 33.
318 2793 361 2819 A:
384 2800 442 2818 nou
467 2793 594 2826 liabent,-
615 2793 654 2820 ib.
710 2803 714 2820 :
736 2793 834 2820 taliter
855 2793 953 2825 deest:
976 2794 1014 2820 ib.
1032 2795 1074 2821 A:
1095 2793 1278 2821 transinndi.
1335 2793 1372 2820 31.
1390 2794 1430 2820 (j,-
1452 2793 1575 2820 audant.

259 2826 301 2853 35.
322 2828 366 2853 A:
389 2832 415 2853 ct
436 2828 529 2854 dcc-st.
603 2827 649 2854 36.
671 2829 699 2854 A
721 2828 750 2854 in
772 2836 885 2863 marga
907 2827 996 2855 Nota.

193 2926 226 2933 :x
330 2910 360 2943 9.
389 2901 477 2941 Aug.
505 2900 596 2943 Opp.
625 2908 709 2932 torn.
737 2900 775 2940 11,
802 2909 880 2943 pag.
912 2910 960 2933 11.

1398 2969 1434 2992 12
