2017 3353
94 317 166 354 ¹92

139 648 253 677 Vanitv
274 647 308 674 os

136 680 313 721 sophisftical

135 718 315 753 otuecnons.

104 1518 211 1546 John's
232 1517 363 1553 practice

97 1555 131 1580 οῖ’
149 1552 370 1588 reduplicating

167 1587 299 1615 ‘Amen'.

683 308 906 342 JOHANNts
924 307 1108 340 WYCLtF
1129 305 1385 339 SERMONUM
1415 290 1566 349 [SERMO
1582 299 1689 328 XX1x.

377 416 568 465 precipue
601 414 836 451 distribucio
869 426 942 462 pro
977 412 1131 459 creatis,
1172 421 1281 462 patet
1320 412 1427 460 quod
1460 409 1691 458 implicatur

376 474 675 512 universitatem
701 481 876 509 creatam
901 483 984 508 esse
1008 470 1173 515 Christi3
1207 471 1313 519 quod
1345 482 1434 506 cum
1458 481 1539 504 non
1562 475 1691 516 potest

376 532 451 569 sibi
485 540 712 580 competere
745 530 785 566 in
818 538 1012 578 quantum
1046 530 1181 575 homo,
1220 537 1330 577 patet
1367 536 1410 563 ut
1441 526 1551 575 prius
1584 525 1692 574 quod

377 603 421 627 ex
455 591 595 627 eodem
630 587 880 626 convincitur
913 588 1020 636 quod
1053 586 1102 623 sit
1135 588 1253 623 Deus.
1289 588 1370 622 Nec
1403 593 1493 621 sunt
1525 582 1692 620 timendi

377 648 555 697 sophiste
587 646 752 684 heretici
784 645 851 695 qui
884 645 939 681 sic
969 653 1158 693 arguunt:
1199 644 1335 680 Omnia
1358 655 1427 692 que
1450 642 1561 678 habet
1579 644 1726 690 pater5

377 719 460 742 mea
482 713 580 742 sunt.
608 707 787 741 Potestas
820 702 1069 752 producendi
1093 702 1218 738 filium
1247 703 1298 738 ad
1320 701 1425 737 intra
1448 709 1504 736 est
1528 698 1692 747 aliquid,

378 764 479 800 sicut
524 772 700 811 potestas
739 775 782 798 ex
820 774 860 798 se
913 760 1154 809 procreandi
1193 760 1385 796 mundum
1428 767 1484 795 est
1529 756 1693 805 aliquid,

379 835 472 870 ergo
506 821 609 857 filius
642 822 761 857 habet
794 828 1033 868 potestatem
1067 820 1116 855 ad
1149 817 1253 854 intra
1284 815 1533 865 producendi
1569 814 1694 850 filium

379 889 416 916 et
462 892 505 916 ex
548 892 588 915 se
627 880 746 915 habet
784 886 1023 926 potestatem
1070 875 1264 925 quidlibet
1303 873 1555 923 procreandi.
1609 874 1695 908 Hoc

380 937 483 974 enim
531 946 587 973 est
631 936 735 984 patri
775 935 999 984 proprium,
1032 934 1122 971 ideo
1161 942 1270 981 patet
1308 934 1415 981 quod
1454 932 1551 967 illud
1588 931 1754 979 quodio

381 1004 438 1032 est
476 995 550 1031 ista
588 1003 764 1042 potestas
803 995 922 1030 habet
960 992 1077 1039 filius,
1118 991 1210 1040 quia
1250 991 1452 1036 deitatem,
1493 998 1530 1026 et
1562 998 1696 1025 tamen

380 1066 461 1089 non
493 1054 612 1089 habet
645 1051 873 1100 potenciam
907 1050 963 1087 sic
995 1050 1150 1099 agendi.
1185 1048 1432 1086 Moralitates
1466 1056 1598 1084 autem
1640 1045 1696 1081 di-

382 1112 505 1148 cende
537 1111 687 1159 populo
721 1111 940 1147 secundum
975 1107 1164 1146 auditorii
1189 1106 1453 1155 capacitatem
1479 1117 1695 1153 congruam

381 1178 473 1206 sunt
506 1170 692 1217 aptande.

854 1292 1049 1332 SERMO
1081 1291 1229 1332 XXIX.
1719 1293 1756 1325 15

438 1401 573 1446 Amen,
604 1400 723 1436 Amen
768 1399 851 1435 dico
885 1399 1002 1446 vobis,
1044 1398 1078 1434 si
1119 1397 1209 1446 quid
1244 1395 1440 1446 pecieritis
1472 1401 1625 1444 patrem
1666 1392 1701 1428 in

383 1460 532 1495 nomine
564 1471 660 1504 meo,
693 1458 796 1493 dabit
829 1457 943 1493 vobis.
976 1457 1062 1492 Joh.
1096 1457 1216 1500 XVF',
1253 1454 1317 1490 23.

442 1519 528 1553 Mos
567 1525 623 1553 est
661 1514 852 1551 Johannis
890 1514 994 1550 inter
1033 1522 1185 1550 ceteros
1225 1510 1485 1559 evangelistas
1525 1511 1600 1546 hoc
1634 1509 1701 1544 ad-

383 1575 564 1612 verbium
596 1575 716 1610 Amen
748 1572 1003 1621 singulariter
1036 1580 1072 1608 et
1106 1569 1340 1619 regulariter
1369 1568 1583 1617 geminare.
1609 1565 1702 1614 quia

385 1633 469 1681 ipse
501 1631 756 1680 singulariter
790 1630 975 1678 cognovit
1007 1629 1047 1665 in
1076 1630 1250 1678 quadam
1275 1625 1571 1675 preeminencia
1595 1625 1702 1672 quod
1721 1639 1761 1661 20

384 1692 505 1727 verba
527 1689 674 1727 Christi
708 1702 751 1725 ex
784 1688 933 1736 duplici
966 1687 1048 1724 eius
1071 1696 1214 1723 natura
1237 1692 1528 1734 processerant,
1553 1682 1703 1719 scilicet

387 1762 430 1785 ex
474 1748 557 1784 eius
596 1746 845 1784 humanitate
884 1755 920 1782 et
960 1745 1179 1782 divinitate.
1224 1746 1271 1780 Et
1311 1744 1358 1780 ad
1400 1741 1703 1790 exprimendum

387 1806 669 1843 certitudinem
700 1804 877 1841 veritatis
915 1806 1128 1840 verborum
1170 1801 1316 1838 Christi
1350 1801 1568 1837 secundum
1602 1800 1705 1834 hanc

388 1864 589 1912 duplicem
611 1873 796 1900 naturam
821 1861 1036 1910 ingeminat
1063 1861 1205 1909 duplex
1220 1861 1361 1895 Amen:
1383 1859 1426 1894 Si
1445 1858 1548 1907 quid,
1563 1855 1704 1905 inquit.

381 1923 576 1972 pecieritis
616 1929 771 1971 patrem
815 1921 850 1956 in
895 1920 1044 1956 nomine
1076 1931 1171 1964 meo,
1213 1918 1316 1953 dabit
1355 1916 1470 1953 vobis.
1512 1917 1587 1951 Pro
1627 1926 1705 1962 quo
1723 1919 1762 1951 25

387 1981 610 2016 notandum
644 1979 751 2016 iuxta
784 1978 890 2014 dicta
922 1977 1104 2025 superius
1137 1977 1245 2025 quod
1277 1975 1317 2010 in
1339 1973 1501 2011 nomine
1523 1974 1613 2009 Jesu
1638 1971 1705 2020 qui

388 2038 673 2086 interpretatur
712 2038 817 2074 salus
857 2036 1113 2072 solummodo
1147 2034 1212 2070 ille
1245 2032 1342 2081 petit
1375 2031 1443 2080 qui
1475 2044 1548 2079 pro
1581 2030 1706 2067 salute

389 2109 459 2132 sua
492 2105 685 2143 perpetua
722 2096 783 2131 vel
822 2107 895 2142 pro
940 2094 1008 2129 illo
1041 2093 1148 2140 quod
1181 2093 1230 2128 ad
1263 2090 1391 2138 ipsam
1426 2089 1574 2125 mediat
1607 2088 1708 2124 iuste

390 2153 500 2201 petit.
535 2154 589 2189 Ex
622 2166 701 2201 quo
735 2162 843 2200 patet
867 2153 974 2200 quod
998 2152 1126 2187 solum
1157 2148 1450 2197 predestinatus
1482 2147 1521 2182 in
1544 2145 1707 2182 nomine

390 2214 480 2247 Jesu
526 2224 547 2247 a
580 2213 664 2247 Deo
709 2210 807 2259 petit
851 2208 1041 2258 quicquid
1080 2206 1266 2252 oraverit⁷
1312 2205 1405 2254 quia
1449 2205 1577 2240 solum
1617 2202 1706 2239 talis
1723 2208 1765 2241 30

393 2269 491 2317 petit
525 2269 692 2304 salutem
727 2276 962 2316 perpetuam
994 2267 1055 2303 vel
1088 2264 1262 2301 medium
1298 2264 1405 2312 quod
1439 2271 1495 2298 est
1527 2273 1706 2297 necessa-

394 2326 497 2362 rium
543 2328 593 2362 ad
638 2326 760 2362 illam.
819 2328 867 2361 Et
910 2333 1019 2373 patet
1061 2322 1207 2360 veritas
1253 2320 1541 2358 condicionalis
1586 2331 1706 2367 quam

396 2383 576 2420 Christus
609 2385 784 2420 secundo
817 2382 954 2419 inserit
985 2394 1111 2430 usque
1145 2381 1285 2426 modo3
1319 2391 1413 2426 ergo
1436 2386 1601 2426 propter
1624 2389 1708 2413 car—

395 2441 600 2478 nalitatem
636 2451 672 2478 et
699 2440 1048 2489 perturbacionem
1072 2451 1152 2474 non
1175 2437 1382 2486 pecierunt
1405 2435 1577 2484 apostoli
1601 2434 1709 2484 quic—

396 2512 516 2547 quam
550 2499 589 2534 in
622 2499 784 2536 nomine
817 2497 1047 2535 Salvatoris.
1082 2496 1203 2544 Igitur
1229 2496 1347 2546 petite
1368 2502 1403 2531 et
1424 2493 1616 2544 accipietis
1637 2492 1709 2528 sub
1727 2496 1766 2528 35

469 2653 488 2672 1.
509 2645 553 2672 A:
576 2651 651 2680 pure
672 2643 862 2671 distribucio.
931 2650 955 2669 2.
976 2642 1021 2669 A:
1042 2646 1188 2669 creatum.
1253 2640 1277 2668 3.
1298 2641 1342 2668 A:
1363 2639 1445 2675 quod
1468 2639 1560 2666 deest.
1626 2637 1650 2665 5.
1665 2637 1709 2664 A:

400 2680 560 2707 Omnium.
617 2679 644 2706 6.
666 2680 710 2705 A:
732 2687 798 2705 mea
820 2682 890 2704 sunt
909 2678 1002 2704 deest.
1058 2685 1083 2711 7.
1107 2677 1144 2703 B:
1166 2675 1299 2703 creandi.
1357 2683 1398 2709 14.
1420 2674 1458 2702 B:
1480 2677 1550 2701 sunt
1570 2671 1708 2699 dicenda.

399 2715 441 2742 113,
458 2714 482 2742 C
502 2714 531 2741 in
554 2722 665 2741 marta:
688 2713 849 2740 Dominica
869 2712 975 2747 quinta
996 2716 1065 2746 post
1084 2711 1216 2744 Pascha;
1237 2710 1277 2737 ib.
1293 2711 1337 2737 A:
1357 2710 1457 2737 Amen
1474 2708 1552 2735 dico.
1610 2715 1648 2741 17.
1664 2707 1709 2732 A:

399 2750 484 2776 dabit
504 2749 592 2775 vobis
612 2734 705 2775 ἔπεϊ.
770 2755 809 2774 21.
830 2748 874 2774 A:
897 2746 1011 2774 Christi
1032 2745 1125 2773 det-st.
1190 2753 1237 2780 24.
1258 2746 1303 2772 A:
1323 2744 1422 2780 inquit
1443 2743 1536 2770 deest.
1600 2749 1644 2776 27.
1665 2741 1709 2767 A:

400 2783 573 2810 solomodo.
647 2781 689 2809 33.
712 2781 778 2809 BC:
800 2790 871 2816 ergo
892 2781 985 2808 deest.

452 2887 500 2918 12,
533 2876 687 2910 13.Vide
713 2886 817 2919 supra
843 2886 920 2919 pag.
954 2875 1012 2907 132
1041 2885 1140 2917 seqq.
1167 2881 1200 2906 et
1225 2873 1312 2906 infra
1338 2883 1416 2916 pag.
1445 2871 1520 2904 223.
1581 2869 1630 2901 16.
1658 2868 1710 2901 Cf.

403 2923 560 2968 Wyclif's
588 2925 754 2955 Sei-mons
780 2924 834 2954 ed.
860 2922 904 2965 by
931 2921 1063 2953 Arnold
1094 2922 1116 2960 1,
1148 2919 1221 2962 148.
1287 2920 1338 2952 33.
1366 2919 1389 2951 1.
1415 2918 1494 2950 Joh.
1520 2917 1561 2957 V,
1592 2927 1642 2958 14.
