2017 3353
222 258 357 286 semo
380 248 476 304 mvl
724 263 865 295 PRIMA
892 264 1008 295 PARS
1748 261 1822 297 355

221 366 375 403 finitum
411 368 498 415 plus
532 369 647 404 debet
671 369 830 405 Christo
855 382 973 418 quam
1009 382 1101 406 suus
1134 382 1267 406 servus
1303 372 1418 407 debet
1447 372 1533 408 sibi.
1621 381 1752 421 Fur-ther

218 425 430 461 Talentum
473 425 577 462 enim
619 435 674 462 est
714 427 816 463 inter
855 436 1036 463 monetas
1076 427 1292 464 maximum
1333 430 1439 476 quod
1479 443 1536 465 se·
1575 420 1802 485 ςῐῗξζωῇζξξᾟζιῗ

219 484 392 518 cundum
429 483 605 520 diversos
640 484 906 521 diversimode
938 485 1127 521 variatur.
1158 487 1205 521 Et
1240 487 1376 522 decem
1412 487 1537 523 millia

219 540 376 587 signant
410 541 708 578 universitatem
734 542 857 578 debiti
890 542 971 590 regi
996 543 1168 579 Christo.
1199 544 1378 580 Christus
1410 552 1535 581 autem

186 598 317 634 51'11bet
350 600 463 635 talem
503 599 765 648 impotentem
807 600 985 636 debitum
1020 613 1135 636 suum
1170 602 1337 638 reddere
1376 601 1415 637 in
1448 614 1536 650 per-

218 669 316 692 sona
349 669 431 694 sua.
468 658 708 701 venumdari,
741 670 919 703 uxorem,
939 659 1051 708 filios
1089 666 1123 695 et
1156 660 1280 695 onznia
1320 672 1390 708 que
1422 660 1535 696 liabe-

218 715 281 749 hat
313 727 357 750 ac
391 715 505 750 reddi
531 715 724 761 debitum,
759 718 921 764 quando
947 716 1041 753 dicit
1075 717 1229 753 interne
1261 718 1321 753 vel
1355 730 1536 765 expresse

218 784 289 820 per
321 785 435 808 suum
463 773 711 821 evangelium
739 776 860 822 quod,
894 774 995 810 sicut
1020 783 1179 822 oportet
1212 788 1373 811 omnem
1408 776 1536 812 homi-

217 842 308 865 nem
344 832 427 866 Deo
460 831 618 877 servire,
653 831 709 868 sic
732 833 849 880 plene
882 832 955 868 sibi
990 835 1156 869 reddere
1190 832 1227 868 id
1263 835 1370 881 quod
1405 835 1533 870 debet.

164 888 285 923 xollle
318 897 450 924 autem
485 890 766 935 venumdatur,
802 892 963 939 quando
998 891 1036 926 in
1069 903 1241 939 persona
1279 891 1445 939 propria
1477 904 1535 928 se-

218 947 392 981 cundum
440 955 594 994 partem
641 947 864 995 digniorem
910 949 1061 996 patitur
1099 962 1243 997 penam
1284 958 1534 997 perpetuam.

217 1005 323 1040 Uxor
367 1013 500 1040 autem
547 1005 629 1041 eius
675 1014 711 1042 et
756 1006 825 1042 filii
870 1015 964 1042 tunc
1008 1008 1303 1043 venumdamur
1348 1009 1533 1055 dyabolo,

215 1064 377 1110 quando
411 1075 555 1111 corpus
585 1076 700 1099 suurn
728 1073 764 1100 et
788 1077 927 1100 omnes
960 1077 1099 1101 sensus
1132 1065 1172 1101 in
1204 1074 1398 1113 perpetua
1432 1078 1534 1113 pena

216 1120 458 1159 cruciantur.
506 1130 542 1157 et
587 1134 677 1157 cum
723 1122 859 1158 omnia
897 1122 1138 1170 temporalia
1182 1122 1255 1159 sibi
1301 1123 1533 1159 adiacencia

164 1178 304 1226 15post
358 1187 527 1214 mortem
580 1192 693 1216 suam
746 1193 827 1216 non
879 1180 953 1216 sibi
1007 1180 1204 1226 adiacent,
1264 1189 1374 1229 patet
1426 1183 1533 1229 quod

215 1236 476 1273 necessitatus
537 1249 579 1273 ex
631 1238 715 1285 lege
767 1247 908 1274 nature
962 1240 1112 1275 mundo
1166 1239 1240 1275 ista
1294 1239 1532 1287 relinquere,

215 1303 395 1330 remanet
440 1294 479 1330 in
524 1304 653 1332 morte
697 1296 979 1344 pauperrimus
1019 1299 1102 1333 Deo
1142 1298 1362 1333 secundum
1403 1298 1529 1345 legem
1581 1302 1583 1305 ⁴

214 1364 327 1388 suam
370 1353 445 1388 hoc
486 1354 619 1389 seculo
662 1353 891 1392 comitante.
937 1357 969 1390 1²1
1001 1356 1050 1390 ad
1085 1354 1190 1391 Tim.
1214 1356 1284 1390 VIO
1326 1354 1532 1391 scribitur:

214 1410 323 1445 Nihil
359 1411 554 1447 intulimus
591 1412 626 1447 in
666 1412 765 1448 hunc
803 1413 1000 1458 mundum,
1039 1413 1144 1448 lzand
1176 1413 1329 1448 dubizmz
1364 1425 1430 1448 nec
1462 1413 1532 1448 ali-

157 1478 198 1499 20
214 1469 315 1516 qnod
346 1468 432 1504 inde
463 1470 624 1517 auferre
646 1482 865 1519 possumus.
901 1471 1113 1506 Procidens
1143 1478 1269 1506 autem
1302 1471 1366 1506 ille
1397 1483 1534 1507 servus

214 1526 381 1576 rogabat
402 1527 611 1562 Dominum
646 1528 693 1563 de
727 1527 1016 1574 misericordia,
1040 1529 1137 1564 false.
1160 1528 1400 1576 promittens
1424 1530 1530 1577 quod

213 1584 363 1620 habens
408 1585 549 1621 horam
595 1585 867 1622 satisfaciendi
912 1587 1085 1634 perfecte
1129 1586 1271 1623 serviet
1316 1588 1400 1623 Deo
1444 1599 1530 1623 suo.

212 1641 327 1677 Multi
372 1642 476 1678 enim
525 1645 674 1680 mundo
720 1643 860 1680 divites
912 1645 962 1680 ad
1014 1645 1155 1681 horam
1201 1644 1398 1681 fallaciter
1441 1653 1531 1680 sunt

213 1700 458 1747 compuncti.
491 1700 673 1737 Christus
706 1710 839 1738 autem
873 1702 1054 1738 misertus
1084 1702 1225 1738 talium
1260 1701 1422 1738 donavit
1454 1702 1530 1738 illis

157 1757 496 1805 2510ngevitatem
531 1759 581 1794 ad
614 1768 772 1807 tempus
805 1760 865 1796 vel
904 1761 1124 1796 secundum
1159 1763 1383 1808 presentem
1419 1759 1529 1796 iusti-

214 1815 330 1857 ciam,
366 1816 508 1852 dimisit
531 1817 696 1852 debitum
721 1817 962 1863 universum,
996 1819 1064 1854 sed
1095 1830 1278 1868 egressus
1308 1831 1329 1854 a
1354 1817 1530 1854 Domino

213 1873 252 1909 in
285 1873 423 1909 mundi
448 1873 600 1910 deliciis
633 1874 849 1911 immemor
873 1876 1003 1912 divine
1027 1875 1303 1912 misericordie
1326 1888 1531 1912 conservos

211 1944 301 1967 suos
346 1931 437 1968 licet
481 1932 722 1980 impotentes
773 1946 846 1981 pro
898 1947 1020 1981 parvo
1074 1934 1225 1970 cruciat
1278 1943 1314 1970 et
1366 1934 1528 1982 suffocat

213 1991 407 2026 mandans
442 1991 674 2038 blaspheme
699 1993 807 2039 quod
841 1993 1007 2027 reddant
1037 1992 1109 2027 sibi
1140 1992 1318 2028 debitunt.
1344 1994 1391 2027 Et
1424 1991 1528 2027 istud

155 2046 196 2078 30
213 2048 431 2083 humanum
473 2049 651 2084 debitum
692 2049 939 2097 evangelium
981 2049 1076 2086 dicit
1115 2051 1222 2098 quod
1262 2062 1302 2085 se
1335 2050 1453 2086 habet
1486 2058 1528 2085 ut

211 2114 369 2141 centum
417 2106 569 2142 denarii
615 2108 663 2143 ad
710 2108 848 2143 decem
895 2107 1019 2143 millia
1071 2109 1330 2144 talentorum.
1384 2108 1529 2143 Servus

208 2171 334 2199 autem
358 2164 566 2200 hominum
602 2164 656 2200 eis
679 2164 922 2201 indebitatus
946 2178 1038 2213 sepe
1066 2166 1248 2214 procidit,
1278 2165 1526 2213 pacienciam

210 2229 328 2271 rogat
378 2231 414 2258 et
466 2222 739 2259 reddicionem
791 2223 922 2259 omnis
973 2223 1094 2259 debiti
1147 2223 1404 2271 repromittit,
1461 2224 1529 2259 sed

209 2287 390 2315 terrenus
424 2280 610 2316 dominus
650 2294 730 2317 non
768 2283 952 2317 obstante
991 2281 1236 2329 impotencia
1274 2294 1432 2317 servum
1466 2281 1526 2317 sui

154 2337 363 2384 35generis
396 2337 769 2375 immisericorditer
813 2352 906 2387 sepe
949 2340 1180 2385 incarcerat,
1227 2339 1383 2387 exigens
1422 2340 1525 2375 blas-

210 2396 353 2443 pheme
393 2395 570 2431 debitum
611 2398 718 2444 quod
758 2410 837 2434 non
877 2399 1006 2434 debet.
1047 2398 1123 2434 Sed
1163 2397 1293 2445 angeli
1332 2397 1399 2445 qui
1434 2406 1525 2432 sunt

210 2452 389 2489 conversi
422 2453 493 2490 Dei
534 2466 623 2489 cum
664 2454 827 2491 homine
864 2455 1042 2492 videntes
1082 2457 1158 2492 hoc
1191 2455 1343 2492 facinus
1383 2455 1523 2491 contri-

207 2518 361 2547 stantur
413 2520 449 2547 et
502 2520 734 2559 presentant
784 2514 868 2549 Deo
921 2513 1118 2561 ingratam
1180 2513 1428 2561 nequiciam3
1489 2520 1525 2548 et

209 2569 390 2604 Christus
435 2568 475 2604 in
520 2569 629 2606 finali
674 2570 823 2606 iudicio
869 2584 957 2607 eum
996 2580 1113 2608 vocat
1153 2584 1198 2608 ac
1238 2570 1523 2619 gratitudinem

149 2639 194 2669 40
209 2639 329 2675 quam
364 2626 437 2662 sibi
471 2627 562 2663 fecit
595 2627 635 2663 in
667 2628 920 2665 consciencia
944 2642 1014 2665 sua
1044 2637 1356 2666 commemorat:
1391 2629 1523 2671 Serve,

279 2749 303 2777 5.
325 2749 353 2775 6.
376 2748 442 2776 BC:
464 2757 627 2784 personam
651 2758 748 2776 suam.
849 2749 876 2777 8.
898 2752 941 2778 A:
965 2751 1043 2778 sicut
1065 2750 1152 2777 sicut.
1255 2760 1283 2785 ς).
1305 2751 1348 2777 A:
1371 2749 1406 2776 ad
1429 2750 1521 2788 quod.

210 2792 247 2811 12.
268 2785 312 2811 A:
336 2784 519 2811 renduntur.
595 2793 633 2819 17.
655 2784 721 2811 BC:
750 2785 814 2812 Deo
835 2785 929 2812 deest.
1004 2788 1043 2812 IN.
1066 2786 1104 2812 13:
1127 2785 1237 2813 seculi:
1268 2785 1308 2811 ib.
1330 2784 1370 2811 C:
1393 2792 1522 2811 comm}-

208 2823 305 2847 tante:
333 2818 373 2845 ib.
397 2818 462 2845 BC:
484 2819 520 2845 ad
543 2818 642 2850 deest:
670 2819 709 2845 ib.
731 2819 797 2847 BC:
820 2820 964 2847 scribitur
984 2821 1077 2847 deest.
1153 2828 1194 2854 19.
1217 2819 1255 2846 ss:
1279 2820 1360 2846 hunc
1381 2819 1520 2846 modum.

206 2853 353 2888 Vulgate:
375 2853 458 2887 quod
475 2861 529 2880 nec
547 2853 680 2890 auferre
698 2854 773 2889 quid
790 2863 959 2888 possumus.
1015 2863 1057 2882 22.
1079 2854 1145 2881 1312:
1169 2854 1290 2881 serviat.
1348 2853 1391 2881 32.
1410 2854 1454 2880 A:
1476 2854 1519 2880 eis

208 2888 302 2914 deest.
378 2887 419 2916 33.
442 2888 480 2914 ss:
508 2888 573 2915 eius
595 2888 698 2915 debiti.
772 2888 819 2919 3Q.
842 2891 885 2916 A:
909 2895 996 2916 vocat
1017 2889 1065 2916 ad.

1321 2937 1389 2964 ηψ-
