2017 3353
163 290 214 327 62
749 286 971 320 JOHANNIS
993 284 1177 317 WYCLIF
1205 282 1463 315 SERMONUM
1527 267 1681 324 [SERMO
1708 276 1761 304 ix.

451 398 499 432 Et
533 393 655 431 dubia
688 403 850 430 evemus
884 393 931 428 de
964 391 1053 428 aliis
1087 391 1268 438 relinquo
1300 388 1472 437 posteris
1507 385 1760 431 declaranda,

451 453 554 490 sicut
599 450 938 488 concordanciam
985 459 1022 486 et
1067 458 1299 486 sanctorum
1345 445 1578 483 testimonia
1618 443 1657 480 in
1689 443 1762 479 hac

451 521 579 560 parte.

181 587 316 615 Various
337 583 417 612 rules
512 569 588 605 Sed
634 567 853 612 dubitatur,
896 578 983 602 cum
1020 566 1120 601 adeo
1174 563 1418 599 innovantur
1458 571 1495 598 et
1559 558 1766 596 variantur

212 620 386 684 ⁰232ssssoe
454 625 645 675 baptismi
679 624 859 669 ecclesie,
893 635 1016 672 quare
1049 634 1129 658 non
1161 621 1253 657 licet
1284 620 1401 657 sicin
1422 618 1588 667 privatis
1612 614 1800 654 ordini-5

454 687 528 722 bus
565 683 734 720 variare.
775 683 815 717 In
859 680 1134 718 declaracione
1173 678 1288 715 huius
1330 677 1438 714 dubii
1487 676 1551 713 ille
1596 675 1663 724 qui
1702 686 1767 710 co-

455 751 665 792 gnosceret
699 740 935 789 quiditatem
976 738 1119 787 privati
1167 736 1317 774 ordinis
1362 736 1527 772 haberet
1573 733 1768 770 maiorem

456 810 610 850 partem
646 799 727 835 eius
759 798 799 834 in
832 797 1027 846 principio
1062 795 1298 844 expeditam.
1353 793 1470 830 Ponit
1510 801 1644 829 autem
1684 790 1770 839 qui-

459 860 551 896 dam
593 859 738 894 doctor
776 857 823 892 de
863 855 1004 892 ordine
1043 855 1212 891 fratrum
1254 852 1454 889 Minorum
1495 850 1562 899 qui
1606 856 1773 898 pompat

458 916 626 965 grandia
660 916 707 951 de
741 927 781 952 se
814 914 900 962 ipso
935 914 1043 962 quod
1076 912 1229 961 privata
1265 909 1404 958 religio
1444 918 1503 946 est
1536 906 1832 954 descriptive10

460 975 591 1012 cultus
625 973 742 1010 unius
775 972 846 1008 Dei
880 972 919 1008 in
952 971 1027 1007 hiis
1061 983 1137 1019 que
1170 978 1261 1006 sunt
1295 969 1343 1004 de
1375 966 1612 1004 necessitate
1635 964 1773 1002 salutis

461 1046 551 1070 cum
577 1031 765 1080 operibus
789 1028 1176 1078 supererogacionis,
1201 1026 1352 1064 scilicet
1375 1024 1635 1074 paupertatis,
1658 1021 1775 1059 casti-

461 1091 554 1128 tatis
588 1100 625 1127 et
648 1089 894 1134 obediencie,
928 1086 1170 1125 modificatis
1194 1085 1414 1122 secundum
1439 1085 1565 1132 legem
1590 1081 1774 1130 papalem

463 1147 726 1186 conformiter
758 1148 807 1184 ad
841 1146 1094 1195 scripturam.
1145 1144 1222 1181 Sed
1256 1142 1505 1192 querendum
1539 1140 1696 1177 videtur
1727 1138 1775 1175 ab

462 1208 564 1255 ipso,
582 1219 672 1243 cum
707 1205 858 1242 dictum
884 1217 1007 1253 genus
1032 1204 1162 1240 cultus
1187 1201 1258 1238 Dei
1284 1203 1342 1248 (ut
1365 1199 1610 1249 Augustinus
1647 1195 1777 1245 loqui·
1799 1194 1835 1226 15

464 1276 529 1303 tur
560 1265 599 1301 in
622 1266 680 1301 De
701 1265 804 1300 Vera
827 1263 1046 1310 Religione)
1069 1274 1149 1298 non
1183 1260 1231 1297 sit
1264 1259 1457 1296 terminus
1489 1270 1559 1306 per
1581 1268 1621 1293 se
1644 1264 1779 1300 notus,

464 1333 600 1360 utrum
635 1322 685 1359 sit
729 1322 859 1358 solum
907 1321 945 1357 in
990 1321 1126 1357 anima
1169 1318 1230 1355 vel
1274 1317 1405 1354 solum
1450 1326 1557 1353 extra
1601 1312 1779 1351 animam

466 1381 544 1418 sive
578 1380 748 1417 mixtim.
782 1379 821 1416 Si
856 1379 1030 1427 primum
1076 1379 1193 1414 detur
1230 1386 1273 1413 ut
1315 1373 1577 1423 probabilius,
1624 1379 1780 1408 constat

466 1440 576 1489 quod
627 1439 677 1475 ad
720 1437 951 1486 religionem
995 1436 1191 1485 privatam
1234 1446 1317 1470 non
1360 1432 1618 1481 requiruntur
1660 1441 1781 1479 opera

468 1495 837 1546 supererogacionis
877 1494 1071 1546 predicta,
1118 1506 1208 1530 cum
1254 1501 1366 1529 actus
1412 1490 1511 1528 tales
1555 1488 1782 1538 quicunque
1800 1496 1841 1518 20

468 1555 682 1594 intrinsece
714 1562 883 1602 possunt
906 1566 989 1590 esse
1023 1553 1063 1589 in
1087 1551 1220 1589 anima
1243 1550 1326 1586 sine
1349 1549 1493 1586 talibus
1526 1557 1782 1595 supereroga-

471 1613 597 1651 cionis
630 1613 818 1661 operibus
851 1610 1103 1660 supradictis.
1137 1610 1213 1646 Sed
1238 1607 1332 1656 quid
1366 1607 1487 1655 magis
1518 1604 1784 1642 confunderet

470 1672 647 1721 privatos
680 1670 856 1715 ordines,
902 1682 991 1706 cum
1041 1667 1209 1717 quilibet
1252 1664 1569 1705 obedienciarius
1601 1674 1690 1699 vere
1724 1660 1782 1697 di-

473 1738 578 1767 ceret
606 1726 612 1782 Ι
640 1742 712 1766 suo
754 1727 958 1776 preposito
998 1725 1163 1775 exigenti
1203 1723 1479 1763 obedienciam
1518 1722 1557 1758 in
1596 1730 1687 1758 actu
1721 1732 1782 1756 ex-
1804 1707 1886 1785 Fogz

473 1788 647 1826 trinseco
692 1787 802 1835 quod
847 1787 923 1822 hoc
968 1797 1049 1822 non
1083 1782 1264 1832 sequitur
1295 1794 1339 1818 ex
1372 1780 1533 1832 regula?
1580 1780 1671 1815 Ideo
1703 1789 1783 1814 non
1808 1763 1847 1795 ¹4

474 1856 615 1884 teneor
654 1846 731 1882 hoc
769 1854 1003 1892 preceptum
1037 1842 1180 1879 virtute
1220 1839 1450 1877 obediencie
1490 1837 1710 1885 adimplere
1750 1843 1787 1872 et

475 1904 593 1941 nimis
640 1902 797 1940 difficile
842 1902 943 1939 foret
979 1900 1168 1953 colligere
1201 1908 1334 1947 partes
1368 1896 1515 1948 regule7
1561 1908 1604 1932 ex
1642 1894 1787 1943 quibus

477 1962 655 2011 sequitur
687 1960 909 1997 subiectum
944 1961 1089 1996 debere
1122 1958 1176 1995 sic
1209 1957 1351 1996 facere.
1386 1956 1450 1992 Sic
1483 1953 1606 1991 eciam
1642 1952 1790 1988 diceret

477 2021 746 2070 quodcunque
778 2026 1011 2067 preceptum
1045 2018 1093 2053 de
1126 2014 1278 2052 neutris
1311 2026 1392 2050 non
1426 2025 1511 2049 esse
1544 2012 1592 2047 de
1626 2023 1696 2047 sua
1731 2021 1790 2045 re-

477 2079 626 2127 ligione
658 2078 718 2114 vel
751 2076 904 2122 ordine,
938 2089 1028 2112 cum
1062 2087 1142 2112 non
1174 2073 1225 2110 sit
1259 2072 1388 2108 cultus
1421 2070 1492 2107 Dei
1535 2069 1574 2105 in
1607 2068 1681 2105 hiis
1715 2079 1790 2115 que
1809 2067 1850 2099 30

478 2146 569 2174 sunt
600 2134 825 2172 necessaria
859 2134 907 2171 ad
940 2134 1125 2177 salutem,
1160 2143 1205 2168 eo
1239 2131 1348 2178 quod
1371 2128 1501 2166 omnis
1534 2128 1656 2163 horno
1690 2125 1792 2161 salu-

480 2204 559 2231 tem
592 2203 727 2242 posset
760 2191 951 2240 consequi
974 2191 1058 2227 sine
1091 2190 1168 2227 illis
1193 2197 1230 2225 et
1254 2187 1461 2224 deficiente
1493 2197 1636 2234 genere
1660 2182 1791 2220 cuius-

480 2264 637 2300 cunque
670 2249 873 2298 religionis
906 2261 1068 2286 necesse
1101 2256 1159 2285 est
1192 2245 1425 2294 religionem
1466 2244 1576 2280 illam
1610 2241 1792 2278 deficere.

480 2313 529 2348 Et
562 2309 593 2346 si
627 2309 782 2345 dicatur
814 2308 923 2356 quod
957 2320 1058 2355 opus
1091 2312 1323 2355 preceptum
1358 2303 1409 2340 sit
1440 2299 1710 2338 necessarium
1745 2299 1795 2335 ad

483 2368 668 2413 salutem,
695 2366 788 2415 quia
810 2365 1079 2402 necessarium
1104 2365 1195 2401 huic
1220 2359 1533 2407 obedienciario,
1556 2366 1666 2407 patet
1687 2357 1796 2406 quod
1813 2355 1852 2389 35

482 2439 552 2475 per
596 2425 700 2462 idern
740 2437 860 2461 omne
899 2437 1000 2472 opus
1033 2419 1406 2471 supererogacionis
1446 2418 1484 2454 in
1522 2415 1796 2466 predestinato

551 2545 581 2571 4.
615 2536 643 2564 A
676 2536 706 2563 in
740 2543 859 2569 marg.:
901 2534 1056 2569 Dubium;
1097 2534 1118 2561 B
1145 2533 1174 2561 in
1197 2539 1307 2565 marg.:
1331 2531 1481 2566 Questio;
1568 2529 1609 2556 ib.
1645 2528 1689 2555 A:
1723 2526 1798 2553 Deo.

484 2573 512 2600 6.
534 2572 562 2600 A
582 2571 611 2599 in
633 2577 752 2605 marg:
774 2570 959 2605 Responsio.
1085 2568 1114 2603 8,
1136 2577 1166 2602 9.
1185 2568 1234 2596 A:
1264 2566 1389 2602 quidem
1416 2566 1533 2593 doctor.
1623 2570 1666 2590 ιο.
1685 2563 1730 2590 A:
1751 2562 1798 2588 di-

483 2607 639 2642 scriptive.
759 2605 796 2633 13.
818 2607 864 2633 A:
887 2610 914 2632 et
936 2606 1029 2632 deest.
1127 2602 1198 2630 BC:
1227 2604 1325 2636 legem
1347 2600 1524 2636 specialem.
1651 2605 1693 2630 14.
1715 2597 1744 2623 A
1766 2595 1796 2622 in

485 2649 602 2675 marg:
624 2639 706 2676 Quid
728 2645 773 2667 est
794 2639 913 2674 privata
941 2639 1061 2673 religio.
1095 2637 1262 2671 Obiecci03
1289 2636 1310 2662 B
1336 2635 1366 2663 in
1394 2642 1507 2669 marg.:
1536 2632 1654 2667 Religio
1681 2631 1798 2666 privata

486 2677 560 2712 quid
581 2681 626 2703 est
646 2675 840 2709 descriptive.
915 2674 955 2702 16.
973 2676 1000 2701 A
1015 2674 1045 2700 in
1068 2680 1184 2706 marga
1206 2674 1234 2699 A
1256 2679 1284 2705 1;
1307 2670 1328 2697 B
1343 2671 1372 2697 in
1388 2677 1503 2704 marg.:
1527 2667 1643 2696 Contra
1664 2665 1799 2700 descrip-

486 2713 607 2739 cionem
629 2710 788 2744 religionis
809 2709 926 2744 private
946 2713 1164 2742 argumentum
1186 2706 1266 2734 infra
1286 2706 1443 2732 continue.
1562 2710 1610 2730 20.
1629 2702 1675 2729 A:
1694 2707 1800 2735 super-

486 2745 693 2780 arogacionis.
802 2751 841 2770 21.
861 2746 908 2771 A:
931 2743 1082 2770 intrineici
1183 2749 1225 2768 22.
1247 2742 1290 2768 A:
1312 2739 1517 2767 confundunt.
1607 2735 1649 2764 25.
1671 2736 1718 2763 A:
1741 2738 1799 2762 hoc

486 2782 581 2808 deest.
726 2779 773 2807 A:
795 2779 867 2806 Ideo
888 2786 949 2805 non
971 2785 1044 2805 cene
1064 2780 1195 2808 oportet.
1321 2774 1366 2801 28.
1389 2773 1431 2801 C:
1453 2773 1489 2801 Et
1509 2773 1563 2800 sic.
1688 2770 1735 2802 34.
1757 2768 1798 2796 C:

487 2820 533 2843 est
553 2816 648 2843 deest.
767 2813 807 2842 35.
829 2814 876 2840 A:
899 2812 1111 2840 obedientario
1132 2814 1214 2847 patet
1235 2809 1320 2846 quod
1342 2809 1435 2836 idem.

562 2910 611 2943 15.
639 2908 823 2951 Augustini
852 2908 941 2951 Opp.
968 2914 1052 2939 tom.
1079 2906 1102 2939 Ι.
1129 2916 1206 2949 pag.
1235 2904 1300 2948 763
1328 2913 1416 2946 seqq
