2017 3353
248 278 384 308 SERMO
405 267 530 325 XLVI]
761 283 899 315 PRIMA
927 283 1052 316 PARS.

248 399 531 436 quamcunque
593 389 860 437 penitenciam
925 391 1113 427 confessis
1183 392 1262 428 suis
1326 392 1567 431 iniunxerint

247 454 605 494 quantumcunque
643 447 750 484 varie
789 456 826 484 et
865 448 1214 495 irracionabiliter,
1255 452 1360 487 Deus
1401 463 1447 488 eo
1481 452 1567 500 ipso

246 503 467 540 remitteret
500 504 689 541 confessis
721 505 922 542 iniuriam.
957 508 1005 542 Et
1038 507 1091 543 ita
1120 518 1339 556 posuerunt
1362 509 1474 557 signa
1497 523 1567 547 sua

247 570 283 598 et
316 574 396 597 non
432 572 704 610 cognoverunt
728 575 866 600 eorum
898 564 1182 602 fundacionem
1206 566 1266 602 vel
1289 567 1564 614 placacionem

211 620 318 656 5Dei
364 632 453 656 cum
493 619 600 668 ipsis,
640 622 709 657 sed
748 630 839 658 sunt
878 623 1147 659 communiter
1185 624 1297 672 signa
1330 625 1441 661 falsa.
1486 628 1566 662 Nec

246 677 392 713 mirum
439 677 531 726 quia
575 679 831 727 presumpcio
877 679 1036 716 illorum
1086 681 1264 718 ascendit
1312 684 1361 719 ad
1409 692 1565 720 tantum

245 737 351 784 quod
385 748 466 772 non
500 746 748 784 cognoscunt
779 739 841 774 vel
872 738 1005 786 topice
1039 739 1330 777 contricionem
1354 741 1414 777 vel
1439 741 1566 789 digni—

244 802 366 830 tatem
400 806 570 842 persone
603 795 782 832 confesse
815 798 949 844 quoad
982 799 1123 843 Deum,
1158 807 1200 834 ut
1233 798 1368 835 taliter
1400 800 1449 836 ab
1478 799 1565 848 ipso

242 851 440 899 recipiant
473 861 668 901 quantum
703 854 935 902 blaspheme
968 855 1225 903 promittunt,
1258 869 1339 893 non
1362 865 1404 893 ut
1429 857 1565 895 fideles

190 921 226 942 10
242 909 414 946 ministri
449 910 595 947 Christi
628 911 697 948 sed
728 921 771 948 ut
804 912 1005 949 falsissimi
1039 913 1223 962 discipuli
1256 915 1505 952 Antichristi.

299 969 347 1003 Et
379 967 454 1004 ista
486 969 737 1017 blasphemia
770 971 818 1006 de
858 970 1121 1019 indulgenciis
1162 981 1198 1009 et
1237 972 1564 1010 absolucionibus

241 1038 263 1062 a
295 1038 398 1073 pena
431 1035 468 1062 et
501 1039 522 1063 a
556 1027 674 1075 culpa
705 1036 788 1064 tam
821 1028 929 1065 varie
962 1038 1119 1066 taxatur
1143 1030 1275 1076 hodie,
1310 1044 1430 1079 quam
1455 1031 1564 1069 varie

240 1083 509 1121 Antichristus
547 1085 738 1133 supponit
776 1088 883 1135 quod
923 1087 1078 1136 decepti
1122 1089 1352 1137 symoniace
1396 1091 1565 1126 reddent

240 1141 466 1190 pecuniam.
506 1143 662 1180 Veritas
701 1143 835 1193 itaque
875 1145 1066 1193 evangelii
1107 1147 1224 1183 docet
1267 1148 1375 1196 quod
1414 1149 1562 1185 nedum

186 1200 223 1233 15
239 1201 467 1237 sacerdotes
499 1202 567 1237 sed
600 1214 739 1238 omnes
773 1202 909 1240 fideles
943 1204 1088 1240 debent
1120 1214 1315 1254 quantum
1347 1206 1564 1244 commissa

240 1267 297 1294 est
336 1258 376 1294 in
415 1271 481 1295 eos
520 1259 666 1296 iniuria
704 1259 833 1308 ipsam
874 1261 1076 1299 dimittere
1116 1272 1152 1299 et
1192 1275 1337 1312 penam
1380 1266 1464 1301 Deo
1503 1277 1563 1302 re-

239 1316 409 1363 mittere,
450 1318 558 1365 quod
601 1317 633 1354 si
677 1320 906 1355 sacerdotes
945 1332 988 1356 ex
1027 1321 1277 1358 revelacione
1308 1322 1370 1359 vel
1402 1321 1563 1360 aliunde

238 1375 498 1422 cognoverint
536 1377 644 1424 quod
683 1385 872 1424 peccator
910 1377 959 1414 sit
999 1379 1132 1415 taliter
1170 1379 1397 1428 puniendus
1434 1381 1494 1417 vel
1539 1394 1562 1418 a

238 1432 405 1469 crimine
437 1434 716 1480 absolvendus,
751 1436 897 1472 debent
928 1437 1176 1474 voluntatem
1211 1437 1283 1475 Dei
1317 1439 1500 1487 detegere
1523 1448 1561 1476 et

179 1501 221 1523 20
237 1491 388 1539 exequi,
435 1492 483 1528 de
516 1501 667 1540 quanto
706 1492 869 1541 spiritus
908 1506 974 1531 eos
1014 1504 1165 1541 movet3
1206 1505 1242 1532 et
1281 1496 1337 1534 sic
1376 1497 1562 1546 quidquid

234 1549 421 1585 solverint
451 1562 569 1600 super
600 1558 749 1587 terram
789 1552 1050 1589 conformiter
1089 1553 1254 1591 ecclesie
1292 1554 1560 1604 triumphanti

234 1607 308 1643 erit
337 1607 504 1644 solutum
538 1608 574 1644 in
607 1609 718 1654 celis;
755 1619 792 1646 et
828 1610 883 1647 ita
923 1612 970 1647 de
1008 1611 1206 1659 ligacione
1243 1621 1280 1649 et
1325 1613 1561 1650 remissione

234 1666 389 1713 peccati
422 1678 512 1702 cum
547 1666 633 1703 aliis
667 1668 855 1715 operibus
889 1668 1109 1706 iudiciariis
1143 1679 1179 1706 et
1211 1683 1294 1707 non
1316 1672 1435 1708 ultra.
1469 1674 1559 1708 Non

235 1723 339 1760 enim
381 1724 548 1760 remittit
587 1725 710 1762 homo
749 1727 930 1763 absolute
968 1740 1082 1764 suam
1121 1727 1309 1765 iniuriam
1348 1742 1438 1766 cum
1484 1730 1560 1767 hoc

177 1781 217 1814 25
234 1783 342 1830 quod
375 1791 582 1819 remaneat
615 1783 701 1831 ipsa
735 1783 882 1821 iniuria
915 1787 1048 1834 quoad
1082 1788 1223 1832 Deum,
1259 1787 1353 1835 quia
1385 1800 1466 1824 non
1501 1797 1557 1824 est

233 1839 273 1876 in
305 1848 502 1888 potestate
532 1849 665 1878 creata
695 1842 845 1879 donare
875 1843 955 1880 sive
984 1843 1198 1890 dimittere,
1232 1844 1307 1881 nisi
1335 1846 1382 1882 de
1406 1855 1558 1894 quanto

233 1900 338 1934 Deus
370 1898 480 1947 prius
513 1898 569 1935 sic
601 1899 739 1936 fecerit
772 1903 905 1949 quoad
939 1902 1084 1950 ipsum.
1119 1902 1282 1939 Offenso
1316 1903 1421 1940 enim
1447 1916 1557 1941 crea-

232 1965 318 1993 tore
350 1957 411 1993 vel
443 1966 675 1994 remanente
708 1960 842 2007 quoad
875 1959 1005 2008 ipsum
1039 1960 1198 2007 iniuria,
1232 1973 1393 1998 necesse
1427 1971 1483 1998 est
1515 1971 1558 1999 ut

232 2014 443 2051 iniurietur
476 2015 638 2052 cuilibet
672 2026 871 2062 creature:
905 2018 1182 2055 sacerdotibus
1221 2028 1355 2056 autem
1390 2032 1557 2057 noscen-

175 2073 216 2105 30
232 2073 336 2109 tibus
368 2074 495 2121 legem
520 2074 682 2111 Domini
717 2085 753 2111 et
777 2075 1045 2113 humilitatem
1070 2077 1239 2114 confessi
1271 2079 1403 2126 quoad
1428 2080 1555 2115 Deum

232 2131 500 2168 committitur
537 2132 748 2170 iudiciaria
786 2142 965 2181 potestas
1004 2134 1085 2171 sive
1122 2135 1272 2172 vicaria
1303 2145 1345 2172 ut
1379 2136 1557 2173 iudicent

232 2189 493 2226 conformiter
526 2191 690 2227 ecclesie
723 2191 1003 2240 triumphanti.
1043 2194 1121 2230 Sed
1155 2193 1247 2242 quia
1280 2195 1556 2231 sacerdotibus

232 2247 365 2284 deficit
398 2248 516 2284 hodie
548 2248 621 2286 ista
655 2250 817 2294 noticia,
858 2250 948 2287 ideo
987 2250 1106 2287 nimis
1140 2261 1377 2300 presumunt
1412 2266 1454 2289 ex
1487 2266 1556 2290 au-

233 2306 347 2342 dacia
380 2307 594 2344 temeraria
619 2316 759 2344 contra
781 2309 1029 2345 voluntatem
1055 2309 1217 2346 Domini
1241 2310 1413 2359 operari.
1449 2313 1556 2348 Deus

176 2363 215 2396 35
233 2372 366 2400 autem
400 2377 482 2400 non
515 2366 582 2402 dat
615 2365 787 2403 inimicis
831 2366 915 2403 istis
955 2367 1194 2416 capitalibus
1227 2378 1467 2417 potestatem
1501 2369 1556 2406 vi-

234 2422 398 2467 cariam,
433 2431 475 2458 ut
507 2424 715 2460 absolvant
746 2425 806 2460 vel
839 2424 961 2473 ligent
985 2425 1224 2463 difformiter
1252 2427 1449 2464 voluntati
1473 2440 1554 2473 sue,

233 2492 322 2516 cum
363 2489 443 2517 tam
479 2494 645 2529 magnus
690 2482 876 2519 dominus
915 2484 1158 2521 omnisciens
1197 2497 1279 2522 non
1320 2486 1432 2522 daret
1477 2485 1557 2522 suis

300 2646 320 2665 ι.
343 2638 381 2665 B:
402 2638 611 2667 iniunxerunt.
680 2647 705 2667 2.
722 2641 766 2667 A:
789 2640 1025 2669 racionabiliter.
1099 2641 1126 2670 3,
1142 2644 1187 2670 A:
1209 2650 1262 2669 sna
1283 2643 1384 2670 deest:
1407 2642 1444 2670 B:
1466 2642 1490 2670 si
1516 2652 1553 2670 na

232 2682 285 2700 sua
302 2673 398 2708 signa.
449 2673 473 2701 5.
490 2674 534 2701 A:
558 2673 644 2709 signa
664 2674 759 2702 deest.
806 2675 834 2703 6.
857 2676 897 2703 B:
919 2676 1053 2704 ostendit
1074 2677 1110 2704 ad
1132 2682 1261 2704 tantum.
1310 2685 1348 2716 ιι..
1367 2678 1404 2705 Β;
1427 2677 1463 2705 Et
1484 2651 1551 2706 iffa:

230 2708 269 2735 ib.
291 2709 319 2735 A
339 2708 369 2735 in
391 2716 458 2735 mar
482 2718 505 2735 .:
526 2707 618 2736 Nota.
646 2709 690 2736 De
709 2708 924 2746 indulgenciis.
1011 2719 1049 2740 12.
1070 2712 1115 2739 A:
1137 2717 1197 2739 tarn
1220 2711 1312 2745 varii;
1342 2712 1382 2740 ib.
1404 2713 1448 2739 A:
1470 2716 1552 2739 taxa-

229 2747 278 2769 tur
295 2758 330 2762 —
348 2742 432 2770 varie
475 2747 546 2770 eest.
623 2743 664 2771 16.
686 2743 726 2772 B:
747 2743 778 2772 in
798 2744 842 2772 eis
863 2745 986 2774 iniuria.
1060 2755 1100 2781 17.
1120 2748 1164 2774 A:
1186 2746 1268 2781 quod
1290 2746 1315 2774 si
1334 2762 1368 2766 -—
1389 2747 1433 2773 vel
1456 2746 1550 2774 deest.

233 2777 270 2803 18.
294 2778 338 2804 A:
361 2782 582 2812 cognoverunt.
682 2787 723 2815 ¹9·
744 2780 788 2806 A:
809 2779 846 2806 Et
866 2784 939 2808 tunc
959 2781 1079 2808 debent.
1172 2788 1214 2808 22.
1236 2782 1280 2808 A:
1302 2789 1336 2808 ac
1357 2781 1550 2809 remissione.

230 2811 273 2839 25.
295 2812 339 2838 A:
363 2817 494 2849 maneat.
577 2820 621 2848 27.
642 2812 688 2841 28.
709 2814 753 2841 A:
776 2813 904 2841 offenso
925 2831 958 2834 —
978 2816 1080 2851 ipsum
1103 2816 1197 2843 deest.
1271 2823 1315 2851 27.
1336 2817 1364 2843 A
1385 2816 1414 2843 in
1437 2824 1550 2856 marg:

227 2845 281 2873 inf.
303 2846 354 2873 fol.
372 2850 457 2881 170⁰:
480 2847 524 2874 De
545 2847 726 2875 remissione
749 2853 946 2883 pcccatorum
970 2854 1041 2877 nota
1061 2850 1189 2877 inferius
1210 2858 1353 2877 sermone
1373 2850 1439 2878 LIII
1461 2850 1552 2878 liuius

227 2881 334 2943 Hastis.
432 2889 479 2917 29.
503 2882 540 2908 B:
562 2882 734 2910 iniuriatur.
833 2882 878 2911 30.
901 2885 947 2912 A:
970 2885 1141 2912 utilitatem.
1239 2884 1281 2912 35.
1304 2886 1346 2912 A:
1369 2885 1551 2921 capitalibus

249 2920 320 2943 eest.

1778 282 1855 330 309

1580 981 1668 1020 Fal-se
1680 982 1852 1021 absolutioni

1588 1024 1676 1051 given
1698 1019 1746 1045 toi·
1764 1025 1844 1051 gain.

1603 1388 1632 1415 A
1676 1387 1747 1415 ricst
1767 1397 1821 1415 can

1610 1396 1682 1450 onii*
1703 1422 1821 1450 declat-c

1595 1456 1785 1493 forgiveness
1806 1467 1839 1485 sm

1574 1491 1620 1519 far
1636 1500 1669 1519 as
1688 1491 1724 1519 he
1742 1493 1851 1520 knows

1574 1526 1594 1554 it
1609 1531 1639 1554 to
1656 1527 1690 1554 be
1707 1527 1833 1561 granted
