<?xml version="1.0" encoding="UTF-8"?>
<!DOCTYPE html PUBLIC "-//W3C//DTD XHTML 1.0 Transitional//EN"
    "http://www.w3.org/TR/xhtml1/DTD/xhtml1-transitional.dtd">
<html xmlns="http://www.w3.org/1999/xhtml" xml:lang="en" lang="en">
 <head>
  <title>
</title>
<meta http-equiv="Content-Type" content="text/html;charset=utf-8" />
  <meta name='ocr-system' content='tesseract 3.04.00' />
  <meta name='ocr-capabilities' content='ocr_page ocr_carea ocr_par ocr_line ocrx_word'/>
</head>
<body>
  <div class='ocr_page' id='page_1' title='image "./iohanniswyclifse0701wycl_0317.png"; bbox 0 0 2017 3353; ppageno 0'>
   <div class='ocr_carea' id='block_1_1' title="bbox 259 270 1063 327">
    <p class='ocr_par' dir='ltr' id='par_1_1' title="bbox 259 270 1063 327">
     <span class='ocr_line' id='line_1_1' title="bbox 259 270 1063 327; baseline 0.01 -19"><span class='ocrx_word' id='word_1_1' title='bbox 259 282 394 310; x_wconf 63' lang='lat' dir='ltr'>smnio</span> <span class='ocrx_word' id='word_1_2' title='bbox 417 270 495 327; x_wconf 74' lang='lat' dir='ltr'>xi..]</span> <span class='ocrx_word' id='word_1_3' title='bbox 771 284 910 315; x_wconf 72' lang='lat' dir='ltr'>PRIMA</span> <span class='ocrx_word' id='word_1_4' title='bbox 938 284 1063 315; x_wconf 64' lang='lat' dir='ltr'>PARS.</span> 
     </span>
    </p>
   </div>
   <div class='ocr_carea' id='block_1_2' title="bbox 259 391 1578 438">
    <p class='ocr_par' dir='ltr' id='par_1_2' title="bbox 259 391 1578 438">
     <span class='ocr_line' id='line_1_2' title="bbox 259 391 1578 438; baseline 0 -11"><span class='ocrx_word' id='word_1_5' title='bbox 259 391 378 427; x_wconf 83' lang='lat' dir='ltr'>bilem</span> <span class='ocrx_word' id='word_1_6' title='bbox 414 400 451 427; x_wconf 88' lang='lat' dir='ltr'>ct</span> <span class='ocrx_word' id='word_1_7' title='bbox 496 391 820 438; x_wconf 83' lang='lat' dir='ltr'>contempnendo</span> <span class='ocrx_word' id='word_1_8' title='bbox 865 402 1046 427; x_wconf 89' lang='lat' dir='ltr'>securam</span> <span class='ocrx_word' id='word_1_9' title='bbox 1097 402 1310 438; x_wconf 81' lang='lat' dir='ltr'>peccamus</span> <span class='ocrx_word' id='word_1_10' title='bbox 1354 391 1578 428; x_wconf 81' lang='lat' dir='ltr'>vecorditer</span> 
     </span>
    </p>
   </div>
   <div class='ocr_carea' id='block_1_3' title="bbox 1787 280 1864 314">
    <p class='ocr_par' dir='ltr' id='par_1_3' title="bbox 1787 280 1864 314">
     <span class='ocr_line' id='line_1_3' title="bbox 1787 280 1864 314; baseline 0 0"><span class='ocrx_word' id='word_1_11' title='bbox 1787 280 1864 314; x_wconf 70' lang='lat'>265</span> 
     </span>
    </p>
   </div>
   <div class='ocr_carea' id='block_1_4' title="bbox 1613 400 1844 429">
    <p class='ocr_par' dir='ltr' id='par_1_4' title="bbox 1613 400 1844 429">
     <span class='ocr_line' id='line_1_4' title="bbox 1613 400 1844 429; baseline 0.017 -4"><span class='ocrx_word' id='word_1_12' title='bbox 1613 408 1632 425; x_wconf 76' lang='lat' dir='ltr'>xx</span> <span class='ocrx_word' id='word_1_13' title='bbox 1643 400 1710 427; x_wconf 76' lang='lat' dir='ltr'>hicli</span> <span class='ocrx_word' id='word_1_14' title='bbox 1734 407 1844 429; x_wconf 74' lang='lat' dir='ltr'>cannot</span> 
     </span>
    </p>
   </div>
   <div class='ocr_carea' id='block_1_5' title="bbox 1608 435 1854 464">
    <p class='ocr_par' dir='ltr' id='par_1_5' title="bbox 1608 435 1854 464">
     <span class='ocr_line' id='line_1_5' title="bbox 1608 435 1854 464; baseline 0.012 -4"><span class='ocrx_word' id='word_1_15' title='bbox 1608 435 1641 461; x_wconf 81' lang='lat' dir='ltr'>bc</span> <span class='ocrx_word' id='word_1_16' title='bbox 1663 444 1762 463; x_wconf 75' lang='lat' dir='ltr'>worse</span> <span class='ocrx_word' id='word_1_17' title='bbox 1784 437 1854 464; x_wconf 76' lang='lat' dir='ltr'>than</span> 
     </span>
    </p>
   </div>
   <div class='ocr_carea' id='block_1_6' title="bbox 259 447 1873 499">
    <p class='ocr_par' dir='ltr' id='par_1_6' title="bbox 259 447 1873 499">
     <span class='ocr_line' id='line_1_6' title="bbox 259 447 1873 499; baseline 0 -14"><span class='ocrx_word' id='word_1_18' title='bbox 259 458 399 485; x_wconf 88' lang='lat' dir='ltr'>contra</span> <span class='ocrx_word' id='word_1_19' title='bbox 432 448 650 485; x_wconf 78' lang='lat' dir='ltr'>Christum.</span> <span class='ocrx_word' id='word_1_20' title='bbox 685 447 725 485; x_wconf 87' lang='lat' dir='ltr'>Si</span> <span class='ocrx_word' id='word_1_21' title='bbox 760 447 864 484; x_wconf 87' lang='lat' dir='ltr'>enim</span> <span class='ocrx_word' id='word_1_22' title='bbox 907 447 945 483; x_wconf 90' lang='lat' dir='ltr'>in</span> <span class='ocrx_word' id='word_1_23' title='bbox 979 447 1181 496; x_wconf 84' lang='lat' dir='ltr'>primitiva</span> <span class='ocrx_word' id='word_1_24' title='bbox 1215 448 1382 485; x_wconf 87' lang='lat' dir='ltr'>ecclesia</span> <span class='ocrx_word' id='word_1_25' title='bbox 1416 451 1577 497; x_wconf 85' lang='lat' dir='ltr'>quando</span> <span class='ocrx_word' id='word_1_26' title='bbox 1594 469 1642 496; x_wconf 73' lang='lat' dir='ltr'>the</span> <span class='ocrx_word' id='word_1_27' title='bbox 1665 471 1818 498; x_wconf 63' lang='lat' dir='ltr'>mareri-als</span> <span class='ocrx_word' id='word_1_28' title='bbox 1839 474 1873 499; x_wconf 52' lang='lat' dir='ltr'>os</span> 
     </span>
    </p>
   </div>
   <div class='ocr_carea' id='block_1_7' title="bbox 201 506 1580 1195">
    <p class='ocr_par' dir='ltr' id='par_1_7' title="bbox 222 506 1580 904">
     <span class='ocr_line' id='line_1_7' title="bbox 258 506 1578 555; baseline 0.001 -13"><span class='ocrx_word' id='word_1_29' title='bbox 258 507 329 543; x_wconf 85' lang='lat' dir='ltr'>fuit</span> <span class='ocrx_word' id='word_1_30' title='bbox 370 506 500 542; x_wconf 89' lang='lat' dir='ltr'>minus</span> <span class='ocrx_word' id='word_1_31' title='bbox 542 506 700 543; x_wconf 86' lang='lat' dir='ltr'>evidens</span> <span class='ocrx_word' id='word_1_32' title='bbox 746 506 793 542; x_wconf 87' lang='lat' dir='ltr'>de</span> <span class='ocrx_word' id='word_1_33' title='bbox 846 506 1069 554; x_wconf 80' lang='lat' dir='ltr'>capacitate</span> <span class='ocrx_word' id='word_1_34' title='bbox 1110 506 1262 555; x_wconf 75' lang='lat' dir='ltr'>populi,</span> <span class='ocrx_word' id='word_1_35' title='bbox 1316 519 1396 543; x_wconf 89' lang='lat' dir='ltr'>non</span> <span class='ocrx_word' id='word_1_36' title='bbox 1449 507 1578 543; x_wconf 88' lang='lat' dir='ltr'>forent</span> 
     </span>
     <span class='ocr_line' id='line_1_8' title="bbox 257 563 1580 613; baseline 0 -13"><span class='ocrx_word' id='word_1_37' title='bbox 257 565 408 613; x_wconf 78' lang='lat' dir='ltr'>pugiles</span> <span class='ocrx_word' id='word_1_38' title='bbox 434 563 581 601; x_wconf 80' lang='lat' dir='ltr'>Christi</span> <span class='ocrx_word' id='word_1_39' title='bbox 614 565 702 612; x_wconf 86' lang='lat' dir='ltr'>plus</span> <span class='ocrx_word' id='word_1_40' title='bbox 734 564 884 600; x_wconf 90' lang='lat' dir='ltr'>strenui</span> <span class='ocrx_word' id='word_1_41' title='bbox 917 577 1139 613; x_wconf 81' lang='lat' dir='ltr'>numquam</span> <span class='ocrx_word' id='word_1_42' title='bbox 1165 565 1301 601; x_wconf 90' lang='lat' dir='ltr'>fuisset</span> <span class='ocrx_word' id='word_1_43' title='bbox 1326 563 1580 613; x_wconf 87' lang='lat' dir='ltr'>triumphans</span> 
     </span>
     <span class='ocr_line' id='line_1_9' title="bbox 222 622 1579 671; baseline 0.001 -13"><span class='ocrx_word' id='word_1_44' title='bbox 222 622 423 659; x_wconf 64' lang='lat' dir='ltr'>§ecclesia</span> <span class='ocrx_word' id='word_1_45' title='bbox 467 622 522 659; x_wconf 91' lang='lat' dir='ltr'>sic</span> <span class='ocrx_word' id='word_1_46' title='bbox 560 635 631 671; x_wconf 86' lang='lat' dir='ltr'>per</span> <span class='ocrx_word' id='word_1_47' title='bbox 676 631 870 670; x_wconf 82' lang='lat' dir='ltr'>martyres</span> <span class='ocrx_word' id='word_1_48' title='bbox 909 622 1115 671; x_wconf 82' lang='lat' dir='ltr'>ampliata,</span> <span class='ocrx_word' id='word_1_49' title='bbox 1160 636 1233 659; x_wconf 88' lang='lat' dir='ltr'>nec</span> <span class='ocrx_word' id='word_1_50' title='bbox 1278 623 1374 659; x_wconf 84' lang='lat' dir='ltr'>fides</span> <span class='ocrx_word' id='word_1_51' title='bbox 1414 623 1579 659; x_wconf 82' lang='lat' dir='ltr'>ecclesie</span> 
     </span>
     <span class='ocr_line' id='line_1_10' title="bbox 257 680 1578 729; baseline 0.001 -13"><span class='ocrx_word' id='word_1_52' title='bbox 257 680 465 717; x_wconf 84' lang='lat' dir='ltr'>militantis</span> <span class='ocrx_word' id='word_1_53' title='bbox 498 681 598 717; x_wconf 86' lang='lat' dir='ltr'>adeo</span> <span class='ocrx_word' id='word_1_54' title='bbox 632 680 837 728; x_wconf 88' lang='lat' dir='ltr'>ampliata.</span> <span class='ocrx_word' id='word_1_55' title='bbox 884 681 984 717; x_wconf 91' lang='lat' dir='ltr'>Cum</span> <span class='ocrx_word' id='word_1_56' title='bbox 1026 694 1119 729; x_wconf 84' lang='lat' dir='ltr'>ergo</span> <span class='ocrx_word' id='word_1_57' title='bbox 1153 682 1202 717; x_wconf 90' lang='lat' dir='ltr'>ad</span> <span class='ocrx_word' id='word_1_58' title='bbox 1243 682 1318 717; x_wconf 89' lang='lat' dir='ltr'>hoc</span> <span class='ocrx_word' id='word_1_59' title='bbox 1352 682 1459 729; x_wconf 90' lang='lat' dir='ltr'>quod</span> <span class='ocrx_word' id='word_1_60' title='bbox 1492 680 1578 729; x_wconf 88' lang='lat' dir='ltr'>quis</span> 
     </span>
     <span class='ocr_line' id='line_1_11' title="bbox 255 738 1577 787; baseline 0 -12"><span class='ocrx_word' id='word_1_61' title='bbox 255 741 472 787; x_wconf 80' lang='lat' dir='ltr'>prudenter</span> <span class='ocrx_word' id='word_1_62' title='bbox 515 751 555 775; x_wconf 89' lang='lat' dir='ltr'>se</span> <span class='ocrx_word' id='word_1_63' title='bbox 599 739 753 786; x_wconf 80' lang='lat' dir='ltr'>ingerat</span> <span class='ocrx_word' id='word_1_64' title='bbox 805 738 1021 787; x_wconf 83' lang='lat' dir='ltr'>requiritur</span> <span class='ocrx_word' id='word_1_65' title='bbox 1074 738 1205 775; x_wconf 90' lang='lat' dir='ltr'>minor</span> <span class='ocrx_word' id='word_1_66' title='bbox 1258 738 1406 776; x_wconf 85' lang='lat' dir='ltr'>noticia</span> <span class='ocrx_word' id='word_1_67' title='bbox 1458 752 1577 787; x_wconf 89' lang='lat' dir='ltr'>quam</span> 
     </span>
     <span class='ocr_line' id='line_1_12' title="bbox 255 797 1580 846; baseline -0.001 -12"><span class='ocrx_word' id='word_1_68' title='bbox 255 799 305 834; x_wconf 83' lang='lat' dir='ltr'>ad</span> <span class='ocrx_word' id='word_1_69' title='bbox 350 798 425 834; x_wconf 91' lang='lat' dir='ltr'>hoc</span> <span class='ocrx_word' id='word_1_70' title='bbox 468 798 576 846; x_wconf 90' lang='lat' dir='ltr'>quod</span> <span class='ocrx_word' id='word_1_71' title='bbox 618 798 836 845; x_wconf 87' lang='lat' dir='ltr'>prudenter</span> <span class='ocrx_word' id='word_1_72' title='bbox 884 797 1085 843; x_wconf 77' lang='lat' dir='ltr'>obmittat,</span> <span class='ocrx_word' id='word_1_73' title='bbox 1140 805 1249 845; x_wconf 88' lang='lat' dir='ltr'>patet</span> <span class='ocrx_word' id='word_1_74' title='bbox 1292 798 1399 846; x_wconf 90' lang='lat' dir='ltr'>quod</span> <span class='ocrx_word' id='word_1_75' title='bbox 1443 806 1580 834; x_wconf 87' lang='lat' dir='ltr'>nostra</span> 
     </span>
     <span class='ocr_line' id='line_1_13' title="bbox 255 854 1579 904; baseline 0 -13"><span class='ocrx_word' id='word_1_76' title='bbox 255 854 441 892; x_wconf 72' lang='lat' dir='ltr'>vecordia</span> <span class='ocrx_word' id='word_1_77' title='bbox 475 864 531 892; x_wconf 90' lang='lat' dir='ltr'>est</span> <span class='ocrx_word' id='word_1_78' title='bbox 555 854 593 890; x_wconf 89' lang='lat' dir='ltr'>in</span> <span class='ocrx_word' id='word_1_79' title='bbox 618 867 737 892; x_wconf 85' lang='lat' dir='ltr'>causa</span> <span class='ocrx_word' id='word_1_80' title='bbox 760 854 988 892; x_wconf 90' lang='lat' dir='ltr'>omissionis</span> <span class='ocrx_word' id='word_1_81' title='bbox 1011 855 1241 892; x_wconf 89' lang='lat' dir='ltr'>huiusmodi</span> <span class='ocrx_word' id='word_1_82' title='bbox 1265 864 1302 891; x_wconf 88' lang='lat' dir='ltr'>et</span> <span class='ocrx_word' id='word_1_83' title='bbox 1325 864 1579 904; x_wconf 88' lang='lat' dir='ltr'>contemptus</span> 
     </span>
    </p>

    <p class='ocr_par' dir='ltr' id='par_1_8' title="bbox 201 912 1578 1195">
     <span class='ocr_line' id='line_1_14' title="bbox 201 912 1578 962; baseline 0.002 -16"><span class='ocrx_word' id='word_1_84' title='bbox 201 913 433 962; x_wconf 87' lang='lat' dir='ltr'>1oprecepti</span> <span class='ocrx_word' id='word_1_85' title='bbox 466 914 526 950; x_wconf 82' lang='lat' dir='ltr'>vel</span> <span class='ocrx_word' id='word_1_86' title='bbox 572 912 726 949; x_wconf 87' lang='lat' dir='ltr'>consilii</span> <span class='ocrx_word' id='word_1_87' title='bbox 774 913 989 961; x_wconf 78' lang='lat' dir='ltr'>evangelici</span> <span class='ocrx_word' id='word_1_88' title='bbox 1039 914 1205 950; x_wconf 84' lang='lat' dir='ltr'>Matthei</span> <span class='ocrx_word' id='word_1_89' title='bbox 1244 915 1311 950; x_wconf 77' lang='lat' dir='ltr'>XO.</span> <span class='ocrx_word' id='word_1_90' title='bbox 1366 916 1467 950; x_wconf 87' lang='lat' dir='ltr'>Nam</span> <span class='ocrx_word' id='word_1_91' title='bbox 1506 913 1578 950; x_wconf 89' lang='lat' dir='ltr'>viri</span> 
     </span>
     <span class='ocr_line' id='line_1_15' title="bbox 256 971 1578 1020; baseline 0.001 -13"><span class='ocrx_word' id='word_1_92' title='bbox 256 971 467 1020; x_wconf 90' lang='lat' dir='ltr'>apostolici</span> <span class='ocrx_word' id='word_1_93' title='bbox 500 971 635 1019; x_wconf 90' lang='lat' dir='ltr'>ydiote</span> <span class='ocrx_word' id='word_1_94' title='bbox 669 980 705 1008; x_wconf 88' lang='lat' dir='ltr'>et</span> <span class='ocrx_word' id='word_1_95' title='bbox 738 980 828 1020; x_wconf 85' lang='lat' dir='ltr'>post</span> <span class='ocrx_word' id='word_1_96' title='bbox 861 971 968 1020; x_wconf 88' lang='lat' dir='ltr'>ipsos</span> <span class='ocrx_word' id='word_1_97' title='bbox 1013 972 1101 1020; x_wconf 90' lang='lat' dir='ltr'>plus</span> <span class='ocrx_word' id='word_1_98' title='bbox 1140 972 1318 1008; x_wconf 87' lang='lat' dir='ltr'>illiterati</span> <span class='ocrx_word' id='word_1_99' title='bbox 1358 985 1457 1020; x_wconf 90' lang='lat' dir='ltr'>quos</span> <span class='ocrx_word' id='word_1_100' title='bbox 1502 972 1578 1008; x_wconf 89' lang='lat' dir='ltr'>sol-</span> 
     </span>
     <span class='ocr_line' id='line_1_16' title="bbox 256 1029 1578 1078; baseline 0.001 -13"><span class='ocrx_word' id='word_1_101' title='bbox 256 1029 473 1078; x_wconf 87' lang='lat' dir='ltr'>lempnizat</span> <span class='ocrx_word' id='word_1_102' title='bbox 506 1029 673 1066; x_wconf 85' lang='lat' dir='ltr'>ecclesia</span> <span class='ocrx_word' id='word_1_103' title='bbox 708 1042 750 1066; x_wconf 87' lang='lat' dir='ltr'>ex</span> <span class='ocrx_word' id='word_1_104' title='bbox 790 1029 881 1066; x_wconf 84' lang='lat' dir='ltr'>fidei</span> <span class='ocrx_word' id='word_1_105' title='bbox 914 1029 1172 1067; x_wconf 85' lang='lat' dir='ltr'>vehemencia</span> <span class='ocrx_word' id='word_1_106' title='bbox 1206 1029 1448 1078; x_wconf 74' lang='lat' dir='ltr'>martyribus</span> <span class='ocrx_word' id='word_1_107' title='bbox 1487 1038 1578 1066; x_wconf 90' lang='lat' dir='ltr'>sunt</span> 
     </span>
     <span class='ocr_line' id='line_1_17' title="bbox 255 1087 1578 1125; baseline -0.001 0"><span class='ocrx_word' id='word_1_108' title='bbox 255 1088 415 1125; x_wconf 85' lang='lat' dir='ltr'>adaucti</span> <span class='ocrx_word' id='word_1_109' title='bbox 450 1096 486 1124; x_wconf 89' lang='lat' dir='ltr'>et</span> <span class='ocrx_word' id='word_1_110' title='bbox 519 1096 660 1124; x_wconf 90' lang='lat' dir='ltr'>contra</span> <span class='ocrx_word' id='word_1_111' title='bbox 693 1088 810 1125; x_wconf 87' lang='lat' dir='ltr'>istam</span> <span class='ocrx_word' id='word_1_112' title='bbox 843 1087 1073 1125; x_wconf 80' lang='lat' dir='ltr'>vecordiam</span> <span class='ocrx_word' id='word_1_113' title='bbox 1108 1088 1280 1124; x_wconf 89' lang='lat' dir='ltr'>militum</span> <span class='ocrx_word' id='word_1_114' title='bbox 1305 1087 1452 1125; x_wconf 88' lang='lat' dir='ltr'>Christi</span> <span class='ocrx_word' id='word_1_115' title='bbox 1476 1088 1578 1124; x_wconf 86' lang='lat' dir='ltr'>foret</span> 
     </span>
     <span class='ocr_line' id='line_1_18' title="bbox 256 1146 731 1195; baseline -0.002 -12"><span class='ocrx_word' id='word_1_116' title='bbox 256 1158 395 1195; x_wconf 81' lang='lat' dir='ltr'>aspere</span> <span class='ocrx_word' id='word_1_117' title='bbox 427 1146 731 1195; x_wconf 87' lang='lat' dir='ltr'>predicandum.</span> 
     </span>
    </p>
   </div>
   <div class='ocr_carea' id='block_1_8' title="bbox 203 1271 1075 1312">
    <p class='ocr_par' dir='ltr' id='par_1_9' title="bbox 203 1271 1075 1312">
     <span class='ocr_line' id='line_1_19' title="bbox 203 1271 1075 1312; baseline 0.005 -4"><span class='ocrx_word' id='word_1_118' title='bbox 203 1276 238 1309; x_wconf 80' lang='lat'>15</span> <span class='ocrx_word' id='word_1_119' title='bbox 762 1271 957 1311; x_wconf 84' lang='lat' dir='ltr'>SERMO</span> <span class='ocrx_word' id='word_1_120' title='bbox 989 1272 1075 1312; x_wconf 89' lang='lat' dir='ltr'>XL.</span> 
     </span>
    </p>
   </div>
   <div class='ocr_carea' id='block_1_9' title="bbox 164 1377 1578 2127">
    <p class='ocr_par' dir='ltr' id='par_1_10' title="bbox 315 1377 1394 1427">
     <span class='ocr_line' id='line_1_20' title="bbox 315 1377 1394 1427; baseline 0.004 -15"><span class='ocrx_word' id='word_1_121' title='bbox 315 1377 508 1414; x_wconf 81' lang='lat' dir='ltr'>Attendite</span> <span class='ocrx_word' id='word_1_122' title='bbox 539 1391 561 1413; x_wconf 87' lang='grc' dir='ltr'><em>α</em></span> <span class='ocrx_word' id='word_1_123' title='bbox 584 1378 708 1427; x_wconf 75' lang='lat' dir='ltr'>falsis</span> <span class='ocrx_word' id='word_1_124' title='bbox 734 1378 949 1427; x_wconf 80' lang='lat' dir='ltr'>prophetis.</span> <span class='ocrx_word' id='word_1_125' title='bbox 984 1378 1152 1415; x_wconf 91' lang='lat' dir='ltr'>Matthei</span> <span class='ocrx_word' id='word_1_126' title='bbox 1189 1379 1293 1425; x_wconf 85' lang='lat' dir='ltr'>V110‚</span> <span class='ocrx_word' id='word_1_127' title='bbox 1335 1380 1394 1416; x_wconf 88' lang='lat'>15.</span> 
     </span>
    </p>

    <p class='ocr_par' dir='ltr' id='par_1_11' title="bbox 164 1435 1577 1603">
     <span class='ocr_line' id='line_1_21' title="bbox 167 1435 1574 1494; baseline 0.003 -23"><span class='ocrx_word' id='word_1_128' title='bbox 167 1463 226 1494; x_wconf 59' lang='lat' dir='ltr'>pol</span> <span class='ocrx_word' id='word_1_129' title='bbox 317 1436 484 1472; x_wconf 87' lang='lat' dir='ltr'>Constat</span> <span class='ocrx_word' id='word_1_130' title='bbox 518 1448 561 1472; x_wconf 87' lang='lat' dir='ltr'>ex</span> <span class='ocrx_word' id='word_1_131' title='bbox 606 1436 683 1472; x_wconf 88' lang='lat' dir='ltr'>fide</span> <span class='ocrx_word' id='word_1_132' title='bbox 727 1437 836 1484; x_wconf 88' lang='lat' dir='ltr'>quod</span> <span class='ocrx_word' id='word_1_133' title='bbox 871 1435 1052 1473; x_wconf 89' lang='lat' dir='ltr'>Christus</span> <span class='ocrx_word' id='word_1_134' title='bbox 1097 1445 1154 1473; x_wconf 90' lang='lat' dir='ltr'>est</span> <span class='ocrx_word' id='word_1_135' title='bbox 1199 1450 1355 1474; x_wconf 90' lang='lat' dir='ltr'>summe</span> <span class='ocrx_word' id='word_1_136' title='bbox 1401 1438 1574 1487; x_wconf 83' lang='lat' dir='ltr'>sapiens,</span> 
     </span>
     <span class='ocr_line' id='line_1_22' title="bbox 164 1488 1577 1552; baseline 0.004 -24"><span class='ocrx_word' id='word_1_137' title='bbox 164 1488 240 1552; x_wconf 61' lang='lat'>17¹}</span> <span class='ocrx_word' id='word_1_138' title='bbox 259 1506 413 1530; x_wconf 90' lang='lat' dir='ltr'>summe</span> <span class='ocrx_word' id='word_1_139' title='bbox 438 1506 512 1542; x_wconf 82' lang='lat' dir='ltr'>cog</span> <span class='ocrx_word' id='word_1_140' title='bbox 540 1489 544 1547; x_wconf 77' lang='grc'>1</span> <span class='ocrx_word' id='word_1_141' title='bbox 573 1506 741 1531; x_wconf 89' lang='lat' dir='ltr'>noscens</span> <span class='ocrx_word' id='word_1_142' title='bbox 765 1494 956 1542; x_wconf 85' lang='lat' dir='ltr'>preterita</span> <span class='ocrx_word' id='word_1_143' title='bbox 981 1503 1016 1530; x_wconf 90' lang='lat' dir='ltr'>et</span> <span class='ocrx_word' id='word_1_144' title='bbox 1047 1495 1197 1540; x_wconf 86' lang='lat' dir='ltr'>futura;</span> <span class='ocrx_word' id='word_1_145' title='bbox 1226 1495 1316 1532; x_wconf 91' lang='lat' dir='ltr'>ideo</span> <span class='ocrx_word' id='word_1_146' title='bbox 1337 1508 1497 1533; x_wconf 88' lang='lat' dir='ltr'>necesse</span> <span class='ocrx_word' id='word_1_147' title='bbox 1520 1506 1577 1534; x_wconf 87' lang='lat' dir='ltr'>est</span> 
     </span>
     <span class='ocr_line' id='line_1_23' title="bbox 260 1551 1575 1603; baseline 0.003 -15"><span class='ocrx_word' id='word_1_148' title='bbox 260 1564 303 1588; x_wconf 89' lang='lat' dir='ltr'>ex</span> <span class='ocrx_word' id='word_1_149' title='bbox 336 1551 606 1588; x_wconf 87' lang='lat' dir='ltr'>immensitate</span> <span class='ocrx_word' id='word_1_150' title='bbox 640 1552 818 1589; x_wconf 87' lang='lat' dir='ltr'>caritatis</span> <span class='ocrx_word' id='word_1_151' title='bbox 851 1565 920 1589; x_wconf 90' lang='lat' dir='ltr'>sue</span> <span class='ocrx_word' id='word_1_152' title='bbox 959 1554 1067 1601; x_wconf 90' lang='lat' dir='ltr'>quod</span> <span class='ocrx_word' id='word_1_153' title='bbox 1112 1554 1341 1601; x_wconf 86' lang='lat' dir='ltr'>premuniat</span> <span class='ocrx_word' id='word_1_154' title='bbox 1386 1568 1575 1603; x_wconf 84' lang='lat' dir='ltr'>sponsam</span> 
     </span>
    </p>

    <p class='ocr_par' dir='ltr' id='par_1_12' title="bbox 201 1610 1578 2011">
     <span class='ocr_line' id='line_1_24' title="bbox 201 1610 1575 1659; baseline 0.004 -14"><span class='ocrx_word' id='word_1_155' title='bbox 201 1624 243 1645; x_wconf 82' lang='lat'>20</span> <span class='ocrx_word' id='word_1_156' title='bbox 260 1622 373 1646; x_wconf 90' lang='lat' dir='ltr'>suam</span> <span class='ocrx_word' id='word_1_157' title='bbox 408 1611 455 1646; x_wconf 89' lang='lat' dir='ltr'>de</span> <span class='ocrx_word' id='word_1_158' title='bbox 488 1610 629 1646; x_wconf 90' lang='lat' dir='ltr'>futuris</span> <span class='ocrx_word' id='word_1_159' title='bbox 669 1610 876 1659; x_wconf 87' lang='lat' dir='ltr'>periculis;</span> <span class='ocrx_word' id='word_1_160' title='bbox 909 1610 1031 1647; x_wconf 89' lang='lat' dir='ltr'>futuri</span> <span class='ocrx_word' id='word_1_161' title='bbox 1070 1620 1161 1647; x_wconf 92' lang='lat' dir='ltr'>sunt</span> <span class='ocrx_word' id='word_1_162' title='bbox 1206 1611 1310 1648; x_wconf 87' lang='lat' dir='ltr'>enim</span> <span class='ocrx_word' id='word_1_163' title='bbox 1357 1615 1575 1650; x_wconf 87' lang='lat' dir='ltr'>secundum</span> 
     </span>
     <span class='ocr_line' id='line_1_25' title="bbox 259 1667 1576 1720; baseline 0.004 -17"><span class='ocrx_word' id='word_1_164' title='bbox 259 1667 492 1704; x_wconf 77' lang='lat' dir='ltr'>vaticinium</span> <span class='ocrx_word' id='word_1_165' title='bbox 526 1681 642 1705; x_wconf 88' lang='lat' dir='ltr'>suum</span> <span class='ocrx_word' id='word_1_166' title='bbox 677 1668 791 1705; x_wconf 88' lang='lat' dir='ltr'>multi</span> <span class='ocrx_word' id='word_1_167' title='bbox 824 1668 911 1705; x_wconf 90' lang='lat' dir='ltr'>falsi</span> <span class='ocrx_word' id='word_1_168' title='bbox 944 1669 1085 1706; x_wconf 88' lang='lat' dir='ltr'>fratres</span> <span class='ocrx_word' id='word_1_169' title='bbox 1119 1671 1167 1706; x_wconf 90' lang='lat' dir='ltr'>de</span> <span class='ocrx_word' id='word_1_170' title='bbox 1200 1679 1371 1720; x_wconf 87' lang='lat' dir='ltr'>utroque</span> <span class='ocrx_word' id='word_1_171' title='bbox 1410 1671 1576 1708; x_wconf 89' lang='lat' dir='ltr'>brachio</span> 
     </span>
     <span class='ocr_line' id='line_1_26' title="bbox 260 1727 1574 1776; baseline 0.003 -14"><span class='ocrx_word' id='word_1_172' title='bbox 260 1738 404 1774; x_wconf 88' lang='lat' dir='ltr'>sponse</span> <span class='ocrx_word' id='word_1_173' title='bbox 431 1738 499 1763; x_wconf 90' lang='lat' dir='ltr'>sue</span> <span class='ocrx_word' id='word_1_174' title='bbox 524 1735 560 1763; x_wconf 91' lang='lat' dir='ltr'>et</span> <span class='ocrx_word' id='word_1_175' title='bbox 583 1727 810 1775; x_wconf 87' lang='lat' dir='ltr'>specialiter</span> <span class='ocrx_word' id='word_1_176' title='bbox 834 1728 881 1763; x_wconf 87' lang='lat' dir='ltr'>de</span> <span class='ocrx_word' id='word_1_177' title='bbox 905 1727 1044 1763; x_wconf 89' lang='lat' dir='ltr'>scribis</span> <span class='ocrx_word' id='word_1_178' title='bbox 1064 1736 1100 1764; x_wconf 91' lang='lat' dir='ltr'>et</span> <span class='ocrx_word' id='word_1_179' title='bbox 1124 1728 1331 1776; x_wconf 80' lang='lat' dir='ltr'>phariseis,</span> <span class='ocrx_word' id='word_1_180' title='bbox 1357 1738 1400 1765; x_wconf 90' lang='lat' dir='ltr'>ut</span> <span class='ocrx_word' id='word_1_181' title='bbox 1424 1729 1574 1766; x_wconf 89' lang='lat' dir='ltr'>dictum</span> 
     </span>
     <span class='ocr_line' id='line_1_27' title="bbox 261 1784 1578 1838; baseline 0.003 -18"><span class='ocrx_word' id='word_1_182' title='bbox 261 1793 331 1821; x_wconf 91' lang='lat' dir='ltr'>est.</span> <span class='ocrx_word' id='word_1_183' title='bbox 366 1784 492 1820; x_wconf 89' lang='lat' dir='ltr'>Aliter</span> <span class='ocrx_word' id='word_1_184' title='bbox 526 1785 630 1821; x_wconf 87' lang='lat' dir='ltr'>enim</span> <span class='ocrx_word' id='word_1_185' title='bbox 665 1785 846 1822; x_wconf 89' lang='lat' dir='ltr'>Christus</span> <span class='ocrx_word' id='word_1_186' title='bbox 881 1785 948 1833; x_wconf 89' lang='lat' dir='ltr'>qui</span> <span class='ocrx_word' id='word_1_187' title='bbox 980 1798 1061 1822; x_wconf 90' lang='lat' dir='ltr'>non</span> <span class='ocrx_word' id='word_1_188' title='bbox 1093 1795 1225 1833; x_wconf 88' lang='lat' dir='ltr'>potest</span> <span class='ocrx_word' id='word_1_189' title='bbox 1269 1799 1353 1824; x_wconf 88' lang='lat' dir='ltr'>esse</span> <span class='ocrx_word' id='word_1_190' title='bbox 1396 1796 1578 1838; x_wconf 76' lang='lat' dir='ltr'>acceptor</span> 
     </span>
     <span class='ocr_line' id='line_1_28' title="bbox 254 1843 1575 1895; baseline 0.004 -17"><span class='ocrx_word' id='word_1_191' title='bbox 254 1855 514 1891; x_wconf 73' lang='lat' dir='ltr'>personarum</span> <span class='ocrx_word' id='word_1_192' title='bbox 548 1856 628 1879; x_wconf 87' lang='lat' dir='ltr'>non</span> <span class='ocrx_word' id='word_1_193' title='bbox 662 1843 953 1891; x_wconf 85' lang='lat' dir='ltr'>imprecaretur</span> <span class='ocrx_word' id='word_1_194' title='bbox 987 1843 1040 1880; x_wconf 86' lang='lat' dir='ltr'>eis</span> <span class='ocrx_word' id='word_1_195' title='bbox 1072 1845 1129 1880; x_wconf 90' lang='lat' dir='ltr'>Ve</span> <span class='ocrx_word' id='word_1_196' title='bbox 1174 1846 1358 1893; x_wconf 80' lang='lat' dir='ltr'>octuplex</span> <span class='ocrx_word' id='word_1_197' title='bbox 1404 1847 1451 1882; x_wconf 91' lang='lat' dir='ltr'>de</span> <span class='ocrx_word' id='word_1_198' title='bbox 1496 1860 1575 1895; x_wconf 89' lang='lat' dir='ltr'>quo</span> 
     </span>
     <span class='ocr_line' id='line_1_29' title="bbox 203 1900 1575 1949; baseline 0.004 -13"><span class='ocrx_word' id='word_1_199' title='bbox 203 1900 425 1937; x_wconf 80' lang='lat' dir='ltr'>25Matthei</span> <span class='ocrx_word' id='word_1_200' title='bbox 457 1902 612 1944; x_wconf 79' lang='lat' dir='ltr'>XX1110,</span> <span class='ocrx_word' id='word_1_201' title='bbox 645 1902 819 1949; x_wconf 78' lang='lat'>13—29.</span> <span class='ocrx_word' id='word_1_202' title='bbox 853 1902 895 1937; x_wconf 84' lang='lat' dir='ltr'>In</span> <span class='ocrx_word' id='word_1_203' title='bbox 929 1902 1161 1938; x_wconf 74' lang='lat' dir='ltr'>vestimentis</span> <span class='ocrx_word' id='word_1_204' title='bbox 1193 1912 1327 1939; x_wconf 87' lang='lat' dir='ltr'>autem</span> <span class='ocrx_word' id='word_1_205' title='bbox 1351 1903 1431 1940; x_wconf 88' lang='lat' dir='ltr'>suis</span> <span class='ocrx_word' id='word_1_206' title='bbox 1454 1904 1575 1941; x_wconf 90' lang='lat' dir='ltr'>simu-</span> 
     </span>
     <span class='ocr_line' id='line_1_30' title="bbox 258 1959 1575 2011; baseline 0.004 -16"><span class='ocrx_word' id='word_1_207' title='bbox 258 1959 341 1995; x_wconf 86' lang='lat' dir='ltr'>lant</span> <span class='ocrx_word' id='word_1_208' title='bbox 374 1959 641 2000; x_wconf 73' lang='lat' dir='ltr'>sanctitatem,</span> <span class='ocrx_word' id='word_1_209' title='bbox 676 1960 765 1996; x_wconf 86' lang='lat' dir='ltr'>ideo</span> <span class='ocrx_word' id='word_1_210' title='bbox 800 1959 897 1996; x_wconf 86' lang='lat' dir='ltr'>dicit</span> <span class='ocrx_word' id='word_1_211' title='bbox 930 1959 1111 1996; x_wconf 87' lang='lat' dir='ltr'>Christus</span> <span class='ocrx_word' id='word_1_212' title='bbox 1144 1962 1253 2009; x_wconf 88' lang='lat' dir='ltr'>quod</span> <span class='ocrx_word' id='word_1_213' title='bbox 1282 1971 1373 1998; x_wconf 86' lang='lat' dir='ltr'>sunt</span> <span class='ocrx_word' id='word_1_214' title='bbox 1395 1963 1575 2011; x_wconf 90' lang='lat' dir='ltr'>ypocrite</span> 
     </span>
    </p>

    <p class='ocr_par' dir='ltr' id='par_1_13' title="bbox 256 2017 1576 2127">
     <span class='ocr_line' id='line_1_31' title="bbox 258 2017 1575 2069; baseline 0.004 -16"><span class='ocrx_word' id='word_1_215' title='bbox 258 2025 295 2053; x_wconf 88' lang='lat' dir='ltr'>et</span> <span class='ocrx_word' id='word_1_216' title='bbox 328 2018 377 2053; x_wconf 90' lang='lat' dir='ltr'>ab</span> <span class='ocrx_word' id='word_1_217' title='bbox 411 2017 508 2065; x_wconf 91' lang='lat' dir='ltr'>ipsis</span> <span class='ocrx_word' id='word_1_218' title='bbox 541 2018 647 2054; x_wconf 89' lang='lat' dir='ltr'>falsis</span> <span class='ocrx_word' id='word_1_219' title='bbox 681 2017 888 2066; x_wconf 87' lang='lat' dir='ltr'>prophetis</span> <span class='ocrx_word' id='word_1_220' title='bbox 922 2026 959 2054; x_wconf 87' lang='lat' dir='ltr'>et</span> <span class='ocrx_word' id='word_1_221' title='bbox 991 2018 1188 2055; x_wconf 86' lang='lat' dir='ltr'>fermento</span> <span class='ocrx_word' id='word_1_222' title='bbox 1222 2031 1361 2056; x_wconf 88' lang='lat' dir='ltr'>eorum</span> <span class='ocrx_word' id='word_1_223' title='bbox 1387 2022 1494 2069; x_wconf 90' lang='lat' dir='ltr'>quod</span> <span class='ocrx_word' id='word_1_224' title='bbox 1518 2030 1575 2057; x_wconf 88' lang='lat' dir='ltr'>est</span> 
     </span>
     <span class='ocr_line' id='line_1_32' title="bbox 256 2074 1576 2127; baseline 0.005 -17"><span class='ocrx_word' id='word_1_225' title='bbox 256 2074 450 2123; x_wconf 88' lang='lat' dir='ltr'>ypocrisis</span> <span class='ocrx_word' id='word_1_226' title='bbox 484 2077 600 2112; x_wconf 87' lang='lat' dir='ltr'>docet</span> <span class='ocrx_word' id='word_1_227' title='bbox 633 2077 851 2112; x_wconf 87' lang='lat' dir='ltr'>attendere.</span> <span class='ocrx_word' id='word_1_228' title='bbox 898 2078 1003 2112; x_wconf 89' lang='lat' dir='ltr'>Inter</span> <span class='ocrx_word' id='word_1_229' title='bbox 1042 2076 1178 2114; x_wconf 90' lang='lat' dir='ltr'>omnia</span> <span class='ocrx_word' id='word_1_230' title='bbox 1218 2087 1352 2114; x_wconf 87' lang='lat' dir='ltr'>autem</span> <span class='ocrx_word' id='word_1_231' title='bbox 1398 2078 1576 2127; x_wconf 89' lang='lat' dir='ltr'>pericula</span> 
     </span>
    </p>
   </div>
   <div class='ocr_carea' id='block_1_10' title="bbox 1621 504 1845 568">
    <p class='ocr_par' dir='ltr' id='par_1_14' title="bbox 1621 504 1845 568">
     <span class='ocr_line' id='line_1_33' title="bbox 1621 504 1845 533; baseline 0.013 -3"><span class='ocrx_word' id='word_1_232' title='bbox 1621 504 1669 531; x_wconf 86' lang='lat' dir='ltr'>the</span> <span class='ocrx_word' id='word_1_233' title='bbox 1714 506 1845 533; x_wconf 73' lang='lat' dir='ltr'>rimitixc</span> 
     </span>
     <span class='ocr_line' id='line_1_34' title="bbox 1664 539 1800 568; baseline 0 -1"><span class='ocrx_word' id='word_1_234' title='bbox 1664 539 1687 567; x_wconf 89' lang='lat' dir='ltr'>C</span> <span class='ocrx_word' id='word_1_235' title='bbox 1700 541 1800 568; x_wconf 72' lang='lat' dir='ltr'>inrch.</span> 
     </span>
    </p>
   </div>
   <div class='ocr_carea' id='block_1_11' title="bbox 1610 1459 1849 1600">
    <p class='ocr_par' dir='ltr' id='par_1_15' title="bbox 1610 1459 1849 1600">
     <span class='ocr_line' id='line_1_35' title="bbox 1668 1459 1798 1487; baseline 0.008 -1"><span class='ocrx_word' id='word_1_236' title='bbox 1668 1459 1798 1487; x_wconf 71' lang='lat' dir='ltr'>Christ&#39;s</span> 
     </span>
     <span class='ocr_line' id='line_1_36' title="bbox 1651 1495 1807 1530; baseline 0.013 -10"><span class='ocrx_word' id='word_1_237' title='bbox 1651 1495 1807 1530; x_wconf 80' lang='lat' dir='ltr'>warnings</span> 
     </span>
     <span class='ocr_line' id='line_1_37' title="bbox 1610 1529 1849 1564; baseline 0.013 -9"><span class='ocrx_word' id='word_1_238' title='bbox 1610 1529 1729 1564; x_wconf 82' lang='lat' dir='ltr'>against</span> <span class='ocrx_word' id='word_1_239' title='bbox 1748 1530 1849 1558; x_wconf 76' lang='lat' dir='ltr'>future</span> 
     </span>
     <span class='ocr_line' id='line_1_38' title="bbox 1660 1564 1801 1600; baseline 0.014 -9"><span class='ocrx_word' id='word_1_240' title='bbox 1660 1564 1801 1600; x_wconf 80' lang='lat' dir='ltr'>dangers.</span> 
     </span>
    </p>
   </div>
   <div class='ocr_carea' id='block_1_12' title="bbox 256 2133 1614 2185">
    <p class='ocr_par' dir='ltr' id='par_1_16' title="bbox 256 2133 1614 2185">
     <span class='ocr_line' id='line_1_39' title="bbox 256 2133 1614 2185; baseline 0.004 -17"><span class='ocrx_word' id='word_1_241' title='bbox 256 2133 410 2169; x_wconf 88' lang='lat' dir='ltr'>nullum</span> <span class='ocrx_word' id='word_1_242' title='bbox 444 2143 501 2170; x_wconf 91' lang='lat' dir='ltr'>est</span> <span class='ocrx_word' id='word_1_243' title='bbox 526 2134 653 2170; x_wconf 85' lang='lat' dir='ltr'>maius</span> <span class='ocrx_word' id='word_1_244' title='bbox 676 2133 850 2182; x_wconf 81' lang='lat' dir='ltr'>ypocrisi</span> <span class='ocrx_word' id='word_1_245' title='bbox 872 2136 1091 2171; x_wconf 90' lang='lat' dir='ltr'>secundum</span> <span class='ocrx_word' id='word_1_246' title='bbox 1117 2135 1319 2173; x_wconf 88' lang='lat' dir='ltr'>racionem</span> <span class='ocrx_word' id='word_1_247' title='bbox 1352 2150 1430 2185; x_wconf 88' lang='lat' dir='ltr'>qua</span> <span class='ocrx_word' id='word_1_248' title='bbox 1453 2138 1575 2174; x_wconf 92' lang='lat' dir='ltr'>homo</span> <span class='ocrx_word' id='word_1_249' title='bbox 1612 2146 1614 2149; x_wconf 84' lang='grc'><strong>“</strong></span> 
     </span>
    </p>
   </div>
   <div class='ocr_carea' id='block_1_13' title="bbox 201 2192 1575 2535">
    <p class='ocr_par' dir='ltr' id='par_1_17' title="bbox 201 2192 1575 2474">
     <span class='ocr_line' id='line_1_40' title="bbox 201 2192 1575 2243; baseline 0.004 -16"><span class='ocrx_word' id='word_1_250' title='bbox 201 2194 242 2226; x_wconf 82' lang='lat'>30</span> <span class='ocrx_word' id='word_1_251' title='bbox 256 2200 418 2239; x_wconf 90' lang='lat' dir='ltr'>superat</span> <span class='ocrx_word' id='word_1_252' title='bbox 442 2193 657 2240; x_wconf 86' lang='lat' dir='ltr'>dyabolum</span> <span class='ocrx_word' id='word_1_253' title='bbox 683 2192 722 2228; x_wconf 91' lang='lat' dir='ltr'>in</span> <span class='ocrx_word' id='word_1_254' title='bbox 748 2192 919 2229; x_wconf 87' lang='lat' dir='ltr'>malicia.</span> <span class='ocrx_word' id='word_1_255' title='bbox 955 2194 1088 2230; x_wconf 93' lang='lat' dir='ltr'>Homo</span> <span class='ocrx_word' id='word_1_256' title='bbox 1113 2193 1219 2230; x_wconf 90' lang='lat' dir='ltr'>enim</span> <span class='ocrx_word' id='word_1_257' title='bbox 1244 2207 1287 2231; x_wconf 88' lang='lat' dir='ltr'>ex</span> <span class='ocrx_word' id='word_1_258' title='bbox 1310 2194 1430 2243; x_wconf 83' lang='lat' dir='ltr'>signis</span> <span class='ocrx_word' id='word_1_259' title='bbox 1453 2196 1575 2232; x_wconf 89' lang='lat' dir='ltr'>sensi-</span> 
     </span>
     <span class='ocr_line' id='line_1_41' title="bbox 257 2249 1575 2301; baseline 0.004 -16"><span class='ocrx_word' id='word_1_260' title='bbox 257 2249 401 2285; x_wconf 86' lang='lat' dir='ltr'>bilibus</span> <span class='ocrx_word' id='word_1_261' title='bbox 435 2258 471 2286; x_wconf 88' lang='lat' dir='ltr'>et</span> <span class='ocrx_word' id='word_1_262' title='bbox 505 2250 800 2288; x_wconf 86' lang='lat' dir='ltr'>domesticitate</span> <span class='ocrx_word' id='word_1_263' title='bbox 832 2259 973 2287; x_wconf 89' lang='lat' dir='ltr'>nature</span> <span class='ocrx_word' id='word_1_264' title='bbox 1006 2251 1108 2288; x_wconf 90' lang='lat' dir='ltr'>facte</span> <span class='ocrx_word' id='word_1_265' title='bbox 1142 2261 1199 2288; x_wconf 87' lang='lat' dir='ltr'>est</span> <span class='ocrx_word' id='word_1_266' title='bbox 1222 2266 1373 2301; x_wconf 88' lang='lat' dir='ltr'>pronus</span> <span class='ocrx_word' id='word_1_267' title='bbox 1396 2255 1447 2290; x_wconf 87' lang='lat' dir='ltr'>ad</span> <span class='ocrx_word' id='word_1_268' title='bbox 1470 2253 1575 2290; x_wconf 90' lang='lat' dir='ltr'>deci-</span> 
     </span>
     <span class='ocr_line' id='line_1_42' title="bbox 256 2307 1573 2359; baseline 0.004 -16"><span class='ocrx_word' id='word_1_269' title='bbox 256 2307 447 2355; x_wconf 89' lang='lat' dir='ltr'>piendum</span> <span class='ocrx_word' id='word_1_270' title='bbox 480 2309 729 2357; x_wconf 79' lang='lat' dir='ltr'>proximum;</span> <span class='ocrx_word' id='word_1_271' title='bbox 762 2308 852 2345; x_wconf 87' lang='lat' dir='ltr'>ideo</span> <span class='ocrx_word' id='word_1_272' title='bbox 886 2310 1003 2346; x_wconf 90' lang='lat' dir='ltr'>docet</span> <span class='ocrx_word' id='word_1_273' title='bbox 1027 2309 1208 2347; x_wconf 90' lang='lat' dir='ltr'>Christus</span> <span class='ocrx_word' id='word_1_274' title='bbox 1243 2313 1350 2359; x_wconf 90' lang='lat' dir='ltr'>quod</span> <span class='ocrx_word' id='word_1_275' title='bbox 1384 2324 1463 2348; x_wconf 92' lang='lat' dir='ltr'>non</span> <span class='ocrx_word' id='word_1_276' title='bbox 1497 2312 1573 2348; x_wconf 88' lang='lat' dir='ltr'>dis-</span> 
     </span>
     <span class='ocr_line' id='line_1_43' title="bbox 257 2367 1572 2419; baseline 0.005 -18"><span class='ocrx_word' id='word_1_277' title='bbox 257 2377 466 2402; x_wconf 86' lang='lat' dir='ltr'>cernamus</span> <span class='ocrx_word' id='word_1_278' title='bbox 500 2378 566 2403; x_wconf 89' lang='lat' dir='ltr'>eos</span> <span class='ocrx_word' id='word_1_279' title='bbox 599 2379 669 2415; x_wconf 90' lang='lat' dir='ltr'>per</span> <span class='ocrx_word' id='word_1_280' title='bbox 700 2367 869 2404; x_wconf 87' lang='lat' dir='ltr'>vestium</span> <span class='ocrx_word' id='word_1_281' title='bbox 894 2367 1198 2405; x_wconf 88' lang='lat' dir='ltr'>distinccionem</span> <span class='ocrx_word' id='word_1_282' title='bbox 1223 2370 1291 2405; x_wconf 90' lang='lat' dir='ltr'>sed</span> <span class='ocrx_word' id='word_1_283' title='bbox 1315 2381 1385 2418; x_wconf 90' lang='lat' dir='ltr'>per</span> <span class='ocrx_word' id='word_1_284' title='bbox 1408 2383 1572 2419; x_wconf 88' lang='lat' dir='ltr'>pravam</span> 
     </span>
     <span class='ocr_line' id='line_1_44' title="bbox 256 2423 1574 2474; baseline 0.005 -15"><span class='ocrx_word' id='word_1_285' title='bbox 256 2423 554 2471; x_wconf 85' lang='lat' dir='ltr'>operacionem.</span> <span class='ocrx_word' id='word_1_286' title='bbox 590 2427 691 2462; x_wconf 91' lang='lat' dir='ltr'>Cum</span> <span class='ocrx_word' id='word_1_287' title='bbox 726 2425 830 2462; x_wconf 87' lang='lat' dir='ltr'>enim</span> <span class='ocrx_word' id='word_1_288' title='bbox 864 2425 995 2462; x_wconf 90' lang='lat' dir='ltr'>omnis</span> <span class='ocrx_word' id='word_1_289' title='bbox 1028 2427 1150 2463; x_wconf 91' lang='lat' dir='ltr'>homo</span> <span class='ocrx_word' id='word_1_290' title='bbox 1174 2427 1223 2463; x_wconf 92' lang='lat' dir='ltr'>sit</span> <span class='ocrx_word' id='word_1_291' title='bbox 1255 2429 1387 2474; x_wconf 85' lang='lat' dir='ltr'>arbor,</span> <span class='ocrx_word' id='word_1_292' title='bbox 1423 2428 1574 2465; x_wconf 90' lang='lat' dir='ltr'>fructus</span> 
     </span>
    </p>

    <p class='ocr_par' dir='ltr' id='par_1_18' title="bbox 201 2483 1574 2535">
     <span class='ocr_line' id='line_1_45' title="bbox 201 2483 1574 2535; baseline 0.004 -18"><span class='ocrx_word' id='word_1_293' title='bbox 201 2484 239 2517; x_wconf 84' lang='lat'>35</span> <span class='ocrx_word' id='word_1_294' title='bbox 256 2494 349 2518; x_wconf 87' lang='lat' dir='ltr'>suus</span> <span class='ocrx_word' id='word_1_295' title='bbox 383 2491 439 2518; x_wconf 90' lang='lat' dir='ltr'>est</span> <span class='ocrx_word' id='word_1_296' title='bbox 472 2483 660 2532; x_wconf 87' lang='lat' dir='ltr'>operacio</span> <span class='ocrx_word' id='word_1_297' title='bbox 696 2484 892 2520; x_wconf 87' lang='lat' dir='ltr'>resultans</span> <span class='ocrx_word' id='word_1_298' title='bbox 937 2484 1119 2521; x_wconf 90' lang='lat' dir='ltr'>interiori</span> <span class='ocrx_word' id='word_1_299' title='bbox 1164 2485 1343 2532; x_wconf 88' lang='lat' dir='ltr'>humido,</span> <span class='ocrx_word' id='word_1_300' title='bbox 1392 2486 1486 2535; x_wconf 89' lang='lat' dir='ltr'>quia</span> <span class='ocrx_word' id='word_1_301' title='bbox 1530 2499 1574 2523; x_wconf 86' lang='lat' dir='ltr'>ex</span> 
     </span>
    </p>
   </div>
   <div class='ocr_carea' id='block_1_14' title="bbox 255 2606 1572 2783">
    <p class='ocr_par' dir='ltr' id='par_1_19' title="bbox 255 2606 1572 2783">
     <span class='ocr_line' id='line_1_46' title="bbox 326 2606 1572 2638; baseline 0.005 -7"><span class='ocrx_word' id='word_1_302' title='bbox 326 2613 344 2631; x_wconf 90' lang='lat'>1.</span> <span class='ocrx_word' id='word_1_303' title='bbox 367 2606 412 2632; x_wconf 74' lang='lat' dir='ltr'>A:</span> <span class='ocrx_word' id='word_1_304' title='bbox 435 2613 572 2633; x_wconf 81' lang='lat' dir='ltr'>securam</span> <span class='ocrx_word' id='word_1_305' title='bbox 595 2606 689 2634; x_wconf 83' lang='lat' dir='ltr'>deest.</span> <span class='ocrx_word' id='word_1_306' title='bbox 755 2606 779 2634; x_wconf 85' lang='lat'>3.</span> <span class='ocrx_word' id='word_1_307' title='bbox 802 2607 841 2635; x_wconf 85' lang='lat' dir='ltr'>B:</span> <span class='ocrx_word' id='word_1_308' title='bbox 864 2607 956 2635; x_wconf 91' lang='lat' dir='ltr'>nimis</span> <span class='ocrx_word' id='word_1_309' title='bbox 976 2608 1118 2638; x_wconf 78' lang='lat' dir='ltr'>evidens:</span> <span class='ocrx_word' id='word_1_310' title='bbox 1149 2609 1188 2636; x_wconf 88' lang='lat' dir='ltr'>ib.</span> <span class='ocrx_word' id='word_1_311' title='bbox 1212 2609 1249 2636; x_wconf 77' lang='lat' dir='ltr'>B.-</span> <span class='ocrx_word' id='word_1_312' title='bbox 1277 2609 1364 2636; x_wconf 83' lang='lat' dir='ltr'>foret.</span> <span class='ocrx_word' id='word_1_313' title='bbox 1431 2610 1455 2638; x_wconf 82' lang='lat'>5.</span> <span class='ocrx_word' id='word_1_314' title='bbox 1478 2609 1506 2636; x_wconf 71' lang='lat' dir='ltr'>(J.</span> <span class='ocrx_word' id='word_1_315' title='bbox 1527 2610 1572 2637; x_wconf 80' lang='lat' dir='ltr'>A:</span> 
     </span>
     <span class='ocr_line' id='line_1_47' title="bbox 256 2640 1572 2677; baseline 0.004 -11"><span class='ocrx_word' id='word_1_316' title='bbox 256 2648 309 2666; x_wconf 70' lang='lat' dir='ltr'>nce</span> <span class='ocrx_word' id='word_1_317' title='bbox 329 2656 362 2659; x_wconf 96' lang='lat'><strong>—</strong></span> <span class='ocrx_word' id='word_1_318' title='bbox 382 2640 527 2675; x_wconf 83' lang='lat' dir='ltr'>ampliata</span> <span class='ocrx_word' id='word_1_319' title='bbox 548 2640 641 2668; x_wconf 81' lang='lat' dir='ltr'>deest.</span> <span class='ocrx_word' id='word_1_320' title='bbox 723 2649 750 2677; x_wconf 87' lang='lat'>9.</span> <span class='ocrx_word' id='word_1_321' title='bbox 773 2642 816 2669; x_wconf 83' lang='lat' dir='ltr'>A:</span> <span class='ocrx_word' id='word_1_322' title='bbox 842 2642 1049 2670; x_wconf 75' lang='lat' dir='ltr'>dimissionis.</span> <span class='ocrx_word' id='word_1_323' title='bbox 1130 2652 1163 2671; x_wconf 86' lang='lat'>11.</span> <span class='ocrx_word' id='word_1_324' title='bbox 1186 2643 1226 2671; x_wconf 88' lang='lat' dir='ltr'>C:</span> <span class='ocrx_word' id='word_1_325' title='bbox 1248 2649 1276 2670; x_wconf 86' lang='lat' dir='ltr'>et</span> <span class='ocrx_word' id='word_1_326' title='bbox 1296 2644 1388 2671; x_wconf 81' lang='lat' dir='ltr'>deest.</span> <span class='ocrx_word' id='word_1_327' title='bbox 1471 2643 1506 2671; x_wconf 66' lang='lat'>11³.</span> <span class='ocrx_word' id='word_1_328' title='bbox 1527 2645 1572 2671; x_wconf 80' lang='lat' dir='ltr'>A:</span> 
     </span>
     <span class='ocr_line' id='line_1_48' title="bbox 255 2675 1571 2712; baseline 0.004 -11"><span class='ocrx_word' id='word_1_329' title='bbox 255 2675 386 2701; x_wconf 80' lang='lat' dir='ltr'>audacti.</span> <span class='ocrx_word' id='word_1_330' title='bbox 461 2675 501 2702; x_wconf 81' lang='lat'>16.</span> <span class='ocrx_word' id='word_1_331' title='bbox 522 2677 566 2702; x_wconf 76' lang='lat' dir='ltr'>A:</span> <span class='ocrx_word' id='word_1_332' title='bbox 588 2676 713 2703; x_wconf 81' lang='lat' dir='ltr'>Matthei</span> <span class='ocrx_word' id='word_1_333' title='bbox 734 2676 791 2705; x_wconf 81' lang='lat' dir='ltr'>IX:</span> <span class='ocrx_word' id='word_1_334' title='bbox 815 2677 854 2703; x_wconf 87' lang='lat' dir='ltr'>ib.</span> <span class='ocrx_word' id='word_1_335' title='bbox 871 2677 936 2705; x_wconf 78' lang='lat' dir='ltr'>BC:</span> <span class='ocrx_word' id='word_1_336' title='bbox 959 2678 988 2704; x_wconf 89' lang='lat' dir='ltr'>in</span> <span class='ocrx_word' id='word_1_337' title='bbox 1011 2686 1122 2712; x_wconf 46' lang='lat' dir='ltr'>marga</span> <span class='ocrx_word' id='word_1_338' title='bbox 1146 2678 1309 2705; x_wconf 78' lang='lat' dir='ltr'>Dominica</span> <span class='ocrx_word' id='word_1_339' title='bbox 1330 2683 1452 2708; x_wconf 60' lang='lat' dir='ltr'>octava:</span> <span class='ocrx_word' id='word_1_340' title='bbox 1475 2679 1513 2705; x_wconf 81' lang='lat' dir='ltr'>ib.</span> <span class='ocrx_word' id='word_1_341' title='bbox 1531 2679 1571 2706; x_wconf 88' lang='lat' dir='ltr'>C:</span> 
     </span>
     <span class='ocr_line' id='line_1_49' title="bbox 258 2709 1570 2746; baseline 0.004 -11"><span class='ocrx_word' id='word_1_342' title='bbox 258 2715 326 2743; x_wconf 77' lang='lat' dir='ltr'>post</span> <span class='ocrx_word' id='word_1_343' title='bbox 346 2709 518 2736; x_wconf 76' lang='lat' dir='ltr'>Trinitatis,</span> <span class='ocrx_word' id='word_1_344' title='bbox 577 2719 617 2741; x_wconf 75' lang='grc' dir='ltr'>ιο.</span> <span class='ocrx_word' id='word_1_345' title='bbox 639 2712 683 2738; x_wconf 80' lang='lat' dir='ltr'>A:</span> <span class='ocrx_word' id='word_1_346' title='bbox 706 2712 910 2746; x_wconf 76' lang='lat' dir='ltr'>premnniant.</span> <span class='ocrx_word' id='word_1_347' title='bbox 973 2720 1018 2739; x_wconf 86' lang='lat'>20.</span> <span class='ocrx_word' id='word_1_348' title='bbox 1042 2711 1130 2740; x_wconf 54' lang='lat' dir='ltr'>Bz‘et</span> <span class='ocrx_word' id='word_1_349' title='bbox 1151 2713 1261 2742; x_wconf 77' lang='lat' dir='ltr'>futuri:</span> <span class='ocrx_word' id='word_1_350' title='bbox 1284 2714 1322 2740; x_wconf 88' lang='lat' dir='ltr'>ib.</span> <span class='ocrx_word' id='word_1_351' title='bbox 1340 2713 1378 2740; x_wconf 84' lang='lat' dir='ltr'>B:</span> <span class='ocrx_word' id='word_1_352' title='bbox 1402 2714 1570 2741; x_wconf 78' lang='lat' dir='ltr'>secundnm</span> 
     </span>
     <span class='ocr_line' id='line_1_50' title="bbox 257 2743 1570 2783; baseline 0.004 -13"><span class='ocrx_word' id='word_1_353' title='bbox 257 2743 345 2771; x_wconf 72' lang='lat' dir='ltr'>tidem</span> <span class='ocrx_word' id='word_1_354' title='bbox 369 2744 535 2779; x_wconf 73' lang='lat' dir='ltr'>scripture:</span> <span class='ocrx_word' id='word_1_355' title='bbox 563 2743 652 2772; x_wconf 79' lang='lat' dir='ltr'>tidem</span> <span class='ocrx_word' id='word_1_356' title='bbox 677 2746 826 2781; x_wconf 80' lang='lat' dir='ltr'>scripture</span> <span class='ocrx_word' id='word_1_357' title='bbox 848 2747 988 2776; x_wconf 66' lang='lat' dir='ltr'>extimet:</span> <span class='ocrx_word' id='word_1_358' title='bbox 1018 2748 1058 2774; x_wconf 84' lang='lat' dir='ltr'>ib.</span> <span class='ocrx_word' id='word_1_359' title='bbox 1081 2748 1109 2775; x_wconf 89' lang='lat' dir='ltr'>in</span> <span class='ocrx_word' id='word_1_360' title='bbox 1133 2756 1246 2783; x_wconf 44' lang='lat' dir='ltr'>marga</span> <span class='ocrx_word' id='word_1_361' title='bbox 1269 2748 1446 2775; x_wconf 68' lang='lat' dir='ltr'>vaticinium</span> <span class='ocrx_word' id='word_1_362' title='bbox 1470 2757 1570 2775; x_wconf 79' lang='lat' dir='ltr'>snum.</span> 
     </span>
    </p>
   </div>
   <div class='ocr_carea' id='block_1_15' title="bbox 255 2784 1570 2886">
    <p class='ocr_par' dir='ltr' id='par_1_20' title="bbox 255 2784 1570 2886">
     <span class='ocr_line' id='line_1_51' title="bbox 255 2784 1569 2828; baseline 0.004 -12"><span class='ocrx_word' id='word_1_363' title='bbox 255 2798 298 2816; x_wconf 73' lang='lat'>22.</span> <span class='ocrx_word' id='word_1_364' title='bbox 322 2790 388 2817; x_wconf 74' lang='lat' dir='ltr'>BC:</span> <span class='ocrx_word' id='word_1_365' title='bbox 412 2799 524 2825; x_wconf 70' lang='lat' dir='ltr'>sponse</span> <span class='ocrx_word' id='word_1_366' title='bbox 547 2791 672 2818; x_wconf 80' lang='lat' dir='ltr'>Christi.</span> <span class='ocrx_word' id='word_1_367' title='bbox 723 2790 768 2818; x_wconf 81' lang='lat'>30.</span> <span class='ocrx_word' id='word_1_368' title='bbox 791 2792 830 2819; x_wconf 90' lang='lat' dir='ltr'>C:</span> <span class='ocrx_word' id='word_1_369' title='bbox 853 2793 882 2819; x_wconf 91' lang='lat' dir='ltr'>in</span> <span class='ocrx_word' id='word_1_370' title='bbox 906 2793 1010 2828; x_wconf 77' lang='lat' dir='ltr'>signis.</span> <span class='ocrx_word' id='word_1_371' title='bbox 1063 2793 1101 2821; x_wconf 80' lang='lat'>31.</span> <span class='ocrx_word' id='word_1_372' title='bbox 1118 2794 1157 2821; x_wconf 85' lang='lat' dir='ltr'>C:</span> <span class='ocrx_word' id='word_1_373' title='bbox 1180 2799 1286 2821; x_wconf 78' lang='lat' dir='ltr'>nature</span> <span class='ocrx_word' id='word_1_374' title='bbox 1308 2799 1419 2821; x_wconf 82' lang='lat' dir='ltr'>sancte.</span> <span class='ocrx_word' id='word_1_375' title='bbox 1470 2784 1512 2821; x_wconf 63' lang='lat'>32.</span> <span class='ocrx_word' id='word_1_376' title='bbox 1530 2794 1569 2821; x_wconf 88' lang='lat' dir='ltr'>C:</span> 
     </span>
     <span class='ocr_line' id='line_1_52' title="bbox 255 2824 1570 2886; baseline 0.004 -35"><span class='ocrx_word' id='word_1_377' title='bbox 255 2824 339 2886; x_wconf 44' lang='lat' dir='ltr'>giceltt</span> <span class='ocrx_word' id='word_1_378' title='bbox 352 2825 505 2852; x_wconf 86' lang='lat' dir='ltr'>Christus.</span> <span class='ocrx_word' id='word_1_379' title='bbox 579 2825 627 2859; x_wconf 79' lang='lat'>34.</span> <span class='ocrx_word' id='word_1_380' title='bbox 648 2827 692 2853; x_wconf 77' lang='lat' dir='ltr'>A:</span> <span class='ocrx_word' id='word_1_381' title='bbox 714 2827 795 2854; x_wconf 82' lang='lat' dir='ltr'>enim</span> <span class='ocrx_word' id='word_1_382' title='bbox 817 2827 911 2854; x_wconf 81' lang='lat' dir='ltr'>deest.</span> <span class='ocrx_word' id='word_1_383' title='bbox 1003 2828 1043 2856; x_wconf 82' lang='lat'>35.</span> <span class='ocrx_word' id='word_1_384' title='bbox 1065 2829 1109 2856; x_wconf 89' lang='lat' dir='ltr'>A:</span> <span class='ocrx_word' id='word_1_385' title='bbox 1131 2829 1258 2856; x_wconf 87' lang='lat' dir='ltr'>interior</span> <span class='ocrx_word' id='word_1_386' title='bbox 1279 2828 1443 2859; x_wconf 83' lang='lat' dir='ltr'>habitudo:</span> <span class='ocrx_word' id='word_1_387' title='bbox 1474 2829 1513 2856; x_wconf 84' lang='lat' dir='ltr'>ib.</span> <span class='ocrx_word' id='word_1_388' title='bbox 1536 2838 1570 2857; x_wconf 82' lang='lat' dir='ltr'>ex</span> 
     </span>
    </p>
   </div>
   <div class='ocr_carea' id='block_1_16' title="bbox 327 2907 1283 2955">
    <p class='ocr_par' dir='ltr' id='par_1_21' title="bbox 327 2907 1283 2955">
     <span class='ocr_line' id='line_1_53' title="bbox 327 2907 1283 2955; baseline 0.003 -15"><span class='ocrx_word' id='word_1_389' title='bbox 327 2908 376 2940; x_wconf 84' lang='lat'>15.</span> <span class='ocrx_word' id='word_1_390' title='bbox 403 2907 454 2940; x_wconf 91' lang='lat' dir='ltr'>Cf.</span> <span class='ocrx_word' id='word_1_391' title='bbox 475 2907 639 2950; x_wconf 87' lang='lat' dir='ltr'>Wyclif&#39;s</span> <span class='ocrx_word' id='word_1_392' title='bbox 666 2909 833 2941; x_wconf 82' lang='lat' dir='ltr'>Sermons</span> <span class='ocrx_word' id='word_1_393' title='bbox 860 2910 912 2942; x_wconf 85' lang='lat' dir='ltr'>ed.</span> <span class='ocrx_word' id='word_1_394' title='bbox 942 2909 986 2953; x_wconf 92' lang='lat' dir='ltr'>by</span> <span class='ocrx_word' id='word_1_395' title='bbox 1016 2911 1150 2943; x_wconf 84' lang='lat' dir='ltr'>Arnold</span> <span class='ocrx_word' id='word_1_396' title='bbox 1178 2911 1202 2950; x_wconf 94' lang='lat'>1,</span> <span class='ocrx_word' id='word_1_397' title='bbox 1235 2921 1283 2955; x_wconf 84' lang='lat'>¹9·</span> 
     </span>
    </p>
   </div>
  </div>
 </body>
</html>
