2017 3353
190 312 242 350 34

238 584 296 612 We
324 589 406 612 must

187 619 374 652 distinguish
415 619 462 646 be-

188 655 463 689 tweenthepower

238 692 296 717 and
318 695 366 716 act
385 688 419 716 of

246 725 403 759 knowing.

243 945 389 973 Absence
400 943 434 971 of

213 979 396 1014 knowledge
415 979 441 1005 is

211 1016 328 1042 neither
349 1014 438 1050 penal

240 1058 298 1077 nor
318 1049 424 1076 sinsul.

772 307 996 339 JonANNJs
1015 307 1198 339 WYCLIF
1225 305 1484 337 sERMoNUM
1567 292 1723 345 [SERMO
1740 299 1776 326 v.

536 414 686 450 Eadem
721 413 929 450 evidencia
963 421 1020 448 est
1051 412 1186 448 taliter
1218 412 1266 447 de
1301 410 1428 447 beatis
1463 410 1501 446 in
1536 408 1665 457 patria
1699 421 1788 445 sen-

477 471 677 518 ciendum,
713 484 802 507 cum
838 472 986 508 habent
1019 482 1157 506 sensus
1191 469 1438 518 requirentes
1478 467 1788 516 proporcionem

477 542 642 566 suorum
678 529 928 566 sensibilium
954 528 1056 565 sicut
1077 527 1310 564 innocentes
1333 526 1486 577 viantes
1509 526 1569 562 vel
1594 525 1789 562 Christus.

478 589 555 625 Sed
588 589 722 636 quoad
755 587 862 624 istud
895 595 1036 623 notant
1070 586 1321 633 responsales
1355 584 1520 632 predicti
1548 584 1658 632 quod
1682 583 1790 620 aliud

479 654 538 682 est
561 655 673 683 actus
705 645 853 682 noticie
877 654 914 682 et
946 644 1055 681 aliud
1081 644 1239 680 habitus
1262 643 1322 679 vel
1357 642 1573 690 disposicio
1607 641 1792 689 potencie
1811 647 1826 678 5

479 705 530 741 ad
573 705 835 741 noscendum.
881 706 930 740 Et
975 702 1079 739 sicut
1116 702 1156 738 in
1202 701 1360 738 Christo
1407 700 1649 737 miraculose
1690 712 1793 747 pena

481 775 619 799 sensus
653 762 726 798 fuit
758 774 917 798 summa
951 774 1041 797 cum
1076 760 1224 809 gaudio
1257 759 1498 805 intellectus,
1532 758 1600 794 ubi
1633 758 1673 794 in
1705 757 1793 794 aliis

481 820 718 857 naturaliter
763 832 803 856 se
850 819 1007 867 mitigat
1061 823 1118 864 (ut
1164 826 1273 866 patet
1318 818 1365 852 de
1411 819 1528 853 beato
1571 815 1792 863 Tiburcio),

482 877 538 915 sic
571 890 644 926 pro
678 886 784 915 statu
816 878 877 914 vie
911 886 1017 913 stant
1049 877 1169 913 simul
1205 888 1316 912 error
1349 887 1539 911 sensuum
1565 882 1602 910 et
1625 873 1793 910 actualis

481 937 600 984 plena
629 935 779 972 noticia
809 935 1053 981 intellectus3
1088 947 1159 970 nec
1189 932 1359 969 includit
1389 933 1477 969 talis
1509 944 1620 968 error
1648 944 1792 980 penam
1816 946 1853 969 10

482 994 541 1030 vel
575 1003 785 1041 peccatum
821 994 876 1029 sic
912 993 1094 1029 errantis.
1130 991 1324 1028 Homines
1358 1000 1492 1027 tamen
1527 990 1565 1026 in
1599 998 1704 1026 statu
1737 990 1794 1026 in-

481 1051 673 1088 nocencie
711 1051 944 1088 habuissent
977 1063 1152 1087 errorem
1193 1062 1381 1086 sensuum
1425 1049 1598 1096 sopitum
1634 1057 1672 1084 et
1704 1061 1793 1084 cum

483 1111 558 1146 hoc
592 1111 753 1157 plenam
787 1109 980 1145 noticiam
1015 1108 1241 1145 intellectus
1274 1120 1347 1143 nec
1380 1107 1520 1143 fuisset
1553 1106 1795 1142 desiderium

482 1169 531 1204 ad
548 1167 876 1216 distinguendum
896 1166 1005 1203 illam
1024 1166 1299 1214 ignoranciam
1319 1165 1373 1201 eis
1393 1165 1597 1213 penalem3
1615 1166 1653 1200 in
1672 1164 1797 1200 beatis

483 1234 616 1262 autem
650 1225 689 1261 in
730 1225 859 1273 patria
896 1233 954 1261 est
988 1234 1099 1261 actus
1140 1223 1481 1260 consideracionis
1513 1235 1678 1259 erronee
1711 1228 1854 1260 sen-15

482 1296 600 1320 suurn
626 1283 742 1331 plene
765 1283 918 1332 sopitus
952 1295 1022 1331 per
1051 1282 1298 1330 superiorem
1325 1280 1694 1318 consideracionem
1716 1281 1799 1328 ple-

482 1354 532 1378 ne
555 1341 807 1389 gaudiosam.

540 1400 655 1436 Unde
693 1399 761 1436 illa
803 1398 1078 1436 consideracio
1121 1410 1287 1434 erronea
1329 1410 1518 1434 sensuum
1562 1405 1633 1443 est,
1679 1408 1723 1432 ac
1767 1396 1799 1432 si

484 1470 563 1494 non
619 1457 732 1503 foret,
787 1470 877 1493 cum
939 1456 1098 1493 racione
1154 1455 1401 1492 delectabilis
1460 1454 1698 1492 attencionis
1750 1455 1800 1490 ad

484 1515 552 1552 illa
593 1515 632 1551 in
673 1516 817 1564 quibus
864 1515 1066 1564 quietatur
1114 1514 1249 1551 anima
1293 1526 1373 1550 non
1413 1521 1615 1561 pensatur.
1654 1514 1703 1548 Et
1747 1512 1801 1548 ita
1818 1529 1859 1551 20

486 1582 544 1610 est
586 1573 797 1610 contencio
849 1574 955 1622 apud
999 1573 1269 1620 ponderantes
1318 1571 1489 1608 noticias
1533 1569 1799 1607 terminorum

485 1640 619 1667 utrum
678 1631 769 1667 talis
825 1643 1014 1667 sensuum
1068 1629 1292 1678 proprietas
1349 1631 1491 1666 debeat
1550 1628 1628 1665 dici
1677 1641 1799 1665 error.

487 1690 649 1725 Certum
683 1698 818 1726 tamen
851 1698 909 1726 est
941 1689 1063 1738 quod,
1098 1689 1201 1725 sicut
1239 1688 1278 1724 in
1323 1687 1505 1724 sensibus
1548 1696 1606 1724 est
1652 1686 1802 1723 noticia

487 1747 602 1795 quasi
655 1747 858 1784 dormiens
911 1748 967 1783 sic
1019 1747 1059 1783 in
1112 1746 1189 1782 illis
1242 1754 1300 1782 est
1352 1745 1570 1793 disposicio
1622 1744 1801 1793 ipsorum

487 1806 537 1842 ad
570 1818 641 1842 sua
673 1805 877 1842 sensibilia
909 1817 985 1854 que
1026 1805 1246 1841 secundum
1292 1804 1418 1852 legem
1463 1812 1604 1840 nature
1649 1812 1803 1839 remote
1821 1809 1859 1841 25

488 1863 635 1912 poterit
664 1863 744 1900 dici
777 1876 907 1911 error;
942 1872 979 1899 et
1011 1863 1066 1899 sic
1101 1863 1174 1899 iste
1209 1861 1438 1898 remissivus
1471 1862 1618 1910 gradus
1657 1860 1802 1897 erroris

489 1921 528 1957 in
572 1934 690 1958 sensu
733 1923 942 1958 beatorum
991 1921 1031 1957 in
1075 1920 1205 1969 patria
1253 1932 1326 1956 nec
1373 1928 1431 1957 est
1475 1919 1687 1968 culpabilis
1731 1931 1803 1955 nec

488 1980 656 2027 penalis,
716 1992 806 2016 cum
864 1989 946 2017 tarn
1006 1979 1231 2015 intellectus
1284 1990 1423 2015 eorum
1485 1990 1605 2025 quam
1666 1989 1804 2013 sensus

490 2037 636 2086 singuli
676 2037 850 2075 finaliter
881 2038 921 2074 in
945 2037 1105 2074 Christo
1139 2036 1384 2085 quietantur.
1419 2037 1461 2071 In
1484 2036 1546 2072 via
1580 2044 1713 2072 autem
1737 2047 1802 2071 co-

490 2095 597 2143 gitur
641 2095 776 2132 anima
815 2097 865 2132 ad
903 2096 989 2144 ipsa
1021 2094 1226 2131 sensibilia
1264 2093 1438 2130 demisso
1477 2106 1577 2140 pure
1616 2092 1802 2140 intelligi—
1820 2100 1862 2132 30

491 2152 560 2188 bili
601 2152 728 2201 magis
761 2154 978 2200 attendere,
1014 2165 1104 2189 cum
1138 2151 1288 2188 noticia
1312 2151 1560 2188 sensibilium
1595 2151 1700 2198 sapit
1731 2163 1802 2186 no—

491 2210 626 2247 ticiam
664 2211 993 2259 intelligibilium.
1037 2211 1113 2246 Sed
1147 2210 1186 2246 in
1219 2209 1349 2257 patria
1382 2218 1440 2245 est
1473 2217 1647 2246 econtra.
1682 2211 1731 2245 Et
1763 2208 1803 2243 in

492 2267 569 2304 ista
602 2268 916 2317 equivocacione
956 2268 1133 2304 creditur
1165 2267 1376 2304 Platonem
1417 2276 1455 2303 et
1493 2266 1593 2304 alios
1626 2266 1803 2315 philoso-

493 2327 594 2373 phos
627 2327 848 2372 laborasse,
879 2326 946 2375 qui
971 2326 1154 2362 dixerunt
1186 2326 1295 2374 quod
1327 2325 1443 2361 nichil
1465 2325 1652 2375 contingit
1673 2325 1804 2361 addis-

494 2396 580 2420 cere
600 2385 669 2420 sed
695 2385 807 2434 prius
830 2384 1026 2436 cognitum
1052 2384 1267 2428 reminisci;
1299 2396 1391 2419 nam
1416 2383 1552 2420 anima
1575 2395 1647 2430 pro
1671 2382 1803 2430 primo
1821 2388 1862 2421 35

494 2441 657 2479 instanti
696 2442 756 2479 sui
790 2455 874 2479 esse
907 2443 1026 2478 habet
1061 2441 1374 2489 disposicionem
1409 2442 1459 2478 ad
1483 2440 1680 2489 quidlibet
1712 2453 1805 2489 cog-

564 2537 589 2557 2.
611 2531 656 2558 A:
678 2538 748 2557 cum
770 2531 828 2557 hoc
848 2530 969 2557 habent.
1037 2529 1061 2557 3.
1082 2530 1124 2557 A:
1148 2531 1331 2557 innocenter
1350 2529 1478 2557 viantes.
1541 2538 1571 2562 4.
1592 2528 1614 2556 B
1636 2529 1664 2556 in
1686 2536 1806 2562 marg:

497 2563 636 2592 Solucio.
675 2565 778 2593 Causa
799 2568 915 2592 erroris
935 2564 1119 2599 supradicti.
1158 2566 1187 2592 A
1207 2565 1236 2591 in
1259 2572 1374 2598 marg.:
1403 2564 1588 2600 Responsio.
1626 2564 1672 2591 A:
1701 2562 1806 2598 quoad

496 2600 581 2627 illud.
619 2608 649 2633 4.
670 2601 716 2628 A:
736 2600 896 2635 quomodo
917 2599 1010 2626 aliud.
1048 2599 1073 2627 5.
1096 2598 1164 2627 BC:
1180 2600 1321 2633 potencie
1337 2599 1431 2626 deest.
1477 2597 1504 2626 8.
1521 2597 1636 2626 Codd.:
1652 2598 1806 2632 mitigant.

493 2642 530 2662 11.
549 2636 591 2660 A:
613 2634 750 2662 hominis
768 2642 850 2662 curn.
889 2642 930 2667 ¹4·
951 2635 998 2661 A:
1020 2633 1057 2661 ad
1079 2634 1310 2662 destruendum.
1423 2635 1468 2661 A:
1484 2633 1612 2669 penalis.
1633 2633 1672 2659 B:
1689 2633 1806 2667 penate.

496 2677 542 2702 24.
563 2671 605 2697 A:
644 2668 821 2704 imposicio.
943 2668 990 2696 26.
1011 2669 1081 2696 AB:
1118 2669 1168 2696 ille
1194 2668 1402 2703 remissivlus3
1447 2667 1489 2695 C:
1523 2667 1702 2699 remissius;
1736 2666 1806 2694 BC:

496 2704 612 2732 erroris
632 2711 793 2732 sensuum.
857 2711 900 2737 27.
923 2703 992 2731 BC:
1013 2703 1093 2731 sicut
1113 2704 1143 2731 in
1165 2704 1274 2739 patria.
1337 2711 1380 2738 27.
1403 2704 1424 2730 Β
1446 2703 1476 2730 in
1498 2710 1614 2736 marg-2
1636 2702 1807 2737 Quomodo

496 2738 676 2774 intelligitur
697 2739 813 2766 dictum
837 2738 972 2766 Platonis
994 2739 1074 2765 scire
1095 2743 1239 2766 nostrum
1262 2743 1308 2766 est
1328 2739 1530 2774 antiquorum
1552 2737 1719 2764 reminisci.

568 2810 596 2842 8.
627 2810 678 2843 Cf.
707 2813 789 2842 Acta
817 2811 849 2842 S.
877 2809 1070 2842 Sebastiani
1098 2817 1197 2841 mart.
1243 2821 1316 2853 cap.
1353 2811 1439 2841 XXI.
1489 2810 1563 2840 ΑΑ.
1601 2808 1662 2840 SS.
1697 2818 1807 2839 mens.

499 2858 574 2889 Jan.
601 2864 685 2889 tom.
713 2857 754 2897 ΙΙ,
781 2867 858 2899 pag.
887 2867 962 2900 277.
1029 2855 1068 2888 33
1097 2856 1149 2888 Cf.
1176 2856 1287 2897 Plato,
1314 2858 1431 2897 Meno,
1458 2866 1492 2897 p.
1518 2854 1555 2887 81
1588 2855 1634 2886 D:
1666 2851 1707 2885 τὸ
1738 2852 1806 2895 ’γὰρ

500 2903 617 2945 ζητεῖν
640 2901 712 2945 ἄρα
735 2900 794 2935 καὶ
819 2899 861 2934 τὸ
886 2900 1090 2944 μανθάνειν
1115 2900 1314 2944 ἀνάμνησις
1341 2897 1424 2934 ὅλον
1448 2898 1554 2933 ἐστίν.
