2017 3353
175 264 248 298 106
745 270 968 302 JOHANNIS
993 270 1176 302 WYCLIF
1204 269 1470 302 SERMONUM
1522 254 1675 313 [SERMO
1696 266 1763 295 XV.

456 380 536 414 Nec
570 377 737 414 dubium
772 377 867 424 quin
901 375 1173 412 sabbatizacio
1208 388 1284 423 que
1317 385 1374 411 est
1402 377 1450 412 ab
1475 375 1663 423 operibus
1686 388 1765 412 ser-

455 436 613 482 vilibus,
647 437 722 471 hoc
756 444 827 482 est,
861 434 1016 472 actibus
1048 433 1201 481 peccati
1235 433 1468 470 observacio
1506 433 1557 470 sit
1597 432 1767 469 maxime

458 494 713 531 attendenda.
763 496 812 530 Et
851 493 907 529 sic
950 491 1132 540 quamvis
1172 501 1361 540 precepta
1393 491 1577 540 negativa
1609 504 1770 538 semper

456 552 636 600 obligant
685 560 722 587 et
766 564 838 598 pro
892 562 1063 597 semper,
1108 559 1297 598 precepta
1347 558 1479 586 autem
1529 549 1769 586 affirmativa

458 609 685 646 cuiusmodi
719 618 776 646 est
809 610 941 645 solum
982 608 1150 644 tercium
1191 609 1426 644 mandatum
1470 607 1599 655 prime
1638 607 1802 644 tabule5

460 678 496 704 et
529 667 705 715 primum
742 668 973 704 mandatum
1008 667 1181 702 secunde
1215 666 1349 702 tabule
1382 678 1541 713 semper
1573 665 1768 714 obligant,

458 739 539 762 non
574 739 646 773 pro
679 738 851 773 semper,
886 724 1116 761 latificando
1150 733 1284 761 tamen
1317 724 1424 760 istud
1458 725 1691 760 mandatum
1721 724 1770 759 ad

459 786 563 820 hunc
597 796 759 820 sensum
794 793 831 820 et
864 795 1024 830 semper
1055 782 1208 830 obligat
1243 791 1280 819 et
1313 795 1384 830 pro
1417 794 1589 829 semper.

243 849 365 888 Logipal
517 843 594 878 Sed
627 850 769 878 contra
802 841 909 878 istud
944 841 1094 877 instant
1127 839 1246 888 logici
1287 841 1394 888 quod
1427 840 1533 876 iuxta
1566 838 1770 887 sepedicta

167 885 441 947 Αὸοῐὶξεὲιξέῑζὸὼ
459 912 502 936 ex
534 900 768 936 testimonio
802 900 909 936 beati
941 899 1078 935 Jacobi
1112 899 1210 934 idem
1243 906 1297 935 est
1331 899 1366 934 in
1399 911 1512 934 unum
1547 898 1770 934 nmndcttmn
1791 911 1829 932 10

195 954 383 1017 coniiniigis
411 990 433 1017 it
459 958 652 1006 offendere
696 966 730 994 et
770 959 805 994 in
845 965 993 995 cuncta.
1041 958 1141 993 Cum
1183 968 1277 1004 ergo
1316 956 1575 993 observancia
1614 955 1772 992 sabbati

221 1026 391 1063 cannotbc
459 1029 539 1052 non
586 1028 746 1064 semper
789 1016 954 1064 obligat,
999 1015 1157 1051 videtur
1201 1016 1310 1062 quod
1358 1013 1440 1051 eius
1484 1012 1650 1050 omissio
1698 1025 1771 1061 pro

198 1061 419 1129 ⁶⁰ss}},⁰d¹}g¹‡¹y
460 1083 641 1121 tempore
681 1086 760 1122 quo
798 1087 879 1110 non
919 1073 1069 1121 obligat
1107 1085 1188 1109 non
1227 1074 1276 1109 ad
1315 1082 1552 1110 cunctorum
1597 1070 1772 1119 prevari-

460 1131 641 1169 canciam
677 1144 766 1168 reos
799 1131 912 1180 ligat.

189 1202 343 1239 Answerg
360 1200 381 1227 it
394 1200 426 1242 ¹is
518 1190 596 1226 Sed
629 1190 692 1227 hic
714 1190 938 1227 notandum
964 1190 1071 1237 quod
1094 1188 1356 1226 observancia
1388 1187 1544 1225 sabbati
1568 1200 1648 1223 non
1671 1187 1770 1223 obli·
1793 1191 1829 1224 15

169 1237 290 1299 ⁸23³?ss
311 1235 526 1306 fflg‘gfflggat
570 1248 833 1285 christianum
879 1256 923 1284 ut
965 1247 1093 1295 ipsam
1139 1246 1321 1295 perficiat
1359 1246 1435 1282 nisi
1475 1258 1547 1293 pro
1592 1255 1773 1292 tempore

263 1306 348 1333 time.
461 1319 542 1355 quo
577 1315 637 1342 est
674 1307 749 1343 hoc
790 1307 1016 1343 sabbatum.
1063 1307 1163 1342 Cum
1203 1317 1296 1353 ergo
1338 1301 1612 1352 interpolatim
1652 1303 1774 1340 currit

461 1367 538 1401 hoc
571 1366 800 1410 sabbatum,
840 1364 997 1401 videtur
1035 1365 1143 1411 quod
1182 1375 1341 1410 semper
1378 1363 1495 1399 debet
1533 1374 1616 1398 esse
1656 1361 1773 1397 huius

462 1422 737 1469 observanda,
757 1435 838 1459 non
862 1435 934 1470 pro
957 1434 1127 1469 semper.
1162 1422 1330 1469 Semper
1351 1421 1545 1468 (inquam)
1577 1428 1635 1456 est
1657 1418 1773 1455 huius

463 1481 736 1526 observancia,
782 1481 944 1529 quando
983 1480 1111 1516 fidelis
1148 1480 1268 1516 habet
1314 1478 1472 1515 firmum
1520 1477 1772 1525 propositum
1791 1492 1834 1514 20

463 1538 824 1576 sabbatizacionem
870 1538 978 1575 illam
1024 1550 1096 1585 pro
1143 1547 1324 1585 tempore
1377 1549 1449 1584 pro
1494 1549 1574 1584 quo
1622 1535 1775 1572 venerit

465 1599 690 1643 observare,
715 1597 784 1633 sed
813 1597 996 1633 observat
1028 1608 1100 1643 pro
1134 1595 1202 1632 illo
1233 1604 1429 1642 tempore,
1462 1595 1620 1642 quando
1645 1593 1684 1629 in
1708 1593 1775 1629 illo

465 1665 645 1703 tempore
680 1663 883 1703 preservat
916 1667 955 1691 se
988 1655 1036 1690 ab
1066 1666 1185 1701 opere
1211 1652 1401 1690 manuali.
1437 1653 1556 1697 Quod
1579 1651 1673 1699 quia
1697 1664 1776 1688 non

466 1714 560 1751 facit
593 1713 667 1749 nisi
707 1714 801 1749 dum
843 1712 942 1748 illud
982 1721 1139 1759 tempus
1179 1711 1411 1756 accurrerit,
1451 1710 1542 1747 ideo
1575 1710 1778 1757 signanter

465 1771 562 1808 dicit
594 1772 690 1807 fides
724 1770 940 1818 scripture:
975 1771 1167 1806 M‘emento
1197 1777 1236 1805 ut
1259 1770 1357 1805 diem
1381 1769 1530 1805 sabbati
1550 1768 1775 1818 sanctifices.
1794 1773 1833 1804 25

465 1832 565 1867 Cum
611 1838 745 1866 autem
791 1839 950 1876 tempus
994 1828 1044 1864 sit
1087 1841 1188 1875 opus
1226 1829 1310 1863 Deo
1352 1826 1574 1874 proprium,
1620 1825 1778 1862 videtur

465 1889 573 1936 quod
606 1900 686 1924 non
719 1888 768 1924 ad
803 1887 927 1923 alium
963 1899 1123 1923 sensum
1157 1885 1369 1934 quisquam
1400 1885 1529 1932 ipsum
1556 1883 1778 1920 sanctificat

466 1946 540 1983 nisi
573 1955 616 1982 ut
649 1955 832 1982 sanetum
867 1947 950 1981 Deo
991 1944 1030 1980 in
1069 1944 1138 1980 illo
1178 1953 1361 1990 tempore
1394 1955 1433 1979 se
1467 1943 1597 1990 ipsum
1633 1941 1775 1977 reddit.

467 2005 584 2049 Quod
642 2003 736 2051 quia
784 2003 826 2039 fit
869 2016 962 2050 sepe
1010 2001 1304 2051 congruencius
1352 2001 1391 2037 in
1436 2013 1556 2048 opere
1598 1997 1775 2035 manuali

466 2075 586 2111 quam
623 2063 830 2109 pausando
864 2063 912 2097 ab
947 2061 1015 2097 illo
1040 2073 1175 2110 opere,
1209 2060 1298 2096 ideo
1321 2058 1405 2095 sine
1430 2057 1598 2094 crimine
1620 2057 1777 2093 videtur
1794 2064 1835 2096 30

466 2120 727 2157 christianum
759 2132 874 2167 posse
908 2131 980 2166 pro
1010 2118 1078 2154 illo
1103 2118 1164 2154 die
1187 2130 1309 2165 opera
1333 2116 1560 2164 corporalia
1583 2127 1775 2152 exercere.

466 2181 514 2215 Et
547 2179 622 2214 hoc
655 2186 765 2225 patet
798 2179 844 2213 de
877 2177 1067 2224 operibus
1101 2175 1409 2224 preparancium
1439 2174 1573 2222 generi
1598 2175 1776 2209 humano

466 2235 673 2272 vescencia
706 2245 743 2271 et
776 2235 853 2272 alia
886 2247 961 2282 que
994 2247 1073 2270 non
1098 2242 1259 2281 possent
1303 2245 1477 2280 congrue
1510 2241 1547 2268 et
1578 2230 1778 2278 complete

468 2295 508 2331 in
541 2293 620 2330 alio
655 2302 836 2341 tempore
870 2292 1089 2340 preparari.
1124 2292 1202 2328 Sed
1226 2291 1292 2327 ille
1315 2290 1472 2327 videtur
1493 2289 1611 2326 nimis
1636 2301 1777 2336 parum

468 2352 629 2389 celestia
661 2353 765 2388 bona
799 2363 938 2399 sapere
971 2350 1038 2398 qui
1073 2363 1152 2387 non
1185 2358 1297 2397 aptat
1335 2348 1409 2385 sibi
1441 2360 1565 2384 unum
1601 2347 1705 2383 diem
1740 2347 1778 2382 in
1796 2354 1836 2388 35

538 2523 560 2550 5.
584 2524 634 2550 A:
654 2527 699 2549 est
719 2522 813 2549 deest.
940 2521 967 2548 6.
990 2519 1030 2548 C:
1052 2525 1080 2547 et
1102 2520 1237 2555 primum
1258 2536 1290 2540 —
1311 2518 1414 2546 tabule
1435 2518 1535 2550 deest;
1565 2515 1587 2542 B
1608 2515 1638 2542 in
1660 2523 1776 2550 marg:

469 2557 604 2592 Quando
631 2561 658 2584 et
686 2557 724 2584 ad
754 2562 902 2591 quantum
932 2556 1117 2583 affirmativa
1150 2560 1293 2590 precepta
1326 2553 1465 2587 obligant
1496 2556 1524 2578 et
1556 2550 1592 2577 ad
1626 2556 1776 2589 quantum

468 2594 621 2626 negativa.
719 2600 746 2623 o.
769 2592 821 2618 ΑΒ
851 2592 880 2618 in
905 2598 1022 2623 marg:
1046 2589 1204 2617 Obieccio.
1291 2590 1328 2616 15.
1351 2588 1378 2615 A
1399 2588 1428 2614 in
1451 2593 1565 2618 marga
1586 2585 1776 2619 Responsio:

470 2628 489 2654 Β
512 2628 541 2654 in
563 2635 678 2659 marg:
699 2626 791 2653 Nota.
873 2625 911 2652 ¹6.
937 2627 977 2652 A:
1001 2626 1114 2657 ipsum.
1202 2631 1239 2650 2¹.
1262 2623 1327 2651 BC:
1349 2628 1489 2657 tempore
1509 2628 1580 2659 quo.
1671 2618 1711 2655 ²3:
1734 2621 1777 2658 A:

468 2662 612 2689 observat
632 2670 664 2688 se
685 2662 722 2688 ab
743 2668 836 2696 opere
858 2660 940 2687 mali.
1002 2660 1049 2687 26.
1070 2661 1114 2686 A:
1137 2660 1210 2686 dum
1231 2663 1343 2686 autern.
1400 2665 1444 2692 27.
1465 2656 1486 2683 B
1507 2663 1536 2682 in
1559 2662 1673 2692 marga
1696 2654 1778 2689 Quid

470 2702 515 2724 est
535 2702 656 2731 tempus
679 2696 879 2723 sanctificare.
987 2695 1032 2722 28.
1055 2693 1121 2721 BC:
1149 2695 1218 2721 iwso
1244 2699 1394 2728 tempore.
1501 2690 1547 2718 30.
1568 2689 1590 2716 Β
1610 2696 1640 2716 ln
1663 2697 1779 2722 marg:

470 2731 675 2759 Sabbatizans
695 2738 754 2766 que
773 2737 868 2763 opera
888 2730 956 2757 licet
976 2729 1087 2757 facere,
1161 2703 1201 2757 ἒὲ.
1223 2728 1263 2756 C:
1286 2735 1383 2755 unum
1404 2727 1497 2755 deest.

544 2860 592 2881 xo.
619 2850 682 2892 Ep.
704 2849 759 2888 110,
790 2859 846 2880 10:
877 2848 1077 2891 Quicunque
1103 2871 1110 2879 .
1132 2872 1138 2879 .
1158 2872 1164 2879 .
1185 2872 1191 2879 .
1218 2845 1379 2890 offendat
1408 2870 1416 2877 .
1435 2869 1443 2877 .
1463 2869 1471 2876 .
1498 2844 1531 2877 in
1554 2854 1633 2883 uno,
1646 2844 1776 2885 factus

471 2901 521 2928 est
547 2895 701 2928 omnium
729 2905 820 2927 reus.
