2017 3353
194 922 232 943 10

195 1202 231 1235 15

194 1502 235 1523 20

195 1783 234 1815 25

245 278 380 306 sumto
407 267 487 325 xx]
742 281 880 312 PRIMA
909 280 1034 312 PARS.

246 388 370 424 illum.
417 387 538 435 Igitur
584 399 673 423 cum
720 399 840 423 omne
886 387 1140 423 mendacium
1181 387 1230 423 sit
1275 395 1484 435 peccatum
1531 397 1567 424 ct

247 454 423 487 econtra,
464 454 572 493 patet
612 446 720 493 quod
759 444 889 480 omnis
929 445 1062 481 vivens
1096 445 1351 493 culpabiliter
1390 445 1567 493 loquitur

246 503 340 540 satis
385 504 527 539 falsum
567 502 843 539 testimonium
891 512 1030 539 contra
1076 516 1191 539 suum
1237 503 1485 552 proximumss,
1531 513 1567 539 et

246 574 336 598 cum
376 561 554 597 Christus
596 561 643 596 sit
687 560 890 609 proximus
933 560 1048 596 nobis
1093 561 1320 609 precipuuS‚
1373 561 1466 609 quia
1509 561 1567 607 (ut

246 619 391 655 dicitur
422 620 472 655 ad
505 620 684 655 Hebreos
723 621 774 654 ΙΙ0
810 620 914 667 cap.)
950 619 1090 667 frater
1127 627 1270 665 noster,
1313 627 1422 667 patet
1460 620 1566 667 quod

245 679 459 714 adversans
509 677 589 712 suis
634 676 785 725 legibus
831 689 928 725 quas
979 685 1139 724 oportet
1191 690 1273 713 esse
1322 676 1568 713 necessarias

246 735 424 784 loquitur
482 743 622 771 contra
680 734 917 783 precipuum
973 735 1199 782 proximum
1252 735 1372 771 nimis
1424 735 1566 771 falsum

247 792 538 830 testimonium.

306 854 353 887 Et
393 851 445 887 ita
486 853 714 888 sacerdotes
754 850 903 887 Christi
942 850 1010 898 qui
1050 863 1070 887 a
1109 850 1189 887 vita
1221 863 1293 887 sua
1325 852 1569 898 degenerant

248 918 285 946 et
337 910 442 957 leges
494 922 584 946 suas
639 908 916 957 multipliciter
976 910 1197 957 depravant
1248 908 1434 945 videntur
1487 921 1570 945 esse

248 968 412 1004 coraula
445 966 484 1002 in
517 967 591 1003 ista
625 980 743 1004 corea
776 966 926 1003 diaboli
960 975 1100 1003 contra
1134 966 1351 1003 Christum.
1388 968 1505 1012 Quod
1539 966 1569 1002 si

248 1033 470 1074 repugnant
514 1025 577 1061 isti
623 1025 837 1070 sentencie,
883 1026 1100 1061 ostendunt
1133 1024 1173 1060 in
1206 1025 1335 1061 verbis
1375 1033 1411 1061 et
1450 1037 1571 1073 opere

247 1084 454 1132 quomodo
493 1092 584 1119 sunt
624 1083 686 1119 isti
713 1083 773 1119 vie
807 1083 1012 1120 contrarii.
1048 1084 1258 1119 Deducant
1294 1083 1492 1131 (inquam)
1529 1095 1571 1119 ex

248 1141 453 1189 evangelio
497 1143 547 1177 ad
592 1142 721 1178 lucem
768 1142 974 1189 quomodo
1015 1141 1197 1177 Christus
1240 1141 1369 1177 fuerat
1409 1153 1572 1177 conver—

247 1208 368 1245 satus,
403 1208 440 1236 et
473 1199 617 1236 iterum
643 1200 895 1236 defendendo
919 1212 964 1235 ac
988 1200 1285 1247 promulgando
1309 1200 1411 1235 hanc
1444 1200 1570 1246 legem

249 1257 516 1306 evangelicam
557 1258 820 1306 iuxtaponant
860 1257 899 1293 in
937 1270 1074 1293 sensus
1113 1257 1171 1293 sui
1206 1257 1411 1293 evidencia
1449 1257 1571 1293 vitam

249 1329 360 1352 suam
397 1325 433 1352 et
465 1325 560 1352 tunc
593 1315 803 1364 apparebit
836 1316 924 1352 luce
957 1316 1102 1352 clarius
1135 1315 1165 1351 si
1200 1315 1360 1351 Christo
1394 1315 1572 1351 falsidice

251 1375 467 1410 detrahunt
499 1374 579 1410 sive
611 1373 804 1410 obediunt
829 1382 866 1410 et
889 1375 1074 1421 negando
1099 1386 1383 1422 quamcunque
1416 1382 1571 1421 partem

251 1432 363 1468 istius
422 1431 627 1469 divisionis
678 1445 750 1480 pro
808 1432 939 1468 minus
991 1431 1078 1468 utili
1132 1444 1175 1468 ex
1226 1431 1573 1468 scandalizacione

251 1490 413 1527 Domini
447 1499 538 1526 sunt
576 1490 763 1538 suspecti.
808 1492 857 1526 Et
895 1498 1005 1538 patet
1049 1491 1157 1538 quod
1198 1490 1293 1526 false
1337 1489 1574 1526 testificator

250 1548 290 1584 in
323 1548 549 1597 proximum
584 1557 714 1597 potest
755 1548 839 1584 fieri
882 1547 1008 1584 tribus
1054 1548 1197 1594 modis,
1243 1547 1394 1584 scilicet
1436 1549 1572 1593 verb0‚

251 1619 372 1655 opere
403 1607 463 1643 vel
496 1615 686 1655 utroque:
720 1607 842 1643 verbo
876 1607 984 1654 quod
1018 1614 1075 1642 est
1108 1606 1299 1642 famosius
1333 1605 1572 1642 menciendo

252 1666 299 1701 de
331 1665 418 1712 ipso
452 1674 489 1701 et
522 1666 645 1713 (quod
680 1673 736 1701 est
768 1664 942 1712 gravius)
977 1664 1016 1700 in
1040 1664 1206 1700 veritate
1229 1677 1304 1712 que
1328 1664 1499 1712 pertinet
1522 1665 1571 1700 ad

252 1724 512 1759 commodum
546 1723 651 1759 fame
690 1735 771 1759 sue.
812 1724 927 1759 Unde
961 1722 1124 1771 quidam
1159 1723 1343 1758 mercede
1384 1721 1572 1758 conducti

1781 273 1854 320 139

1601 397 1647 424 All
1670 396 1725 423 evil
1750 395 1839 423 livet-s

1638 432 1707 469 beati*
1728 431 1801 457 salse

1655 470 1789 492 witness.

1621 858 1733 885 l‘riests
1755 858 1826 884 bear

1616 894 1688 920 false
1709 892 1834 919 witness

1595 928 1713 963 against
1734 927 1849 955 Christ.

251 1780 516 1817 testificantur
568 1781 663 1817 false
715 1780 754 1816 in
806 1780 1034 1828 proximum
1087 1780 1127 1816 in
1182 1780 1455 1828 perdicionem
1506 1792 1573 1816 sue
1590 1786 1863 1814 faisen-iutessin

252 1839 485 1875 hereditatis
529 1839 590 1875 vel
635 1838 694 1874 sui
733 1838 921 1883 nominis,
963 1838 1030 1887 qui
1070 1837 1233 1874 indubie
1277 1851 1358 1874 non
1404 1838 1573 1885 diligunt

252 1897 363 1933 illum
410 1896 638 1945 proximum
683 1905 725 1932 ut
770 1909 809 1932 se
854 1896 976 1944 ipsos,
1023 1909 1113 1932 cum
1159 1905 1325 1944 propter
1375 1895 1572 1932 abiectam

251 1955 464 2003 pecuniam
497 1955 557 1991 vel
590 1955 745 1990 lucrum
780 1954 888 1991 aliud
921 1954 1052 2002 ipsum
1087 1954 1241 1990 odiunt.
1282 1956 1329 1990 Et
1369 1953 1574 1990 conclusio

251 2013 379 2049 tocius
412 2014 584 2049 secunde
617 2013 752 2049 tabule
785 2021 854 2058 est,
888 2022 930 2048 ut
963 2012 1130 2061 quilibet
1169 2011 1308 2060 diligat
1346 2011 1572 2060 proximum

251 2080 293 2107 ut
326 2084 366 2107 se
399 2071 551 2119 ipsum3
586 2071 641 2106 illi
675 2079 808 2107 autem
844 2070 911 2119 qui
944 2079 1110 2118 propter
1142 2069 1333 2106 invidiam
1358 2070 1438 2106 sive
1462 2070 1574 2106 lucro

250 2129 329 2166 alio
363 2129 618 2165 menciuntur
652 2129 690 2164 in
724 2128 929 2176 proximos
962 2137 1053 2165 sunt
1086 2128 1255 2176 peiores.
1291 2129 1383 2164 Ideo
1415 2137 1575 2176 oportet

251 2189 468 2235 prudenter
524 2187 654 2223 verbis
707 2188 926 2229 attendere,
993 2187 1196 2235 loquendo
1260 2188 1307 2222 de
1369 2185 1573 2235 proximis,

251 2245 479 2294 specialiter
513 2258 602 2281 cum
639 2246 789 2281 bonum
824 2245 930 2281 fame
969 2245 1017 2281 sit
1051 2246 1158 2281 bono
1197 2244 1356 2281 fortune
1395 2253 1575 2292 prestan-

252 2303 334 2339 cius
368 2303 663 2352 proprinquum
696 2302 928 2345 virtutibus;
962 2315 1083 2351 opere
1106 2315 1199 2339 vero
1223 2303 1320 2339 false
1343 2304 1576 2339 adversatur

252 2361 339 2410 quis
384 2361 581 2409 proximo,
628 2362 790 2409 quando
835 2360 1000 2397 dimisso
1046 2360 1247 2397 iuvamine
1290 2360 1475 2397 trahendi
1525 2361 1575 2397 ad

253 2419 426 2465 celestia,
472 2420 669 2456 trahendo
719 2419 780 2455 vel
830 2419 961 2455 nisum
1014 2420 1257 2467 apponendo
1309 2418 1480 2455 ducendi
1525 2419 1575 2454 ad

252 2486 416 2516 tartara,
442 2477 671 2513 retrocedit.
697 2479 745 2513 Et
769 2477 843 2513 ista
876 2477 1034 2513 locucio
1067 2477 1106 2512 in
1136 2477 1242 2513 facto
1276 2476 1576 2524 dampnabilior

253 2544 289 2572 et
323 2535 586 2583 periculosior
626 2544 683 2571 est
717 2534 861 2583 priori3
901 2548 1024 2583 opera
1058 2534 1163 2571 enim
1198 2544 1279 2571 tam
1314 2536 1420 2571 bona
1454 2547 1573 2583 quam

322 2678 340 2696 1.
362 2669 428 2697 BC:
451 2669 542 2703 Erga
635 2668 661 2696 3.
684 2669 727 2695 A:
751 2668 824 2695 satis
843 2669 955 2696 falsum
976 2669 1189 2696 testimouium
1211 2669 1305 2695 deest.
1398 2668 1421 2695 5.
1444 2669 1487 2695 A:
1511 2667 1569 2694 He-

251 2705 405 2732 breorum.
520 2703 547 2730 (ἦ.
569 2704 612 2730 A:
634 2703 862 2730 admi-sancius.
973 2712 1001 2738 ς).
1024 2704 1064 2730 C:
1086 2713 1101 2730 a
1123 2704 1216 2730 deest.
1335 2711 1367 2730 Η.
1392 2702 1458 2729 BC:
1481 2702 1517 2729 Et
1539 2701 1573 2728 si.

252 2748 288 2767 12.
312 2739 427 2767 Codd.:
453 2738 627 2766 ostendant.
743 2738 780 2765 13.
802 2739 845 2765 A:
868 2738 1027 2765 Deducaut
1048 2738 1130 2765 iuxta
1151 2738 1187 2765 ad
1209 2743 1303 2765 tuam.
1420 2745 1458 2771 17.
1480 2738 1524 2764 A:
1546 2741 1572 2763 ct

251 2780 321 2801 tuuc
343 2790 369 2793 ἡ
393 2773 540 2800 obediunt
561 2778 587 2799 ct
611 2773 703 2800 det-st.
831 2781 878 2803 20,
900 2780 938 2800 21.
962 2774 1004 2800 A:
1027 2772 1202 2800 testiticacio
1224 2772 1417 2807 proximum:
1456 2771 1522 2799 BC:
1546 2771 1573 2797 iu

250 2809 419 2836 Christum.
466 2816 519 2842 ⁵22.
541 2809 583 2834 A:
607 2807 770 2843 utrimque.
820 2815 867 2841 24.
888 2808 932 2835 A:
954 2808 1034 2835 fatue
1055 2817 1123 2836 suc:
1145 2807 1166 2834 Β
1183 2807 1211 2834 iu
1229 2815 1342 2842 marg:
1365 2807 1452 2833 False
1473 2806 1576 2833 testiti-

250 2848 334 2870 catur
354 2844 422 2879 quis
436 2842 599 2878 tripliciter
619 2847 725 2870 contra
746 2842 922 2871 Christum:
984 2842 1024 2869 ib.
1046 2843 1090 2869 A:
1112 2842 1247 2878 quidem.
1344 2841 1386 2869 25.
1409 2842 1453 2879 A.
1475 2840 1576 2876 perdi-

249 2878 345 2905 cione.
412 2877 457 2908 28,
476 2886 490 2905 2
518 2899 523 2904 .
544 2878 589 2904 A:
609 2877 645 2904 Et
666 2885 726 2911 quo
747 2877 855 2904 tocius.
918 2876 963 2904 30.
986 2878 1029 2904 A:
1052 2876 1120 2904 sire.
1201 2876 1242 2904 32.
1266 2875 1331 2903 BC:
1354 2876 1455 2903 verbis
1477 2875 1570 2903 deest.

248 2912 291 2943 33.
312 2912 357 2947 34.
380 2914 422 2940 A:
446 2921 492 2940 me
508 2912 564 2940 ius.
638 2911 685 2947 34.
708 2912 801 2940 verbo
827 2912 915 2941 falso.
990 2911 1032 2946 37.
1055 2912 1097 2940 A:
1120 2910 1361 2946 dampnabilem.

1644 1822 1701 1849 law
1723 1821 1810 1848 suits.
