2017 3353
131 523 175 549 ()ι
178 522 242 548 deal
260 521 317 548 and
335 521 401 549 nial

131 558 167 593 b)
185 557 273 584 battle
292 557 403 593 lightlv

182 577 354 619 torbidden.

140 998 189 1026 ΠΙ.
213 1004 242 1026 [ο
262 1001 390 1028 avarice.

711 305 933 337 JOHANNIS
954 305 1137 338 WYCLIF
1165 306 1423 338 SERMONUM
1453 292 1604 350 [SERMO
1625 303 1735 331 XVIII·

421 411 658 458 deprimere,
693 413 855 460 quando
889 424 959 459 per
991 413 1136 459 gradus
1171 412 1308 448 leviter
1342 413 1581 448 descendere
1605 413 1735 460 potuit

418 469 638 516 paulative·
684 478 777 505 tunc
817 469 921 506 enim
968 469 1207 517 generaliter
1252 470 1339 518 quis
1377 479 1547 518 temptat
1592 472 1733 510 Deum

418 528 579 574 quando
625 527 754 575 querit
799 527 1113 575 experimentum
1161 529 1207 563 de
1241 528 1310 564 Dei
1356 528 1499 564 virtute
1546 528 1630 564 sine
1678 528 1735 563 in-
1759 555 1832 586 ΡΟ,

419 584 593 620 evitabili
626 585 875 627 necessitate,
910 586 1015 621 unde
1045 582 1048 638 Ι
1079 585 1378 621 racionabiliter
1416 585 1609 633 probacio
1643 585 1734 621 ferri
1757 599 1834 640 154

419 642 626 678 candentis
660 652 696 679 et
731 643 1013 679 monomachie
1047 656 1136 679 cum
1172 643 1225 679 eis
1259 643 1455 679 similibus
1489 645 1537 679 ab
1570 643 1769 680 ecclesia5

418 700 666 748 prohibetur.
702 702 801 737 Cum
837 714 930 749 ergo
965 700 1205 737 christianus
1247 702 1362 737 debet
1402 701 1591 737 continue
1624 701 1737 738 factis

418 758 676 794 edificatoriis
711 759 914 806 occupari,
955 758 1049 807 quid
1090 760 1253 806 prodest
1293 758 1640 796 incantacionibus
1675 760 1735 795 vel

419 815 698 864 experimentis
722 817 951 853 attendere?
985 819 1133 852 Revera
1168 816 1302 862 nichil,
1333 816 1434 853 sicut
1458 818 1580 854 multa
1606 817 1737 853 studia

420 874 576 910 curiosa
614 874 688 910 nisi
729 883 770 910 ut
811 874 878 910 filii
922 874 1045 910 Belial
1084 876 1254 922 superbe
1294 875 1549 922 magnificent
1588 887 1735 911 nomen

419 945 548 968 suum.
1757 945 1794 967 10

476 990 620 1026 Tercio
645 990 854 1037 temptavit
885 990 1067 1026 diabolus
1092 990 1294 1026 Christum
1329 991 1376 1026 de
1410 990 1583 1026 avaricia
1606 990 1736 1026 immi-

418 1048 566 1083 scendo
599 1049 800 1084 cautelose
833 1048 1061 1095 superbiam
1095 1057 1213 1096 atque
1252 1047 1514 1088 blasfemiam.
1549 1049 1643 1084 dum
1678 1061 1736 1084 as-

418 1105 588 1153 sumpsit
626 1118 716 1141 eum
758 1105 796 1141 in
837 1114 1015 1142 montem
1057 1107 1251 1142 excelsum
1290 1107 1406 1143 valde
1445 1114 1481 1142 et
1522 1105 1651 1142 verbis
1690 1119 1735 1143 ac

417 1162 579 1199 nutibus
626 1163 801 1199 ostendit
846 1163 901 1199 illi
947 1163 1205 1200 amenitatem
1251 1173 1287 1200 et
1335 1163 1503 1212 gloriam
1553 1164 1732 1200 omnium

418 1234 632 1268 regnorum
666 1230 801 1257 nostre
835 1221 1076 1261 habitabilis,
1112 1222 1206 1258 false
1238 1221 1477 1269 promittens
1506 1223 1612 1269 quod
1641 1223 1734 1258 dare
1756 1225 1790 1256 15

417 1291 498 1315 non
542 1278 673 1327 potuit
721 1288 757 1315 et
801 1279 1080 1316 condicionem
1128 1280 1360 1316 blasfemam
1407 1279 1603 1315 adiunxit:
1652 1280 1735 1316 Hec

418 1337 558 1382 omnia,
591 1337 732 1385 inquit,
766 1338 834 1373 tibi
855 1338 966 1381 dabo,
995 1338 1029 1373 si
1049 1338 1189 1373 cadens
1216 1337 1446 1374 adoraveris
1468 1350 1538 1373 me.
1572 1339 1619 1373 Et
1644 1350 1733 1373 cum

417 1394 616 1443 scriptura
648 1407 761 1431 sacra
799 1408 879 1431 non
917 1395 966 1431 sit
1005 1395 1079 1431 sibi
1119 1395 1192 1443 ipsi
1234 1395 1448 1437 contraria,
1483 1396 1605 1432 Satan
1639 1395 1733 1431 defi-

418 1452 525 1488 ciens
558 1452 597 1488 in
631 1453 706 1489 hoc
739 1453 863 1489 tercio
897 1453 1022 1500 signo,
1057 1453 1297 1501 scripturam
1331 1466 1411 1489 non
1442 1453 1626 1501 allegavit
1659 1466 1732 1501 pro

417 1523 487 1546 sua
520 1510 723 1547 sentencia
756 1512 998 1556 roboranda,
1032 1512 1100 1547 sed
1134 1511 1314 1547 Christus
1348 1513 1495 1547 docens
1527 1513 1732 1559 quomodo
1750 1523 1791 1545 20

418 1569 539 1604 homo
573 1570 688 1604 debet
722 1569 759 1604 in
795 1581 914 1605 causa
952 1569 1117 1616 propria
1156 1568 1320 1605 iniurias
1358 1569 1558 1613 tollerare,
1592 1570 1659 1605 sed
1693 1569 1732 1604 in

417 1638 537 1662 causa
570 1626 641 1662 Dei
675 1639 750 1674 que
785 1626 932 1662 directe
965 1626 1068 1674 sapit
1104 1627 1394 1674 blasphemiam
1430 1626 1616 1667 insanire,
1651 1626 1732 1663 dia-

417 1684 554 1719 bolum
588 1693 754 1732 propter
787 1684 1079 1732 expressionem
1115 1684 1229 1720 huius
1253 1683 1538 1725 similitudinis,
1573 1684 1734 1720 acucius

417 1741 659 1789 reprobavit.
702 1741 990 1789 Vade‚i11quit.
1025 1750 1181 1782 satana,-
1229 1755 1320 1778 nam
1369 1751 1559 1790 perantea
1604 1742 1734 1790 potuit

419 1800 613 1847 dyabolus
647 1799 862 1835 credidisse
897 1799 1099 1835 Christum
1141 1799 1258 1836 fuisse
1304 1801 1515 1847 deceptum
1563 1809 1598 1835 et
1643 1813 1732 1836 cum
1753 1802 1791 1834 25

419 1857 506 1904 ipso
545 1866 751 1905 tamquam
794 1857 956 1893 homine
996 1866 1281 1905 pertractasse:
1321 1859 1387 1894 sed
1428 1859 1610 1893 vocando
1644 1870 1732 1894 eum

418 1916 602 1950 Scitanam
643 1915 773 1951 innuit
806 1915 888 1951 eius
921 1915 1113 1951 noticiam
1154 1924 1190 1951 et
1231 1915 1380 1951 diaboli
1412 1915 1634 1951 versuciam
1668 1929 1734 1952 vo-

417 1972 561 2008 luntati
588 1972 751 2009 Domini
785 1974 1076 2009 adversantem.
1112 1974 1187 2009 Sed
1222 1972 1315 2021 quia
1348 1972 1419 2009 Dei
1460 1982 1516 2009 est
1549 1974 1734 2021 supplere

418 2031 615 2067 defectum
650 2030 689 2066 in
724 2030 885 2067 diabolo
919 2040 1194 2078 apparentem,
1229 2031 1372 2078 allegat
1397 2030 1577 2067 Christus
1610 2031 1734 2079 scrip-

416 2097 547 2124 turam
583 2088 887 2124 Deuteronomii
919 2090 992 2124 VIO
1026 2088 1223 2124 dicentem
1264 2089 1371 2137 quod
1403 2089 1508 2124 solus
1540 2089 1647 2125 Deus
1679 2097 1733 2125 est
1749 2089 1791 2122 30

417 2146 532 2181 latria
577 2147 813 2182 adorandus.
872 2146 1031 2182 Modica
1083 2159 1177 2194 ergo
1222 2147 1322 2182 foret
1367 2145 1527 2182 Christo
1577 2146 1617 2182 in
1657 2159 1732 2194 ope

417 2202 620 2240 evidencia
652 2212 817 2251 propter
850 2203 1016 2240 ficticias
1049 2205 1191 2240 horum
1226 2217 1440 2251 regnorum
1476 2216 1611 2240 coram
1646 2203 1732 2251 ipso

417 2262 567 2297 Sathan
608 2262 749 2297 cadere
789 2270 825 2297 et
865 2262 994 2309 ipsum
1034 2261 1244 2309 ydolatria,
1286 2274 1375 2297 cum
1419 2274 1500 2297 non
1539 2261 1587 2297 sit
1632 2261 1732 2298 alius

418 2319 547 2354 cultus
580 2318 864 2366 pertinencior,
899 2321 1080 2355 adorare.
1115 2321 1163 2355 Et
1197 2318 1235 2354 in
1269 2319 1344 2355 ista
1367 2318 1542 2367 gloriosa
1564 2318 1731 2355 victoria

419 2376 601 2412 diabolus
646 2385 868 2424 superatus.
915 2376 1009 2425 quid
1056 2389 1125 2424 pre
1171 2376 1415 2417 confusione,
1456 2376 1549 2424 quid
1598 2376 1732 2413 divino
1749 2380 1789 2412 35

417 2433 579 2479 iudicio,
616 2434 875 2470 descenderat
915 2436 964 2470 ad
1010 2434 1222 2479 infernum,
1269 2443 1305 2470 et
1338 2434 1467 2481 angeli
1513 2434 1578 2482 qui
1624 2434 1732 2482 prius

418 2492 709 2539 elongabantur
741 2500 782 2527 ut
816 2492 998 2528 diabolus
1038 2492 1271 2528 illuderetur
1311 2500 1347 2528 et
1384 2491 1552 2528 victoria
1585 2491 1731 2528 Christi

417 2550 517 2585 foret
548 2549 809 2596 prestancior,
841 2559 1093 2586 accesserunt
1117 2549 1388 2586 ministrantes
1411 2549 1484 2586 sibi
1509 2558 1549 2585 ut
1574 2563 1732 2586 summo

419 2606 592 2643 Domino
628 2606 800 2643 finaliter
833 2607 1053 2644 serviendo.

532 2729 602 2756 AB:
623 2728 654 2755 in
676 2728 776 2756 deest:
799 2729 820 2755 1³
841 2727 870 2755 in
893 2737 988 2763 mvng.
1002 2739 1006 2744 ·
1039 2729 1172 2768 Quando
1193 2729 1262 2765 quis
1284 2729 1395 2757 dicitu!
1417 2735 1476 2756 tem
1504 2734 1565 2768 tirc-
1587 2729 1683 2756 Deum
1705 2734 1732 2756 ct

416 2751 523 2790 contra
545 2762 784 2802 incantaciones.
901 2763 928 2790 6
952 2756 1016 2791 ssC:
1039 2764 1182 2791 continue
1203 2764 1295 2791 deest.
1415 2772 1448 2791 ιι.
1519 2763 1546 2790 in
1570 2772 1636 2790 mai
1706 2786 1730 2791 ..

420 2806 453 2826 ιι.
476 2805 502 2824 12
536 2797 602 2825 BC:
623 2797 653 2824 in
676 2796 845 2824 miscendo
986 2798 1051 2825 BC:
1074 2803 1151 2826 terre
1172 2798 1357 2825 habitabilis.
1433 2802 1474 2825 ιο
1496 2798 1561 2825 BC:
1583 2802 1610 2824 et
1653 2803 1730 2826 cest:

418 2833 462 2858 A:
484 2819 659 2870 coi'idicioni
681 2832 718 2858 bl
714 2831 904 2870 isphcmiun
926 2798 1108 2860 adiunxerit.
1182 2841 1228 2860 20.
1251 2833 1272 2859 13
1294 2833 1322 2859 in
1345 2841 1430 2867 ηιιιιι,
1454 2832 1583 2859 :Homo
1604 2833 1732 2859 tolerant»

419 2866 655 2893 debetiniuiias
677 2874 831 2904 ριιοριιι5
853 2874 913 2893 ιιοιι
935 2871 1034 2893 autem
1051 2867 1114 2894 Dei.
1155 2875 1202 2901 24.
1225 2866 1264 2894 C:
1281 2875 1334 2902 pei
1349 2841 1441 2894 antes:⁴
1454 2855 1508 2894 '25.
1530 2868 1573 2893 mx
1591 2866 1731 2893 Christus

419 2900 604 2931 credidisse:
626 2900 666 2928 C:
689 2900 874 2939 disseptum.
931 2900 994 2962 (326.
1018 2900 1057 2928 C:
1080 2905 1296 2929 contrectasse.
1380 2909 1424 2936 27.
1446 2902 1489 2928 A.
1511 2901 1554 2928 eis
1576 2901 1730 2928 noticiam.

418 2934 457 2962 3.1
478 2936 523 2962 A:
546 2934 670 2962 Christo
690 2943 786 2970 lnopl.
865 2933 955 2970 37.C
965 2945 970 2962 ι
993 2940 1024 2962 ut
1044 2940 1080 2962 et.
