2017 3353
266 294 402 322 suano
418 282 570 340 xxxix]
783 296 921 327 1‘R1MA
952 297 1077 328 PARS.

260 416 338 439 non
374 403 443 439 fuit
477 412 688 450 corruptus
722 402 761 437 in
794 414 962 449 corpore
1009 397 1134 454 (iuxta
1168 402 1263 437 illud
1301 403 1443 438 Psalmi
1479 405 1581 442 ΧΨ),

267 474 325 497 io:
373 462 457 496 Non
503 461 611 496 dabis
642 468 814 496 sanctum
861 467 965 495 tuum
1014 460 1145 495 videre
1189 458 1500 511 corrupcionem)
1547 471 1583 497 et

260 519 313 555 sic
348 532 419 555 nec
452 518 585 555 anima
619 530 689 554 nec
736 530 905 565 corpore
951 517 1021 553 fuit
1066 527 1159 553 tunc
1199 518 1238 553 in
1285 518 1457 559 miseria,
1504 532 1583 554 non

260 577 427 625 explicat
461 578 535 613 hoc
568 589 668 623 opus
702 575 976 611 misericordie
1009 575 1110 612 sicut
1143 588 1215 612 nec
1248 576 1319 612 fuit
1343 576 1581 624 explicatum

224 635 297 670 5in
330 643 454 671 semet
489 634 588 682 ipso,
622 646 694 669 nec
729 642 895 682 querent
927 633 1020 669 boni
1054 633 1349 670 affirmaciones
1383 646 1455 670 nec
1489 634 1583 671 mali

258 692 494 741 negaciones
545 700 710 740 propter
756 691 1029 739 ignoranciam
1071 691 1176 728 facti.
1224 693 1300 728 Sed
1348 692 1480 728 dicent
1502 693 1584 728 vol-

257 752 385 787 vendo
419 752 493 786 hoc
526 750 566 786 in
599 750 718 786 corde
753 758 917 797 propter
953 749 1269 786 admiracionem
1310 750 1584 787 misericordie

258 809 359 845 facte
393 808 528 845 electis
561 807 600 843 in
633 807 890 844 concessione
923 807 1183 844 beatitudinis
1237 817 1273 844 et
1306 817 1471 856 propter
1503 817 1584 845 stu-

259 879 397 916 porem
433 866 591 902 miserie
622 866 725 902 facte
758 865 939 913 reprobis
973 865 1012 901 in
1044 865 1262 913 negacione
1295 866 1509 903 felicitatis,

205 937 242 958 ιο
317 926 393 961 Sed
428 924 490 961 hic
514 924 724 960 dubitatur
748 923 1016 960 communiter
1040 925 1246 972 quomodo
1271 924 1452 961 Christus
1477 924 1583 972 capit

258 982 581 1031 predicacionem
635 994 799 1018 suorum
846 983 1135 1025 membrorum,
1190 995 1279 1018 cum
1326 982 1584 1031 distinguitur

258 1040 522 1089 personaliter
555 1041 604 1076 ab
638 1039 800 1076 eisdem.
834 1039 1002 1076 Videtur
1036 1039 1139 1076 enim
1175 1053 1245 1088 per
1289 1040 1393 1077 idem
1440 1053 1583 1089 capere

258 1098 580 1147 predicacionem
644 1097 915 1146 cuiuscunque
966 1111 1135 1146 persone
1186 1098 1481 1146 predestinate;
1541 1112 1583 1135 ex

258 1170 337 1206 quo
357 1158 482 1193 multa
501 1155 829 1193 inconveniencia
860 1155 1097 1202 inferuntur,
1132 1165 1174 1192 ut
1207 1165 1304 1205 puta
1337 1158 1444 1205 quod
1470 1157 1584 1194 Chri-

205 1218 240 1249 15
258 1225 340 1252 stus
379 1215 569 1261 nascitur,
604 1214 774 1251 moritur
821 1222 859 1250 et
891 1215 1260 1264 quomodocunque
1314 1223 1350 1251 et
1403 1216 1583 1263 quando—

259 1286 416 1322 cunque
450 1272 734 1310 denominatur
767 1271 1070 1309 accidentaliter
1102 1272 1399 1320 predestinatus
1423 1273 1581 1322 aliquis.

259 1341 295 1368 et
328 1344 398 1380 per
431 1343 679 1379 consequens
713 1339 769 1366 est
803 1330 944 1376 maior,
980 1330 1123 1367 melior
1158 1339 1194 1367 et
1227 1331 1427 1367 abieccior
1461 1344 1581 1380 quam

258 1398 314 1426 est
348 1389 547 1431 Christus:
581 1398 618 1425 et
651 1388 798 1437 periret
831 1388 961 1425 omnis
985 1389 1206 1437 personalis
1241 1389 1472 1427 differencia
1505 1402 1583 1438 qua

257 1447 412 1484 differet
445 1461 467 1484 a
499 1446 680 1496 personis
714 1446 867 1483 ceteris.

199 1518 240 1540 20
315 1505 520 1549 Similiter,
556 1505 587 1541 si
622 1504 803 1542 Christus
847 1504 896 1541 sit
941 1505 1149 1553 quodlibet
1194 1507 1420 1542 membrum
1466 1518 1581 1542 suurn

256 1573 346 1613 post
378 1564 667 1605 ascensionem,
714 1563 923 1611 peridem
967 1563 1040 1600 fuit
1093 1563 1301 1612 quodlibet
1356 1565 1581 1600 membrum

256 1635 371 1659 suum
411 1631 502 1659 ante
542 1621 881 1667 incarnacionem,
923 1630 960 1658 et
998 1621 1054 1657 sic
1093 1630 1275 1658 maneret
1314 1621 1353 1658 in
1400 1631 1579 1658 eternum

256 1681 295 1716 in
328 1681 412 1728 lege
444 1689 526 1717 tam
561 1693 663 1716 nova
697 1693 817 1728 quam
868 1679 991 1716 veteri
1034 1679 1278 1716 incarnatus.
1334 1683 1422 1716 Non
1476 1680 1579 1717 enim

255 1738 411 1775 videtur
444 1738 552 1775 racio
586 1739 694 1786 quod
727 1750 896 1786 sponsus
930 1737 1094 1774 ecclesie
1118 1738 1335 1786 aliquando
1369 1738 1418 1774 sit
1441 1740 1580 1775 eadem

200 1799 429 1845 25persona
464 1809 553 1833 cum
593 1796 679 1844 ipsa
718 1804 754 1832 et
793 1795 972 1844 quolibet
1012 1795 1094 1832 eius
1141 1797 1337 1841 membro,
1377 1796 1473 1845 quin
1512 1809 1582 1845 per

258 1855 363 1891 idem
397 1866 555 1902 semper
588 1863 716 1891 stante
750 1853 1066 1902 desponsacione
1099 1855 1252 1890 eadem.

315 1915 357 1949 In
389 1912 621 1961 oppositum
676 1920 732 1948 est
768 1911 976 1960 multiplex
1010 1911 1161 1948 dictum
1196 1912 1364 1953 Christi:
1419 1914 1580 1961 quando

258 1970 362 2007 enim
396 1970 608 2019 singularis
649 1970 830 2006 minister
863 1970 1025 2006 Domini
1065 1970 1105 2006 in
1143 1970 1306 2007 nomine
1345 1970 1428 2007 eius
1467 1970 1581 2019 quid-

256 2042 376 2077 quam
410 2028 562 2074 asserit,
594 2041 685 2065 vere
708 2028 949 2076 pronunciat
987 2029 1095 2077 quod
1127 2028 1322 2065 Dominus
1346 2029 1442 2065 illud
1472 2028 1580 2065 dicit.

200 2088 242 2120 30
258 2089 357 2125 Cum
393 2087 497 2123 enim
532 2086 713 2124 Christus
746 2087 903 2123 locutus
928 2095 984 2123 est
1009 2086 1047 2122 in
1071 2087 1269 2134 apostolo,
1296 2086 1426 2134 ipsum
1451 2096 1578 2123 totum

257 2145 331 2182 sibi
366 2145 589 2182 assimilans
623 2158 746 2193 quare
791 2157 871 2181 non
904 2153 1035 2192 potest
1068 2157 1240 2192 persona
1280 2144 1346 2181 illa
1390 2146 1579 2182 excellen-

257 2203 341 2240 cior
374 2212 411 2240 et
444 2203 571 2251 magis
602 2202 746 2239 nobilis
787 2202 864 2239 dici
899 2202 1092 2239 Christus.

314 2264 356 2297 In
389 2261 464 2298 isto
498 2261 619 2297 dubio
659 2262 830 2297 tenenda
864 2269 920 2297 est
964 2261 1093 2298 forma
1126 2262 1339 2297 verborum
1385 2261 1581 2310 scripture

258 2321 304 2355 de
337 2320 446 2356 nulla
478 2319 651 2356 falsitate
685 2319 969 2367 impugnabilis
1009 2328 1051 2355 ut
1095 2331 1167 2355 nec
1218 2319 1327 2355 fides.
1384 2321 1460 2356 Sed
1507 2333 1580 2368 pro

201 2378 241 2411 35
258 2377 517 2425 responsione
549 2379 770 2414 notandum
807 2386 863 2413 est
908 2379 1015 2426 quod
1061 2386 1117 2413 est
1162 2377 1303 2425 triplex
1336 2377 1578 2425 predicacio,

257 2435 409 2472 scilicet
442 2435 634 2481 formalis,
664 2435 894 2471 subiectalis
919 2444 955 2471 et
981 2435 1280 2472 habitudinalis.
1315 2435 1581 2472 Habitudina-

257 2494 334 2529 lem
369 2502 502 2530 autem
536 2493 860 2541 predicacionem
896 2493 1077 2530 Christus
1111 2493 1252 2542 recipit
1275 2494 1403 2530 tribus
1427 2494 1578 2530 modis:

326 2625 354 2648 4.
377 2616 421 2643 A:
451 2615 629 2651 explicitum
653 2615 682 2642 in
705 2625 736 2642 se
757 2616 835 2650 ipso.
946 2616 969 2644 5.
991 2616 1036 2643 A:
1059 2621 1090 2643 ut
1112 2616 1194 2643 mali.
1305 2625 1344 2643 ιο.
1367 2617 1394 2643 A
1415 2617 1443 2643 in
1467 2624 1580 2650 marg:

258 2651 410 2678 Dubium:
442 2651 482 2677 ib.
514 2650 535 2677 B
569 2651 598 2677 in
630 2659 743 2686 marg:
772 2651 883 2678 Utrum
906 2650 1048 2678 Christus
1078 2651 1159 2686 capit
1189 2651 1485 2686 predestinacionem
1513 2650 1580 2683 (sic)

258 2686 398 2713 omniurn
423 2694 549 2712 suorum
572 2685 784 2712 membrorum
814 2690 841 2712 et
868 2686 968 2719 arguit
988 2685 1070 2720 quod
1100 2694 1178 2714 non:
1206 2685 1315 2712 deinde
1336 2686 1476 2712 concedit
1497 2686 1579 2720 quod

259 2721 311 2748 sic.
424 2728 459 2747 12.
483 2721 525 2747 A:
558 2720 639 2755 quod
662 2726 794 2755 caperet.
905 2728 946 2755 ις).
970 2720 1008 2747 B:
1031 2720 1140 2747 dill‘ert.
1250 2728 1295 2747 ρο.
1318 2721 1343 2747 A
1365 2721 1394 2747 in
1420 2728 1533 2753 marga
1555 2728 1578 2747 2.

259 2763 298 2785 21,
320 2762 363 2782 22.
381 2755 447 2781 BC:
471 2759 539 2790 post
560 2770 592 2773 —
614 2763 703 2781 suum
727 2756 820 2781 deest.
877 2763 920 2786 27.
942 2756 970 2782 A
991 2755 1019 2781 in
1043 2763 1155 2789 marg:
1178 2756 1209 2782 In
1232 2755 1422 2790 oppositum.
1478 2754 1516 2782 31.
1534 2756 1579 2782 A:

259 2790 456 2817 assimulans.
549 2788 590 2816 33.
613 2791 640 2816 A
661 2790 690 2816 in
715 2798 827 2823 marga
851 2789 1022 2824 Responsio
1042 2791 1080 2817 A.
1178 2789 1219 2817 35.
1242 2790 1267 2816 A
1290 2790 1317 2816 in
1342 2798 1455 2824 marga
1479 2790 1581 2816 Predi-

259 2825 343 2852 cacio
360 2825 481 2859 triplex.
504 2824 617 2850 scilicet
639 2824 790 2852 formalis.
814 2824 988 2850 subiectalis
1004 2830 1030 2851 et
1047 2824 1284 2852 habitudinalis:
1306 2829 1330 2850 et
1349 2824 1419 2850 item
1437 2824 1580 2851 Christus

261 2859 319 2886 reci
347 2859 368 2886 it
390 2859 488 2885 tribus
510 2859 622 2887 modis.
645 2867 713 2885 cum
738 2859 786 2885 illa
810 2858 982 2893 predicacio
1003 2859 1223 2886 habitudinalis
1239 2859 1578 2893 accipiturtripliciter:

260 2894 300 2921 ib.
354 2894 383 2920 in
406 2902 503 2928 marg.
518 2903 522 2919 :
544 2893 671 2928 Triplex
687 2898 731 2920 est
749 2893 932 2928 predicacio.
949 2893 1135 2923 cssencialis,
1152 2893 1291 2920 formalis
1307 2898 1334 2920 et
1350 2893 1578 2920 habitudinalis.

261 2928 297 2957 Et
312 2928 536 2956 habitudinalis
556 2933 599 2955 est
621 2928 749 2963 triplex3
772 2936 903 2964 quarum
920 2928 1053 2963 qualibet
1069 2928 1211 2956 Christus
1226 2928 1306 2963 capit
1323 2928 1577 2963 predicacionem.

1791 291 1862 325 261

1637 410 1740 437 Christ
1761 420 1831 447 says

1647 445 1774 480 nothing
1795 448 1829 473 ot

1615 480 1709 508 burial
1734 481 1860 507 because

1616 514 1672 542 His
1694 516 1774 550 body
1795 515 1853 542 had

1664 555 1715 577 not
1737 558 1806 576 seen

1640 585 1830 620 corruption.

1615 920 1734 947 lloubts
1757 920 1853 947 raised

1599 964 1631 982 as
1655 959 1684 982 to
1712 955 1760 981 the
1788 955 1871 990 unity

1610 991 1644 1017 of
1662 989 1764 1017 Christ
1787 990 1858 1016 with

1617 1025 1672 1052 His
1695 1025 1858 1052 member&

1652 2257 1810 2284 Solution:

1602 2291 1749 2319 llitl'erent
1771 2291 1861 2319 kinds

1608 2327 1642 2354 of
1658 2326 1859 2362 predication.
