2017 3353
205 251 220 286 Q>

233 252 249 287 'a'

784 257 1007 290 JOHANNIS
1033 256 1218 289 wvcmr
1245 256 1502 289 SERMONUM
1596 241 1747 300 [smnio
1768 254 1802 283 L.

490 367 618 403 losum
658 364 707 401 sit
746 363 947 401 hominem
996 375 1079 400 esse
1112 372 1219 400 extra
1258 364 1421 399 ductum
1462 363 1583 400 divini
1630 364 1803 405 consilii:

491 425 651 472 quando
686 423 791 459 enirn
826 423 947 458 homo
980 421 1129 458 omittit
1159 421 1296 470 exequi
1328 421 1593 458 ministerium
1624 424 1673 459 ad
1697 424 1804 471 quod

492 485 596 518 Deus
631 494 719 517 eum
756 480 925 516 maxime
960 479 1135 528 disponit
1158 488 1200 516 ut
1223 479 1278 516 sic
1303 489 1461 527 peccat:
1495 480 1647 528 logicus
1670 490 1804 517 tamen

493 540 588 576 dicit
632 541 740 587 quod
784 540 889 574 Deus
933 550 1012 574 non
1057 537 1233 586 disponit
1280 538 1340 574 vel
1389 538 1549 575 ordinat
1599 538 1803 575 hominem

493 597 808 646 predestinatum
854 597 903 632 ad
951 595 1114 632 inferius
1161 596 1426 632 ministerium
1467 609 1585 645 quam
1627 598 1693 633 dat
1732 596 1839 633 sibi5

493 655 692 692 naturalia
726 656 775 691 ad
808 655 884 690 hoc
916 663 1028 702 apta;
1062 654 1154 702 quia
1183 654 1214 690 si
1248 654 1409 690 ordinat
1442 656 1491 691 ad
1515 654 1679 703 aliquid,
1713 664 1807 691 tunc

494 722 738 762 sequeretur,
771 725 906 748 verum
942 721 1075 748 tamen
1109 713 1256 748 multos
1289 713 1470 749 homines
1509 712 1622 761 ponit
1660 712 1700 749 in
1738 712 1808 749 tali

495 780 599 808 statu
633 770 805 807 naturali
837 769 876 805 in
910 783 989 818 quo
1023 770 1053 806 si
1087 769 1160 806 sibi
1200 779 1235 806 et
1266 770 1360 819 ipsis
1397 771 1593 819 placuerit
1638 770 1809 819 amplius

496 838 757 866 mererentur.
797 830 844 864 Et
877 829 997 864 talem
1038 828 1303 865 donacionem
1342 829 1627 877 temporalium
1666 837 1810 866 vocant

219 898 237 924 Ιι
261 897 285 924 is
307 896 418 924 foolish
441 900 470 923 ιο
496 887 658 936 quidam
694 886 1004 935 disposicionem
1039 888 1088 923 ad
1120 888 1199 923 tale
1231 886 1422 934 officium,
1448 889 1515 924 sed
1539 901 1619 924 non
1643 887 1713 923 Dei
1747 900 1810 923 or-
1830 896 1868 919 10

209 932 279 959 biud
308 931 427 958 onescls
450 935 479 957 to

229 976 244 993 a
266 971 340 994 state
362 966 461 993 which

496 945 762 982 dinacionem.
797 945 874 981 Sed
898 946 1264 993 quomodocunque
1287 944 1335 981 sit
1359 946 1406 982 de
1429 946 1517 987 hoc,
1551 944 1810 982 temerarium

208 1010 337 1029 §avom-s
364 1001 398 1028 of
423 1000 651 1041 sillwidetur
684 1004 791 1051 quod
825 1002 968 1051 aliquis
1001 1003 1151 1051 obliget
1183 1015 1222 1039 se
1255 1004 1305 1040 ad
1337 1012 1484 1040 statum
1519 1003 1585 1053 qui
1608 1004 1812 1052 insepara-

231 1824 336 1854 Clu-ist
358 1824 483 1855 reduces

297 1860 345 1886 the
367 1864 414 1887 ten

218 1909 286 1928 com
293 1901 382 1928 mand
389 1904 487 1928 ments

295 1940 325 1963 to
346 1940 417 1963 two.

499 1061 630 1099 biliter
668 1061 771 1109 sapit
810 1070 1019 1108 peccatum
1060 1061 1161 1098 sicut
1204 1061 1360 1097 videtur
1399 1063 1446 1098 de
1484 1061 1588 1099 civili
1633 1061 1812 1098 dominio

500 1129 536 1157 et
570 1119 735 1155 omnino
770 1120 817 1155 de
850 1119 1038 1155 fratribus
1072 1128 1108 1156 et
1141 1119 1227 1156 aliis
1261 1119 1455 1168 religiosis
1488 1120 1664 1169 privatis.
1700 1121 1813 1157 Unde

502 1178 729 1227 quicunque
762 1177 922 1225 presciti
955 1177 1021 1226 qui
1052 1178 1197 1214 debent
1219 1177 1319 1214 scire
1342 1179 1420 1215 tale
1443 1187 1651 1227 peccatum
1675 1190 1814 1226 sapere
1835 1174 1871 1207 15

503 1246 539 1273 et
577 1235 699 1284 gratis
739 1237 787 1272 ad
833 1235 943 1271 illum
990 1248 1030 1272 se
1075 1236 1255 1284 obligant
1299 1246 1467 1284 peccant
1512 1236 1736 1274 mortaliter
1775 1235 1815 1272 in

502 1295 681 1342 ingressu
723 1302 759 1330 et
792 1294 982 1330 habentes
1014 1293 1199 1342 spiritum
1233 1295 1282 1331 ad
1316 1294 1546 1331 huiusmodi
1578 1304 1725 1331 statum
1760 1293 1816 1330 di-

504 1352 756 1395 mittendum,
798 1353 942 1388 debent
974 1352 1092 1388 istum
1133 1361 1279 1389 statum
1320 1352 1545 1402 relinquere
1589 1362 1626 1390 et
1669 1361 1816 1389 statum

505 1410 571 1459 qui
611 1409 694 1446 sine
738 1418 904 1458 peccato
951 1410 1099 1446 servari
1139 1410 1286 1458 poterit
1325 1423 1572 1448 conservare.
1622 1413 1669 1447 Et
1709 1419 1818 1459 patet

505 1469 612 1517 quod
644 1467 931 1505 necessitamur
963 1468 1172 1505 consilium
1208 1468 1279 1505 Dei
1312 1468 1506 1506 instanter
1537 1478 1729 1518 expetere.
1836 1475 1876 1497 20

1027 1640 1219 1680 SERMO
1255 1641 1298 1681 L.

565 1759 816 1794 Accesserunt
849 1760 900 1794 ad
929 1759 1058 1795 Jesunz
1088 1760 1274 1808 pharisei.
1309 1760 1474 1797 Matthei
1509 1761 1646 1805 XX110,
1684 1761 1746 1807 34.

566 1818 733 1853 Constat
767 1816 874 1865 quod
907 1815 946 1852 in
979 1817 1109 1865 prima
1142 1828 1255 1865 parte
1288 1817 1404 1855 huius
1428 1817 1619 1866 evangelii
1643 1818 1822 1855 Christus

507 1874 661 1912 reducit
712 1876 761 1911 ad
806 1874 1005 1912 binarium
1057 1885 1186 1913 totum
1238 1877 1474 1925 decalogum
1525 1878 1822 1914 mandatorum.

509 1936 610 1970 Narn
644 1933 718 1969 tria
754 1935 944 1970 mandata
976 1934 1104 1982 prime
1137 1936 1271 1972 tabule
1304 1937 1447 1972 docent
1480 1936 1686 1983 quomodo
1719 1936 1824 1970 Deus
1841 1937 1879 1968 25

511 1992 559 2028 sit
593 1992 789 2028 amandus
823 2000 859 2027 et
892 2001 1043 2040 septem
1080 1995 1269 2030 mandata
1302 1994 1474 2029 secunde
1512 1993 1646 2029 tabule
1680 1994 1825 2029 docent

512 2050 718 2098 quomodo
761 2049 965 2097 proximus
1009 2050 1058 2087 sit
1102 2053 1311 2088 amandus.
1356 2053 1404 2088 Et
1452 2051 1570 2087 istum
1616 2050 1823 2087 denarium

514 2106 667 2144 reducit
690 2107 780 2143 ideo
813 2109 862 2144 ad
894 2107 1084 2145 infamem
1110 2109 1322 2153 binarium,
1354 2109 1446 2158 quia
1478 2108 1588 2146 novit
1621 2107 1824 2145 hominem

514 2167 562 2203 ab
595 2165 663 2201 illo
697 2166 881 2202 recedere
914 2179 984 2214 per
1016 2167 1357 2215 prevaricanciam
1392 2168 1689 2204 mandatorum.
1722 2169 1824 2203 Nam

515 2225 564 2260 ad
604 2223 857 2270 figurandum
892 2223 1001 2261 illam
1035 2227 1190 2273 Moyses
1222 2225 1337 2274 fregit
1377 2226 1474 2262 duas
1512 2225 1668 2262 tabulas
1702 2224 1826 2272 digito
1843 2224 1884 2256 30

515 2280 587 2318 Dei
630 2280 810 2329 scriptas.
864 2284 912 2318 Et
960 2283 1091 2320 notari
1137 2293 1267 2331 potest
1317 2284 1522 2332 quomodo
1566 2281 1741 2331 pharisei
1784 2294 1827 2319 ex

515 2338 688 2388 ypocrisi
711 2339 1039 2388 appropinquant
1063 2354 1132 2390 pre
1156 2341 1296 2378 ceteris
1320 2340 1529 2387 Salvatori‚
1561 2353 1606 2377 ac
1630 2340 1660 2377 si
1683 2341 1828 2377 vellent

517 2409 586 2446 pre
626 2396 712 2433 aliis
752 2399 942 2435 mandata
987 2399 1057 2436 Dei
1096 2412 1265 2436 servare.
1307 2400 1490 2437 Secundo
1528 2399 1660 2436 notari
1698 2406 1829 2448 potest

518 2455 724 2504 quomodo
756 2454 851 2502 legis
891 2457 1032 2493 doctor
1064 2458 1267 2506 querendo
1300 2457 1509 2507 temptavit
1541 2456 1758 2494 Dominum
1793 2465 1829 2492 et

519 2512 591 2550 fuit
630 2512 796 2549 minoris
829 2513 986 2550 malicie
1024 2528 1144 2564 quam
1178 2517 1309 2564 legum
1344 2517 1528 2554 doctores
1566 2524 1658 2552 sunt
1695 2513 1825 2551 hodie.
1847 2513 1884 2546 35

520 2575 605 2620 Ipse
650 2570 754 2607 enirn
796 2583 838 2606 ex
877 2572 1158 2610 habundancia
1197 2574 1327 2610 cordis
1372 2573 1540 2623 quesivit
1577 2573 1827 2622 questionem

521 2642 640 2678 quam
686 2630 995 2677 preponderavit
1040 2639 1076 2667 et
1121 2631 1159 2667 in
1213 2645 1291 2681 qua
1334 2633 1422 2680 plus
1466 2631 1659 2680 replicare
1703 2629 1828 2666 scivit.

591 2799 616 2818 2.
639 2793 678 2820 C:
702 2801 770 2820 cum
793 2794 884 2820 enim.
941 2800 966 2820 2.
1001 2792 1026 2820 3.
1049 2792 1087 2819 C:
1115 2792 1303 2821 cumin-us:
1325 2799 1392 2818 eum
1415 2792 1508 2818 dec-sl.
1565 2798 1590 2825 7.
1612 2791 1656 2817 A:
1679 2793 1829 2824 sequetur.

522 2827 549 2853 δ’.
571 2827 614 2853 A:
636 2832 662 2854 ct
684 2827 759 2863 ipsis
780 2828 873 2855 deest.
948 2835 986 2861 17.
1005 2828 1042 2854 13:
1066 2827 1156 2854 huius
1177 2831 1305 2860 statum:
1327 2826 1366 2853 ib.
1384 2825 1423 2853 C:
1447 2826 1504 2852 hoc
1525 2828 1647 2863 statum.
1723 2824 1762 2850 13.
1785 2823 1828 2861 A:

522 2861 623 2895 ipsum
646 2867 769 2889 statum.
842 2869 880 2889 21.
904 2862 968 2889 BC:
990 2861 1152 2889 Dominica
1172 2861 1282 2889 XVIII.
1355 2868 1401 2895 29.
1423 2861 1466 2888 A:
1489 2859 1526 2886 ab
1548 2859 1616 2886 aho.
1690 2857 1728 2885 31.
1751 2858 1778 2885 A
1799 2865 1827 2884 m

524 2905 636 2932 marg:
661 2908 679 2927 1.
755 2897 796 2926 33.
817 2897 844 2924 A
866 2898 894 2924 in
918 2906 1031 2933 marg:
1054 2904 1078 2923 2.
1152 2896 1198 2930 34.
1220 2897 1263 2923 A:
1287 2896 1395 2924 doctor
1415 2896 1508 2922 deest.
