2017 3353
221 240 358 268 SERMO
373 228 440 288 ui]
731 244 872 276 PR1MA
891 244 1014 277 PARS.
1770 255 1814 294 ¹9

216 358 398 386 creatura
422 348 648 394 racionalis,
685 350 834 386 habens
859 350 1048 398 spiritum
1072 351 1358 398 prophetandi,
1394 362 1431 388 et
1470 353 1812 415 sici-‘xrqiionssibeing

217 407 410 454 propheta
445 415 504 442 est
537 408 765 443 communis
799 417 881 444 tam
915 408 1066 456 angelis
1099 420 1221 456 quam
1265 409 1524 457 hominibus;
1564 394 1817 460 zvfmpgrgpfflsepiyr’n

216 476 296 500 non
329 464 434 500 enim
469 464 642 500 excludit
680 466 882 512 propheta
917 466 1066 502 claram
1109 466 1380 514 prophetandi
1421 467 1525 503 noti-

216 521 333 567 ciam,
368 533 458 558 cum
485 522 667 558 Christus
700 522 774 559 fuit
807 524 1004 571 propheta
1040 523 1250 570 maximus,
1301 524 1394 561 licet
1419 525 1526 562 clare

184 578 360 615 §viderit
403 579 599 627 quidquid
643 579 796 619 dixerit.
850 583 931 617 Nec
977 590 1035 618 est
1068 594 1164 619 cura
1197 583 1245 618 de
1291 595 1398 633 seim,
1433 595 1523 619 cum

217 637 360 673 mulier
392 636 442 673 sit
464 637 542 684 ille,
578 638 672 685 quia
706 638 869 686 spiritus
904 638 972 687 qui
1006 639 1136 677 multa
1176 641 1411 688 prophetat,
1453 653 1525 677 nec

216 694 435 743 requiritur
473 696 522 732 ad
564 696 797 732 habendum
832 696 1018 744 spiritum
1053 697 1327 745 prophetandi
1361 711 1446 735 esse
1485 699 1525 735 in

214 752 348 800 gracia
382 754 604 790 secundum
637 763 864 802 presentem
898 754 1099 792 iusticiam
1133 755 1194 792 vel
1234 756 1594 803 predestinarizwt
1617 758 1814 819 hneceqsariiy

214 811 402 847 Baalaam
453 811 572 858 enirn,
632 812 773 860 Cayfas
822 821 860 849 et
912 813 1026 849 multi
1070 813 1259 850 diabolici
1308 815 1525 862 propheta-
1564 798 1786 862 ἑιπῖᾱῐέδῖῗιῗωῗ

160 884 197 905 ιο
215 878 305 905 runt
338 878 376 905 et
408 869 439 906 si
473 871 768 917 prophetarunt
792 879 905 907 erant
928 872 1217 919 prophetantes
1242 880 1279 908 et
1302 873 1522 920 prophete;

213 927 319 963 unde
359 927 589 975 quicunque
632 928 773 976 procul
811 929 917 965 fatur
960 929 1169 966 veritatem
1210 930 1523 967 coexistentibus

214 985 495 1022 absconditam
541 995 598 1022 est
642 987 852 1034 propheta.
899 989 948 1023 Et
992 996 1102 1035 patet
1134 989 1243 1035 quod
1281 997 1374 1025 sunt
1408 989 1523 1025 multi

213 1044 360 1091 gradus
408 1044 676 1094 prophetandi
716 1044 831 1081 nobis
871 1044 1079 1093 incogniti,
1127 1045 1221 1083 licet
1260 1045 1326 1082 ille
1359 1046 1426 1094 qui
1460 1059 1522 1083 ex-

214 1101 405 1137 cellenter
440 1103 655 1150 prophetat
702 1103 1003 1140 antonomatice
1036 1103 1194 1140 dicatur
1225 1105 1435 1152 propheta,
1486 1114 1523 1141 et

158 1164 194 1196 15
211 1159 278 1195 alii
294 1168 460 1207 propter
480 1160 697 1198 exilitatem
718 1161 904 1198 dicantur
919 1174 1001 1198 non
1017 1162 1213 1209 prophete
1233 1162 1519 1200 communiter.

269 1220 336 1253 Est
353 1226 486 1254 autern
504 1218 724 1266 prophecia
740 1220 787 1256 de
812 1231 1054 1267 quacunque
1078 1219 1310 1257 differencia
1325 1220 1518 1266 veritatis,

211 1283 255 1311 ut
288 1277 443 1324 Moyses
476 1277 732 1324 prophetavit
769 1277 911 1313 eximie
950 1279 997 1313 de
1029 1278 1195 1314 veritate
1230 1279 1278 1315 de
1310 1279 1517 1326 preterito,
1542 1280 1710 1342 bProphecy
1727 1289 1797 1317 may

211 1342 254 1369 ut
287 1334 335 1370 de
368 1335 576 1370 creacione
616 1334 755 1371 mundi
797 1343 834 1371 et
872 1335 957 1372 eius
991 1335 1145 1381 ordine,
1182 1336 1392 1373 Elizabeth
1426 1350 1518 1384 pro-
1547 1318 1801 1380 sgn‘iigfssfstfflees

212 1391 389 1439 phetavit
422 1393 470 1430 de
503 1393 692 1440 presenti,
733 1402 776 1429 ut
808 1395 916 1441 quod
957 1402 1086 1430 mater
1118 1394 1271 1431 domini
1305 1396 1355 1431 ad
1388 1394 1517 1443 ipsam

157 1467 196 1487 20
212 1449 376 1496 venerit,
429 1459 466 1487 et
509 1451 577 1488 alii
623 1451 894 1488 communiter
938 1453 1233 1500 prophetarunt
1271 1454 1320 1489 de
1367 1450 1517 1490 futuro.

212 1509 293 1544 Nec
327 1508 447 1545 refert
479 1509 650 1545 multum
687 1511 820 1557 quoad
855 1510 944 1546 illas
977 1510 1230 1548 differencias
1273 1520 1518 1561 temporum,

212 1566 306 1614 quia
339 1567 479 1603 eadem
519 1567 680 1614 veritas,
722 1576 766 1604 ut
803 1578 900 1616 puta
936 1566 1133 1605 Christum
1175 1569 1374 1606 incarnari
1412 1582 1518 1606 nunc

212 1633 270 1660 est
313 1625 504 1672 preterita
547 1638 654 1662 nunc
698 1638 861 1674 presens
908 1635 945 1663 et
976 1639 1082 1663 nunc
1116 1627 1262 1674 futura,
1309 1627 1402 1665 licet
1440 1628 1519 1665 sint

212 1682 444 1719 differencie
476 1683 666 1720 formales
699 1684 802 1721 inter
838 1684 1037 1721 Christum
1059 1687 1158 1735 fore
1197 1686 1440 1723 incarnatum
1481 1694 1518 1722 et

153 1747 193 1779 25
215 1741 412 1777 Christum
447 1742 576 1790 fuisse
620 1743 874 1780 incarnatum.
929 1745 978 1779 Et
1022 1743 1078 1780 sic
1112 1752 1269 1780 extense
1314 1744 1519 1792 loquendo

209 1798 326 1846 quasi
359 1799 531 1847 quilibet
563 1800 684 1836 horno
722 1810 779 1837 est
813 1802 1025 1850 propheta,
1059 1801 1155 1850 quia
1179 1801 1307 1839 fidelis
1341 1802 1438 1839 dicit
1480 1802 1520 1838 in

209 1856 285 1892 fide
307 1856 497 1894 veritates
520 1867 603 1894 tam
637 1858 685 1893 de
718 1858 911 1905 preterito
945 1872 1067 1907 quam
1102 1860 1150 1895 de
1189 1859 1325 1896 futuro
1358 1860 1449 1896 aliis
1482 1869 1520 1896 et

88 1944 151 1975 FO,
209 1914 285 1950 sibi
309 1915 406 1951 satis
431 1915 702 1961 absconditas,
729 1926 765 1952 et
790 1916 859 1952 alii
884 1916 1065 1953 infideles
1090 1918 1334 1965 prophetant
1358 1918 1521 1955 realiter

93 1969 170 2032 ¹433
208 1972 397 2009 veritates
416 1973 571 2010 futuras
592 1973 778 2020 explicite
796 1974 887 2010 aliis
902 1974 1094 2013 occultas.
1113 1977 1162 2012 Et
1180 1975 1365 2024 quamvis
1394 1980 1399 2021 Ι
1428 1988 1519 2023 pro-

150 2037 193 2069 30
209 2031 328 2078 phete
361 2030 412 2068 sit
445 2044 546 2079 opus
580 2031 868 2080 intelligencia,
904 2042 982 2069 stat
1016 2042 1152 2069 tamen
1185 2033 1392 2070 hominem
1426 2046 1519 2082 pro-

208 2090 375 2136 phetare
414 2099 452 2126 et
497 2089 687 2126 veritates
726 2090 815 2127 illas
860 2090 1117 2138 propheticas
1160 2091 1358 2140 ignorare,
1415 2085 1807 2149 sicut²⁰t²0¹¹l¹lffig¹r¹jt>gffl¹

207 2157 318 2194 patet
352 2148 400 2183 de
434 2148 568 2195 Cayfa.
631 2150 680 2184 Et
720 2148 778 2184 sic
817 2149 1055 2195 astronomi,
1089 2149 1349 2197 geomantici,
1384 2150 1519 2198 nigro·
1551 2155 1599 2183 his
1620 2163 1689 2183 own
1711 2164 1784 2191 pro-

207 2205 374 2242 mantici
407 2215 444 2242 et
477 2218 720 2254 quacunque
754 2206 834 2243 alia
867 2217 951 2244 arte
981 2207 1159 2244 dicentes
1191 2207 1391 2245 distancia
1425 2218 1518 2245 sunt
1617 2192 1724 2226 pnecy.

207 2264 414 2314 prophete,
449 2263 546 2312 quia
578 2263 619 2300 in
651 2264 840 2301 omnibus
874 2265 953 2301 illis
987 2267 1093 2301 Deus
1128 2265 1226 2303 dicit
1251 2266 1307 2302 eis
1329 2266 1518 2304 veritates

149 2326 188 2359 35
207 2334 308 2370 quas
340 2321 549 2362 nunciant,
611 2324 661 2359 Et
700 2332 812 2370 patet
846 2324 957 2371 quod
996 2324 1102 2359 nude
1141 2336 1185 2360 ex
1224 2324 1444 2372 prophecia
1477 2324 1518 2360 in

276 2411 363 2448 uA:
392 2410 606 2445 racionabilis;
645 2411 686 2439 ib.
707 2413 736 2439 A
755 2412 785 2439 in
813 2420 933 2447 marg:
956 2412 1038 2447 Quid
1059 2417 1103 2439 est
1124 2413 1283 2448 propheta.
1306 2413 1326 2439 B
1343 2413 1373 2440 in
1395 2420 1513 2447 marg.:

206 2444 364 2472 Diffinicio
386 2446 544 2480 prophete.
663 2453 688 2473 2.
711 2446 753 2473 B:
774 2447 884 2481 angelo
906 2455 1000 2483 quam
1022 2448 1153 2475 bomini.
1271 2447 1296 2475 3.
1318 2447 1359 2475 B:
1382 2448 1517 2483 prophe-

206 2480 281 2507 tanti
303 2480 467 2514 noticiam;
502 2479 547 2508 C:
568 2481 755 2516 prophetati.
881 2481 906 2510 5.
928 2482 969 2510 B:
1001 2482 1087 2509 dixit.
1214 2483 1239 2519 5,
1261 2484 1288 2511 6.
1309 2482 1358 2509 A:
1392 2490 1464 2521 cum
1483 2497 1518 2501 —

205 2514 256 2541 ille
277 2514 377 2548 deest;
416 2515 457 2542 ib.
479 2517 526 2542 A:
572 2517 602 2543 ui
628 2517 725 2544 deest.
834 2525 860 2552 7.
882 2519 929 2544 A:
952 2517 989 2544 ad
1011 2518 1136 2545 habere.
1241 2516 1268 2545 8.
1292 2518 1336 2545 A:
1359 2517 1515 2545 iusticiam

205 2554 391 2583 presentem.
504 2558 532 2584 9·
593 2561 600 2579 z
621 2551 703 2578 enim
725 2551 820 2579 deest⁴
929 2560 971 2579 10.
992 2554 1040 2579 A:
1063 2553 1087 2579 si
1109 2553 1339 2587 prophetarunt
1359 2552 1459 2585 deest;
1494 2551 1515 2579 B

205 2585 235 2611 in
257 2592 375 2618 marg:
397 2584 558 2620 Propheta.
666 2594 699 2613 11.
720 2588 772 2613 A:
793 2586 906 2614 fantur.
1016 2595 1057 2619 ¹4-
1079 2588 1126 2614 A:
1149 2588 1314 2615 auctorice.
1412 2587 1448 2614 15.
1470 2589 1514 2614 A:

204 2620 415 2647 communiter
435 2628 498 2647 non
519 2620 681 2655 prophete.
746 2620 786 2648 18.
808 2621 851 2647 B:
873 2626 900 2648 et
920 2621 974 2653 de;
996 2622 1016 2648 B
1032 2622 1061 2649 in
1084 2629 1202 2656 marg:
1226 2622 1396 2657 prophecia
1416 2626 1517 2657 potest

205 2654 386 2688 contingere
406 2655 443 2682 ad
464 2656 635 2689 quamlibet
656 2654 867 2683 differenciam
887 2657 1039 2692 temporis
1059 2662 1088 2683 et
1108 2664 1202 2691 quare
1223 2658 1294 2684 hoc.
1375 2665 1420 2683 20.
1442 2655 1515 2683 BC:

205 2688 343 2723 veniret;
415 2689 456 2716 ib.
472 2689 540 2717 BC:
555 2690 766 2718 communiter
780 2691 976 2726 prophetant.
1049 2692 1092 2719 23.
1109 2695 1154 2720 A:
1177 2700 1260 2719 nunc
1276 2699 1402 2727 presens
1419 2692 1513 2718 deest.

204 2731 250 2756 24.
274 2723 313 2751 C:
334 2728 362 2751 et
383 2724 476 2751 deest.
620 2726 666 2752 26.
695 2726 742 2752 A:
787 2726 853 2753 uasi
876 2726 978 2758 deest:
1051 2727 1096 2753 ib.
1122 2727 1164 2754 C:
1192 2728 1319 2762 quilibet
1340 2726 1513 2753 hominum.

204 2766 248 2792 27.
269 2760 313 2785 A:
345 2758 496 2789 veritatis:
528 2759 549 2785 B
570 2760 599 2786 in
625 2768 743 2794 marg:
805 2761 943 2788 uomodo
965 2761 1093 2796 quilibet
1114 2762 1209 2789 homo
1232 2766 1332 2797 potest
1352 2769 1419 2787 esse
1440 2768 1514 2795 pro-

204 2795 309 2828 pheta.
457 2794 501 2821 28.
523 2797 569 2822 A:
592 2794 710 2828 eciam3
733 2794 772 2822 C:
797 2796 872 2822 satis
895 2796 989 2823 deest.
1071 2796 1117 2830 28,
1139 2804 1186 2830 29.
1207 2798 1252 2823 A:
1275 2801 1303 2823 et
1321 2811 1353 2815 —
1375 2797 1513 2822 occultas

203 2829 314 2867 deest..
390 2801 445 2856 255.
468 2829 537 2857 BC:
568 2830 793 2857 intelleccione.
824 2830 905 2870 .ss.i¹¹
927 2838 1042 2865 marga:
1070 2831 1192 2867 Aliquis
1214 2833 1377 2866 prophetat
1397 2831 1511 2865 aliquid

203 2864 284 2898 quod
306 2868 439 2896 ignorat.
548 2862 590 2890 32.
613 2865 661 2891 A:
682 2869 873 2897 geometrici.

1404 2914 1423 2926 ἐδ-

1383 2923 1419 2944 2..
