<?xml version="1.0" encoding="UTF-8"?>
<!DOCTYPE html PUBLIC "-//W3C//DTD XHTML 1.0 Transitional//EN"
    "http://www.w3.org/TR/xhtml1/DTD/xhtml1-transitional.dtd">
<html xmlns="http://www.w3.org/1999/xhtml" xml:lang="en" lang="en">
 <head>
  <title>
</title>
<meta http-equiv="Content-Type" content="text/html;charset=utf-8" />
  <meta name='ocr-system' content='tesseract 3.04.00' />
  <meta name='ocr-capabilities' content='ocr_page ocr_carea ocr_par ocr_line ocrx_word'/>
</head>
<body>
  <div class='ocr_page' id='page_1' title='image "./iohanniswyclifse0701wycl_0169.png"; bbox 0 0 2017 3353; ppageno 0'>
   <div class='ocr_carea' id='block_1_1' title="bbox 219 254 1821 311">
    <p class='ocr_par' dir='ltr' id='par_1_1' title="bbox 219 254 1821 311">
     <span class='ocr_line' id='line_1_1' title="bbox 219 254 1821 311; baseline 0.002 -16"><span class='ocrx_word' id='word_1_1' title='bbox 219 266 355 295; x_wconf 56' lang='lat' dir='ltr'>semro</span> <span class='ocrx_word' id='word_1_2' title='bbox 377 254 487 311; x_wconf 64' lang='lat' dir='ltr'>xva]</span> <span class='ocrx_word' id='word_1_3' title='bbox 726 265 865 296; x_wconf 54' lang='lat' dir='ltr'>vanu».</span> <span class='ocrx_word' id='word_1_4' title='bbox 892 265 1021 297; x_wconf 64' lang='lat' dir='ltr'><strong>PARS.</strong></span> <span class='ocrx_word' id='word_1_5' title='bbox 1750 269 1756 291; x_wconf 87' lang='lat'>1</span> <span class='ocrx_word' id='word_1_6' title='bbox 1778 269 1821 291; x_wconf 55' lang='lat'>1*</span> 
     </span>
    </p>
   </div>
   <div class='ocr_carea' id='block_1_2' title="bbox 115 371 1825 2451">
    <p class='ocr_par' dir='ltr' id='par_1_2' title="bbox 115 371 1825 2451">
     <span class='ocr_line' id='line_1_2' title="bbox 216 371 1533 424; baseline -0.004 -13"><span class='ocrx_word' id='word_1_7' title='bbox 216 373 431 424; x_wconf 75' lang='lat' dir='ltr'>gustaverit</span> <span class='ocrx_word' id='word_1_8' title='bbox 465 382 715 409; x_wconf 81' lang='lat' dir='ltr'>terrenorum</span> <span class='ocrx_word' id='word_1_9' title='bbox 750 373 950 407; x_wconf 88' lang='lat' dir='ltr'>bonorum</span> <span class='ocrx_word' id='word_1_10' title='bbox 991 372 1039 407; x_wconf 87' lang='lat' dir='ltr'>de</span> <span class='ocrx_word' id='word_1_11' title='bbox 1078 378 1210 407; x_wconf 87' lang='lat' dir='ltr'>cetero</span> <span class='ocrx_word' id='word_1_12' title='bbox 1246 383 1327 406; x_wconf 92' lang='lat' dir='ltr'>non</span> <span class='ocrx_word' id='word_1_13' title='bbox 1364 371 1533 406; x_wconf 88' lang='lat' dir='ltr'>multum</span> 
     </span>
     <span class='ocr_line' id='line_1_3' title="bbox 217 428 1534 480; baseline -0.005 -11"><span class='ocrx_word' id='word_1_14' title='bbox 217 432 335 470; x_wconf 84' lang='lat' dir='ltr'>sentit</span> <span class='ocrx_word' id='word_1_15' title='bbox 368 443 567 480; x_wconf 86' lang='lat' dir='ltr'>saporem.</span> <span class='ocrx_word' id='word_1_16' title='bbox 619 429 716 475; x_wconf 88' lang='lat' dir='ltr'>Quis</span> <span class='ocrx_word' id='word_1_17' title='bbox 756 429 859 465; x_wconf 88' lang='lat' dir='ltr'>enim</span> <span class='ocrx_word' id='word_1_18' title='bbox 900 441 982 465; x_wconf 86' lang='lat' dir='ltr'>non</span> <span class='ocrx_word' id='word_1_19' title='bbox 1021 428 1218 464; x_wconf 81' lang='lat' dir='ltr'><strong>desideret</strong></span> <span class='ocrx_word' id='word_1_20' title='bbox 1252 428 1382 476; x_wconf 89' lang='lat' dir='ltr'>ipsum</span> <span class='ocrx_word' id='word_1_21' title='bbox 1417 441 1534 476; x_wconf 79' lang='lat' dir='ltr'>quem</span> 
     </span>
     <span class='ocr_line' id='line_1_4' title="bbox 219 485 1537 534; baseline -0.005 -7"><span class='ocrx_word' id='word_1_22' title='bbox 219 492 348 527; x_wconf 81' lang='lat' dir='ltr'>adhuc</span> <span class='ocrx_word' id='word_1_23' title='bbox 395 489 476 526; x_wconf 89' lang='lat' dir='ltr'>ceci</span> <span class='ocrx_word' id='word_1_24' title='bbox 518 488 594 524; x_wconf 80' lang='lat' dir='ltr'>fide</span> <span class='ocrx_word' id='word_1_25' title='bbox 626 487 808 524; x_wconf 71' lang='lat' dir='ltr'>viderant</span> <span class='ocrx_word' id='word_1_26' title='bbox 848 495 884 523; x_wconf 90' lang='lat' dir='ltr'>et</span> <span class='ocrx_word' id='word_1_27' title='bbox 923 487 1158 534; x_wconf 71' lang='lat' dir='ltr'>gustarunt?</span> <span class='ocrx_word' id='word_1_28' title='bbox 1204 488 1289 534; x_wconf 89' lang='lat' dir='ltr'>Ipse</span> <span class='ocrx_word' id='word_1_29' title='bbox 1335 485 1438 522; x_wconf 87' lang='lat' dir='ltr'>enirn</span> <span class='ocrx_word' id='word_1_30' title='bbox 1481 496 1537 522; x_wconf 80' lang='lat' dir='ltr'>est</span> 
     </span>
     <span class='ocr_line' id='line_1_5' title="bbox 213 543 1537 599; baseline -0.003 -15"><span class='ocrx_word' id='word_1_31' title='bbox 213 548 408 599; x_wconf 76' lang='lat' dir='ltr'>plantacio</span> <span class='ocrx_word' id='word_1_32' title='bbox 433 559 519 583; x_wconf 70' lang='lat' dir='ltr'>rose</span> <span class='ocrx_word' id='word_1_33' title='bbox 541 547 577 582; x_wconf 83' lang='lat' dir='ltr'>in</span> <span class='ocrx_word' id='word_1_34' title='bbox 598 546 752 582; x_wconf 80' lang='lat' dir='ltr'>Jericlzo</span> <span class='ocrx_word' id='word_1_35' title='bbox 776 545 881 581; x_wconf 80' lang='lat' dir='ltr'>Eccl.</span> <span class='ocrx_word' id='word_1_36' title='bbox 898 546 1031 585; x_wconf 80' lang='lat' dir='ltr'>XXIV,</span> <span class='ocrx_word' id='word_1_37' title='bbox 1057 545 1101 580; x_wconf 85' lang='lat'>18</span> <span class='ocrx_word' id='word_1_38' title='bbox 1127 543 1350 580; x_wconf 81' lang='lat' dir='ltr'>sanctitatis</span> <span class='ocrx_word' id='word_1_39' title='bbox 1374 543 1537 580; x_wconf 87' lang='lat' dir='ltr'>rusticia</span> 
     </span>
     <span class='ocr_line' id='line_1_6' title="bbox 185 602 1535 653; baseline -0.004 -10"><span class='ocrx_word' id='word_1_40' title='bbox 185 606 389 644; x_wconf 63' lang='lat' dir='ltr'>§candida</span> <span class='ocrx_word' id='word_1_41' title='bbox 423 614 459 642; x_wconf 86' lang='lat' dir='ltr'>et</span> <span class='ocrx_word' id='word_1_42' title='bbox 492 603 688 653; x_wconf 72' lang='lat' dir='ltr'>passionis</span> <span class='ocrx_word' id='word_1_43' title='bbox 722 602 912 651; x_wconf 85' lang='lat' dir='ltr'>sanguine</span> <span class='ocrx_word' id='word_1_44' title='bbox 945 602 1168 638; x_wconf 88' lang='lat' dir='ltr'>rubicunda</span> <span class='ocrx_word' id='word_1_45' title='bbox 1201 614 1277 650; x_wconf 90' lang='lat' dir='ltr'>que</span> <span class='ocrx_word' id='word_1_46' title='bbox 1320 610 1535 650; x_wconf 76' lang='lat' dir='ltr'>antequam</span> 
     </span>
     <span class='ocr_line' id='line_1_7' title="bbox 218 659 1537 713; baseline -0.005 -12"><span class='ocrx_word' id='word_1_47' title='bbox 218 663 454 713; x_wconf 81' lang='lat' dir='ltr'>inspiciatur</span> <span class='ocrx_word' id='word_1_48' title='bbox 476 663 682 699; x_wconf 83' lang='lat' dir='ltr'>odoratur.</span> <span class='ocrx_word' id='word_1_49' title='bbox 709 662 786 697; x_wconf 72' lang='lat' dir='ltr'>Sed</span> <span class='ocrx_word' id='word_1_50' title='bbox 807 661 872 710; x_wconf 83' lang='lat' dir='ltr'>qui</span> <span class='ocrx_word' id='word_1_51' title='bbox 886 661 1080 710; x_wconf 81' lang='lat' dir='ltr'>preibant,</span> <span class='ocrx_word' id='word_1_52' title='bbox 1103 659 1282 696; x_wconf 86' lang='lat' dir='ltr'>frustrati</span> <span class='ocrx_word' id='word_1_53' title='bbox 1306 673 1328 697; x_wconf 90' lang='lat' dir='ltr'>a</span> <span class='ocrx_word' id='word_1_54' title='bbox 1355 660 1537 696; x_wconf 87' lang='lat' dir='ltr'>doctrina</span> 
     </span>
     <span class='ocr_line' id='line_1_8' title="bbox 218 713 1825 776; baseline -0.004 -17"><span class='ocrx_word' id='word_1_55' title='bbox 218 721 379 767; x_wconf 79' lang='lat' dir='ltr'>Christi,</span> <span class='ocrx_word' id='word_1_56' title='bbox 413 730 455 757; x_wconf 93' lang='lat' dir='ltr'>ut</span> <span class='ocrx_word' id='word_1_57' title='bbox 489 720 543 757; x_wconf 89' lang='lat' dir='ltr'>eis</span> <span class='ocrx_word' id='word_1_58' title='bbox 576 718 764 768; x_wconf 85' lang='lat' dir='ltr'>apparuit</span> <span class='ocrx_word' id='word_1_59' title='bbox 797 731 841 755; x_wconf 86' lang='lat' dir='ltr'>ex</span> <span class='ocrx_word' id='word_1_60' title='bbox 873 717 954 755; x_wconf 88' lang='lat' dir='ltr'>ceci</span> <span class='ocrx_word' id='word_1_61' title='bbox 983 719 1172 763; x_wconf 71' lang='lat' dir='ltr'>clamore,</span> <span class='ocrx_word' id='word_1_62' title='bbox 1206 718 1329 768; x_wconf 81' lang='lat' dir='ltr'>ipsum</span> <span class='ocrx_word' id='word_1_63' title='bbox 1363 718 1537 767; x_wconf 74' lang='lat' dir='ltr'>increpa-</span> <span class='ocrx_word' id='word_1_64' title='bbox 1552 713 1825 776; x_wconf 26' lang='lat' dir='ltr'>Tl¹g⁶lf¹sik¹h=³tsnt³l3¹¹¹</span> 
     </span>
     <span class='ocr_line' id='line_1_9' title="bbox 115 757 1814 840; baseline -0.004 -23"><span class='ocrx_word' id='word_1_65' title='bbox 115 809 176 840; x_wconf 52' lang='lat' dir='ltr'>FO!</span> <span class='ocrx_word' id='word_1_66' title='bbox 221 788 354 817; x_wconf 73' lang='lat' dir='ltr'>verant</span> <span class='ocrx_word' id='word_1_67' title='bbox 386 787 426 815; x_wconf 85' lang='lat' dir='ltr'>ut</span> <span class='ocrx_word' id='word_1_68' title='bbox 458 786 613 815; x_wconf 83' lang='lat' dir='ltr'>taceret.</span> <span class='ocrx_word' id='word_1_69' title='bbox 663 778 748 827; x_wconf 79' lang='lat' dir='ltr'>Ipse</span> <span class='ocrx_word' id='word_1_70' title='bbox 784 784 909 812; x_wconf 81' lang='lat' dir='ltr'>autem</span> <span class='ocrx_word' id='word_1_71' title='bbox 949 777 1038 824; x_wconf 89' lang='lat' dir='ltr'>plus</span> <span class='ocrx_word' id='word_1_72' title='bbox 1077 776 1277 812; x_wconf 87' lang='lat' dir='ltr'>animatus</span> <span class='ocrx_word' id='word_1_73' title='bbox 1319 788 1361 812; x_wconf 83' lang='lat' dir='ltr'>ex</span> <span class='ocrx_word' id='word_1_74' title='bbox 1400 776 1535 812; x_wconf 82' lang='lat' dir='ltr'>odoris</span> <span class='ocrx_word' id='word_1_75' title='bbox 1606 757 1765 810; x_wconf 47' lang='lat' dir='ltr'>pGe‘ntiles.</span> <span class='ocrx_word' id='word_1_76' title='bbox 1801 761 1814 776; x_wconf 30' lang='lat' dir='ltr'>k</span> 
     </span>
     <span class='ocr_line' id='line_1_10' title="bbox 118 832 1538 895; baseline -0.004 -19"><span class='ocrx_word' id='word_1_77' title='bbox 118 832 194 895; x_wconf 41' lang='lat'>,541¹</span> <span class='ocrx_word' id='word_1_78' title='bbox 219 837 443 886; x_wconf 75' lang='lat' dir='ltr'>fragrancia</span> <span class='ocrx_word' id='word_1_79' title='bbox 471 832 477 890; x_wconf 77' lang='grc' dir='ltr'>Ι</span> <span class='ocrx_word' id='word_1_80' title='bbox 505 836 697 872; x_wconf 73' lang='lat' dir='ltr'>clamabat</span> <span class='ocrx_word' id='word_1_81' title='bbox 742 835 910 871; x_wconf 71' lang='lat' dir='ltr'>validius</span> <span class='ocrx_word' id='word_1_82' title='bbox 952 834 991 871; x_wconf 92' lang='lat' dir='ltr'>id</span> <span class='ocrx_word' id='word_1_83' title='bbox 1037 835 1145 882; x_wconf 91' lang='lat' dir='ltr'>quod</span> <span class='ocrx_word' id='word_1_84' title='bbox 1186 833 1308 882; x_wconf 86' lang='lat' dir='ltr'>prius.</span> <span class='ocrx_word' id='word_1_85' title='bbox 1358 834 1538 870; x_wconf 81' lang='lat' dir='ltr'>Credidit</span> 
     </span>
     <span class='ocr_line' id='line_1_11' title="bbox 165 892 1537 944; baseline -0.004 -12"><span class='ocrx_word' id='word_1_86' title='bbox 165 912 202 932; x_wconf 84' lang='lat'>10</span> <span class='ocrx_word' id='word_1_87' title='bbox 220 896 324 933; x_wconf 88' lang='lat' dir='ltr'>enim</span> <span class='ocrx_word' id='word_1_88' title='bbox 358 895 489 944; x_wconf 86' lang='lat' dir='ltr'>ipsum</span> <span class='ocrx_word' id='word_1_89' title='bbox 524 907 606 931; x_wconf 85' lang='lat' dir='ltr'>esse</span> <span class='ocrx_word' id='word_1_90' title='bbox 632 906 769 930; x_wconf 77' lang='lat' dir='ltr'>verum</span> <span class='ocrx_word' id='word_1_91' title='bbox 804 892 989 929; x_wconf 73' lang='lat' dir='ltr'>Messian]</span> <span class='ocrx_word' id='word_1_92' title='bbox 1023 901 1234 928; x_wconf 76' lang='lat' dir='ltr'>venturum</span> <span class='ocrx_word' id='word_1_93' title='bbox 1269 892 1307 928; x_wconf 90' lang='lat' dir='ltr'>in</span> <span class='ocrx_word' id='word_1_94' title='bbox 1342 893 1537 928; x_wconf 89' lang='lat' dir='ltr'>mundum</span> 
     </span>
     <span class='ocr_line' id='line_1_12' title="bbox 219 950 1537 998; baseline -0.004 -7"><span class='ocrx_word' id='word_1_95' title='bbox 219 955 365 991; x_wconf 88' lang='lat' dir='ltr'>nedum</span> <span class='ocrx_word' id='word_1_96' title='bbox 399 954 449 989; x_wconf 88' lang='lat' dir='ltr'>ad</span> <span class='ocrx_word' id='word_1_97' title='bbox 482 953 717 989; x_wconf 74' lang='lat' dir='ltr'>salvandum</span> <span class='ocrx_word' id='word_1_98' title='bbox 750 952 897 987; x_wconf 92' lang='lat' dir='ltr'>Judeos</span> <span class='ocrx_word' id='word_1_99' title='bbox 930 951 997 986; x_wconf 90' lang='lat' dir='ltr'>sed</span> <span class='ocrx_word' id='word_1_100' title='bbox 1031 958 1179 998; x_wconf 87' lang='lat' dir='ltr'>gentes.</span> <span class='ocrx_word' id='word_1_101' title='bbox 1214 952 1263 986; x_wconf 83' lang='lat' dir='ltr'>Et</span> <span class='ocrx_word' id='word_1_102' title='bbox 1296 963 1386 986; x_wconf 88' lang='lat' dir='ltr'>cum</span> <span class='ocrx_word' id='word_1_103' title='bbox 1411 950 1537 986; x_wconf 78' lang='lat' dir='ltr'>David</span> 
     </span>
     <span class='ocr_line' id='line_1_13' title="bbox 219 1007 1537 1059; baseline -0.004 -10"><span class='ocrx_word' id='word_1_104' title='bbox 219 1025 282 1049; x_wconf 83' lang='lat' dir='ltr'>rex</span> <span class='ocrx_word' id='word_1_105' title='bbox 317 1012 491 1059; x_wconf 82' lang='lat' dir='ltr'>figurans</span> <span class='ocrx_word' id='word_1_106' title='bbox 526 1009 729 1047; x_wconf 82' lang='lat' dir='ltr'>Christum</span> <span class='ocrx_word' id='word_1_107' title='bbox 763 1009 813 1045; x_wconf 90' lang='lat' dir='ltr'>sit</span> <span class='ocrx_word' id='word_1_108' title='bbox 845 1010 968 1045; x_wconf 90' lang='lat' dir='ltr'>homo</span> <span class='ocrx_word' id='word_1_109' title='bbox 1003 1007 1237 1044; x_wconf 87' lang='lat' dir='ltr'>mitissimus</span> <span class='ocrx_word' id='word_1_110' title='bbox 1271 1021 1316 1045; x_wconf 89' lang='lat' dir='ltr'>ac</span> <span class='ocrx_word' id='word_1_111' title='bbox 1351 1008 1391 1044; x_wconf 91' lang='lat' dir='ltr'>in</span> <span class='ocrx_word' id='word_1_112' title='bbox 1415 1008 1537 1044; x_wconf 85' lang='lat' dir='ltr'>armis</span> 
     </span>
     <span class='ocr_line' id='line_1_14' title="bbox 218 1066 1536 1119; baseline -0.003 -13"><span class='ocrx_word' id='word_1_113' title='bbox 218 1069 426 1119; x_wconf 87' lang='lat' dir='ltr'>potestatis</span> <span class='ocrx_word' id='word_1_114' title='bbox 451 1068 592 1116; x_wconf 89' lang='lat' dir='ltr'>regalis</span> <span class='ocrx_word' id='word_1_115' title='bbox 616 1067 896 1108; x_wconf 66' lang='lat' dir='ltr'>validissimus,</span> <span class='ocrx_word' id='word_1_116' title='bbox 930 1075 1046 1103; x_wconf 78' lang='lat' dir='ltr'>vocat</span> <span class='ocrx_word' id='word_1_117' title='bbox 1070 1079 1159 1102; x_wconf 85' lang='lat' dir='ltr'>eum</span> <span class='ocrx_word' id='word_1_118' title='bbox 1184 1066 1387 1114; x_wconf 78' lang='lat' dir='ltr'>signanter</span> <span class='ocrx_word' id='word_1_119' title='bbox 1411 1066 1536 1102; x_wconf 82' lang='lat' dir='ltr'>filium</span> 
     </span>
     <span class='ocr_line' id='line_1_15' title="bbox 218 1124 1539 1172; baseline -0.004 -7"><span class='ocrx_word' id='word_1_120' title='bbox 218 1128 358 1165; x_wconf 73' lang='lat' dir='ltr'>David.</span> <span class='ocrx_word' id='word_1_121' title='bbox 394 1126 468 1164; x_wconf 89' lang='lat' dir='ltr'>Cui</span> <span class='ocrx_word' id='word_1_122' title='bbox 491 1125 768 1163; x_wconf 86' lang='lat' dir='ltr'>nominacioni</span> <span class='ocrx_word' id='word_1_123' title='bbox 792 1124 972 1161; x_wconf 86' lang='lat' dir='ltr'>Christus</span> <span class='ocrx_word' id='word_1_124' title='bbox 1001 1137 1073 1161; x_wconf 89' lang='lat' dir='ltr'>nec</span> <span class='ocrx_word' id='word_1_125' title='bbox 1106 1137 1284 1161; x_wconf 88' lang='lat' dir='ltr'>annuens</span> <span class='ocrx_word' id='word_1_126' title='bbox 1318 1137 1399 1161; x_wconf 88' lang='lat' dir='ltr'>non</span> <span class='ocrx_word' id='word_1_127' title='bbox 1423 1133 1539 1172; x_wconf 87' lang='lat' dir='ltr'>negat</span> 
     </span>
     <span class='ocr_line' id='line_1_16' title="bbox 166 1182 1539 1232; baseline -0.004 -9"><span class='ocrx_word' id='word_1_128' title='bbox 166 1190 201 1223; x_wconf 80' lang='lat'>¹5</span> <span class='ocrx_word' id='word_1_129' title='bbox 218 1185 487 1223; x_wconf 86' lang='lat' dir='ltr'>communiter</span> <span class='ocrx_word' id='word_1_130' title='bbox 526 1183 676 1232; x_wconf 87' lang='lat' dir='ltr'>petenti</span> <span class='ocrx_word' id='word_1_131' title='bbox 710 1183 958 1231; x_wconf 86' lang='lat' dir='ltr'>suffragium,</span> <span class='ocrx_word' id='word_1_132' title='bbox 1006 1195 1094 1219; x_wconf 88' lang='lat' dir='ltr'>curn</span> <span class='ocrx_word' id='word_1_133' title='bbox 1135 1182 1260 1218; x_wconf 86' lang='lat' dir='ltr'>instar</span> <span class='ocrx_word' id='word_1_134' title='bbox 1301 1182 1427 1219; x_wconf 71' lang='lat' dir='ltr'>David</span> <span class='ocrx_word' id='word_1_135' title='bbox 1467 1182 1539 1218; x_wconf 88' lang='lat' dir='ltr'>fuit</span> 
     </span>
     <span class='ocr_line' id='line_1_17' title="bbox 217 1240 1538 1292; baseline -0.004 -11"><span class='ocrx_word' id='word_1_136' title='bbox 217 1244 335 1281; x_wconf 92' lang='lat' dir='ltr'>simul</span> <span class='ocrx_word' id='word_1_137' title='bbox 358 1242 659 1292; x_wconf 90' lang='lat' dir='ltr'>potentissimus</span> <span class='ocrx_word' id='word_1_138' title='bbox 693 1254 738 1278; x_wconf 94' lang='lat' dir='ltr'>ac</span> <span class='ocrx_word' id='word_1_139' title='bbox 771 1240 1182 1277; x_wconf 66' lang='lat' dir='ltr'>misericordissimus</span> <span class='ocrx_word' id='word_1_140' title='bbox 1217 1242 1265 1276; x_wconf 88' lang='lat' dir='ltr'>Et</span> <span class='ocrx_word' id='word_1_141' title='bbox 1298 1249 1407 1288; x_wconf 88' lang='lat' dir='ltr'>patet</span> <span class='ocrx_word' id='word_1_142' title='bbox 1431 1242 1538 1289; x_wconf 89' lang='lat' dir='ltr'>quod</span> 
     </span>
     <span class='ocr_line' id='line_1_18' title="bbox 219 1298 1541 1347; baseline -0.004 -8"><span class='ocrx_word' id='word_1_143' title='bbox 219 1302 399 1340; x_wconf 85' lang='lat' dir='ltr'>Christus</span> <span class='ocrx_word' id='word_1_144' title='bbox 438 1301 549 1336; x_wconf 80' lang='lat' dir='ltr'>habet</span> <span class='ocrx_word' id='word_1_145' title='bbox 587 1300 709 1336; x_wconf 80' lang='lat' dir='ltr'>cibum</span> <span class='ocrx_word' id='word_1_146' title='bbox 748 1299 984 1335; x_wconf 77' lang='lat' dir='ltr'>manducare</span> <span class='ocrx_word' id='word_1_147' title='bbox 1023 1300 1069 1335; x_wconf 91' lang='lat' dir='ltr'>de</span> <span class='ocrx_word' id='word_1_148' title='bbox 1103 1298 1287 1347; x_wconf 90' lang='lat' dir='ltr'>gentibus</span> <span class='ocrx_word' id='word_1_149' title='bbox 1320 1311 1427 1347; x_wconf 79' lang='lat' dir='ltr'>quem</span> <span class='ocrx_word' id='word_1_150' title='bbox 1462 1299 1541 1334; x_wconf 72' lang='lat' dir='ltr'>eius</span> 
     </span>
     <span class='ocr_line' id='line_1_19' title="bbox 218 1357 1540 1410; baseline -0.004 -13"><span class='ocrx_word' id='word_1_151' title='bbox 218 1360 385 1410; x_wconf 77' lang='lat' dir='ltr'>apostoli</span> <span class='ocrx_word' id='word_1_152' title='bbox 420 1371 491 1395; x_wconf 82' lang='lat' dir='ltr'>non</span> <span class='ocrx_word' id='word_1_153' title='bbox 534 1365 732 1394; x_wconf 79' lang='lat' dir='ltr'>noverunt.</span> <span class='ocrx_word' id='word_1_154' title='bbox 780 1358 872 1393; x_wconf 88' lang='lat' dir='ltr'>Ideo</span> <span class='ocrx_word' id='word_1_155' title='bbox 905 1358 1167 1405; x_wconf 81' lang='lat' dir='ltr'>supersedens</span> <span class='ocrx_word' id='word_1_156' title='bbox 1206 1358 1256 1393; x_wconf 87' lang='lat' dir='ltr'>ad</span> <span class='ocrx_word' id='word_1_157' title='bbox 1295 1365 1453 1405; x_wconf 89' lang='lat' dir='ltr'>tempus</span> <span class='ocrx_word' id='word_1_158' title='bbox 1493 1357 1540 1392; x_wconf 88' lang='lat' dir='ltr'>de</span> 
     </span>
     <span class='ocr_line' id='line_1_20' title="bbox 220 1414 1540 1467; baseline -0.004 -12"><span class='ocrx_word' id='word_1_159' title='bbox 220 1418 496 1467; x_wconf 86' lang='lat' dir='ltr'>apostolorum</span> <span class='ocrx_word' id='word_1_160' title='bbox 542 1415 811 1452; x_wconf 89' lang='lat' dir='ltr'>instruccione</span> <span class='ocrx_word' id='word_1_161' title='bbox 856 1417 962 1463; x_wconf 88' lang='lat' dir='ltr'>quod</span> <span class='ocrx_word' id='word_1_162' title='bbox 1003 1414 1075 1451; x_wconf 89' lang='lat' dir='ltr'>fuit</span> <span class='ocrx_word' id='word_1_163' title='bbox 1115 1414 1197 1451; x_wconf 89' lang='lat' dir='ltr'>eius</span> <span class='ocrx_word' id='word_1_164' title='bbox 1242 1414 1381 1455; x_wconf 70' lang='lat' dir='ltr'>stacio,</span> <span class='ocrx_word' id='word_1_165' title='bbox 1427 1414 1540 1450; x_wconf 90' lang='lat' dir='ltr'>iussit</span> 
     </span>
     <span class='ocr_line' id='line_1_21' title="bbox 163 1472 1541 1522; baseline -0.004 -9"><span class='ocrx_word' id='word_1_166' title='bbox 163 1492 203 1513; x_wconf 88' lang='lat'>20</span> <span class='ocrx_word' id='word_1_167' title='bbox 222 1475 414 1513; x_wconf 88' lang='lat' dir='ltr'>ministris</span> <span class='ocrx_word' id='word_1_168' title='bbox 452 1474 532 1511; x_wconf 89' lang='lat' dir='ltr'>suis</span> <span class='ocrx_word' id='word_1_169' title='bbox 570 1483 612 1510; x_wconf 92' lang='lat' dir='ltr'>ut</span> <span class='ocrx_word' id='word_1_170' title='bbox 646 1473 794 1521; x_wconf 81' lang='lat' dir='ltr'>angelis</span> <span class='ocrx_word' id='word_1_171' title='bbox 828 1482 947 1522; x_wconf 88' lang='lat' dir='ltr'>atque</span> <span class='ocrx_word' id='word_1_172' title='bbox 981 1472 1211 1509; x_wconf 88' lang='lat' dir='ltr'>hominibus</span> <span class='ocrx_word' id='word_1_173' title='bbox 1244 1481 1281 1509; x_wconf 87' lang='lat' dir='ltr'>et</span> <span class='ocrx_word' id='word_1_174' title='bbox 1314 1472 1541 1520; x_wconf 86' lang='lat' dir='ltr'>specialiter</span> 
     </span>
     <span class='ocr_line' id='line_1_22' title="bbox 220 1530 1541 1579; baseline -0.004 -8"><span class='ocrx_word' id='word_1_175' title='bbox 220 1543 359 1571; x_wconf 83' lang='lat' dir='ltr'>sancto</span> <span class='ocrx_word' id='word_1_176' title='bbox 392 1533 516 1570; x_wconf 85' lang='lat' dir='ltr'>Paulo</span> <span class='ocrx_word' id='word_1_177' title='bbox 551 1533 749 1569; x_wconf 83' lang='lat' dir='ltr'>adducere</span> <span class='ocrx_word' id='word_1_178' title='bbox 781 1530 855 1567; x_wconf 84' lang='lat' dir='ltr'>sibi</span> <span class='ocrx_word' id='word_1_179' title='bbox 888 1540 1023 1579; x_wconf 81' lang='lat' dir='ltr'>gentes</span> <span class='ocrx_word' id='word_1_180' title='bbox 1057 1544 1102 1567; x_wconf 90' lang='lat' dir='ltr'>ac</span> <span class='ocrx_word' id='word_1_181' title='bbox 1132 1531 1288 1567; x_wconf 86' lang='lat' dir='ltr'>interna</span> <span class='ocrx_word' id='word_1_182' title='bbox 1313 1530 1541 1567; x_wconf 86' lang='lat' dir='ltr'>considera-</span> 
     </span>
     <span class='ocr_line' id='line_1_23' title="bbox 221 1589 1540 1638; baseline -0.004 -9"><span class='ocrx_word' id='word_1_183' title='bbox 221 1592 335 1629; x_wconf 85' lang='lat' dir='ltr'>cione</span> <span class='ocrx_word' id='word_1_184' title='bbox 360 1603 522 1627; x_wconf 77' lang='lat' dir='ltr'>movens</span> <span class='ocrx_word' id='word_1_185' title='bbox 547 1590 653 1638; x_wconf 88' lang='lat' dir='ltr'>ipsas</span> <span class='ocrx_word' id='word_1_186' title='bbox 686 1590 777 1638; x_wconf 79' lang='lat' dir='ltr'>quid</span> <span class='ocrx_word' id='word_1_187' title='bbox 811 1590 949 1625; x_wconf 69' lang='lat' dir='ltr'>vellent</span> <span class='ocrx_word' id='word_1_188' title='bbox 981 1590 1082 1638; x_wconf 79' lang='lat' dir='ltr'>quod</span> <span class='ocrx_word' id='word_1_189' title='bbox 1108 1590 1223 1638; x_wconf 79' lang='lat' dir='ltr'>prius</span> <span class='ocrx_word' id='word_1_190' title='bbox 1255 1589 1347 1638; x_wconf 78' lang='lat' dir='ltr'>ipsis</span> <span class='ocrx_word' id='word_1_191' title='bbox 1369 1590 1540 1638; x_wconf 78' lang='lat' dir='ltr'>faceret,</span> 
     </span>
     <span class='ocr_line' id='line_1_24' title="bbox 221 1646 1537 1700; baseline -0.003 -14"><span class='ocrx_word' id='word_1_192' title='bbox 221 1650 524 1700; x_wconf 74' lang='lat' dir='ltr'>responderunt:</span> <span class='ocrx_word' id='word_1_193' title='bbox 555 1648 721 1684; x_wconf 83' lang='lat' dir='ltr'>Domine</span> <span class='ocrx_word' id='word_1_194' title='bbox 754 1655 793 1683; x_wconf 86' lang='lat' dir='ltr'>ut</span> <span class='ocrx_word' id='word_1_195' title='bbox 812 1648 992 1697; x_wconf 77' lang='lat' dir='ltr'>fideliter</span> <span class='ocrx_word' id='word_1_196' title='bbox 1026 1648 1234 1683; x_wconf 72' lang='lat' dir='ltr'>videamus.</span> <span class='ocrx_word' id='word_1_197' title='bbox 1290 1646 1400 1683; x_wconf 84' lang='lat' dir='ltr'>Sicut</span> <span class='ocrx_word' id='word_1_198' title='bbox 1433 1646 1537 1682; x_wconf 87' lang='lat' dir='ltr'>enim</span> 
     </span>
     <span class='ocr_line' id='line_1_25' title="bbox 220 1704 1538 1754; baseline -0.004 -9"><span class='ocrx_word' id='word_1_199' title='bbox 220 1709 445 1745; x_wconf 90' lang='lat' dir='ltr'>intellectus</span> <span class='ocrx_word' id='word_1_200' title='bbox 479 1715 536 1743; x_wconf 89' lang='lat' dir='ltr'>est</span> <span class='ocrx_word' id='word_1_201' title='bbox 568 1705 679 1754; x_wconf 89' lang='lat' dir='ltr'>prior</span> <span class='ocrx_word' id='word_1_202' title='bbox 712 1705 856 1742; x_wconf 88' lang='lat' dir='ltr'>affectu</span> <span class='ocrx_word' id='word_1_203' title='bbox 895 1705 1025 1753; x_wconf 88' lang='lat' dir='ltr'>ipsum</span> <span class='ocrx_word' id='word_1_204' title='bbox 1068 1705 1240 1753; x_wconf 85' lang='lat' dir='ltr'>dirigens</span> <span class='ocrx_word' id='word_1_205' title='bbox 1283 1705 1323 1741; x_wconf 90' lang='lat' dir='ltr'>in</span> <span class='ocrx_word' id='word_1_206' title='bbox 1354 1704 1538 1753; x_wconf 83' lang='lat' dir='ltr'>petitum,</span> 
     </span>
     <span class='ocr_line' id='line_1_26' title="bbox 165 1761 1539 1805; baseline -0.004 -1"><span class='ocrx_word' id='word_1_207' title='bbox 165 1773 203 1805; x_wconf 78' lang='lat'>25</span> <span class='ocrx_word' id='word_1_208' title='bbox 220 1766 275 1803; x_wconf 90' lang='lat' dir='ltr'>sic</span> <span class='ocrx_word' id='word_1_209' title='bbox 322 1766 419 1802; x_wconf 89' lang='lat' dir='ltr'>fides</span> <span class='ocrx_word' id='word_1_210' title='bbox 464 1764 567 1801; x_wconf 88' lang='lat' dir='ltr'>inter</span> <span class='ocrx_word' id='word_1_211' title='bbox 611 1776 749 1800; x_wconf 91' lang='lat' dir='ltr'>omnes</span> <span class='ocrx_word' id='word_1_212' title='bbox 794 1763 958 1799; x_wconf 70' lang='lat' dir='ltr'>virtutes</span> <span class='ocrx_word' id='word_1_213' title='bbox 1007 1772 1062 1799; x_wconf 91' lang='lat' dir='ltr'>est</span> <span class='ocrx_word' id='word_1_214' title='bbox 1111 1763 1263 1800; x_wconf 88' lang='lat' dir='ltr'>cunctis</span> <span class='ocrx_word' id='word_1_215' title='bbox 1311 1761 1539 1799; x_wconf 86' lang='lat' dir='ltr'>substancia</span> 
     </span>
     <span class='ocr_line' id='line_1_27' title="bbox 220 1820 1539 1869; baseline -0.004 -9"><span class='ocrx_word' id='word_1_216' title='bbox 220 1823 444 1861; x_wconf 87' lang='lat' dir='ltr'>subiectum</span> <span class='ocrx_word' id='word_1_217' title='bbox 478 1821 709 1858; x_wconf 84' lang='lat' dir='ltr'>illuminans</span> <span class='ocrx_word' id='word_1_218' title='bbox 742 1822 791 1858; x_wconf 86' lang='lat' dir='ltr'>ad</span> <span class='ocrx_word' id='word_1_219' title='bbox 824 1820 1047 1857; x_wconf 69' lang='lat' dir='ltr'>virtualiter</span> <span class='ocrx_word' id='word_1_220' title='bbox 1080 1822 1395 1869; x_wconf 86' lang='lat' dir='ltr'>procedendum.</span> <span class='ocrx_word' id='word_1_221' title='bbox 1451 1821 1539 1856; x_wconf 71' lang='lat' dir='ltr'>Ideo</span> 
     </span>
     <span class='ocr_line' id='line_1_28' title="bbox 221 1878 1542 1930; baseline -0.005 -11"><span class='ocrx_word' id='word_1_222' title='bbox 221 1895 331 1919; x_wconf 82' lang='lat' dir='ltr'>cecus</span> <span class='ocrx_word' id='word_1_223' title='bbox 362 1890 452 1930; x_wconf 87' lang='lat' dir='ltr'>post</span> <span class='ocrx_word' id='word_1_224' title='bbox 486 1879 828 1916; x_wconf 86' lang='lat' dir='ltr'>illuminacionem</span> <span class='ocrx_word' id='word_1_225' title='bbox 865 1879 1068 1915; x_wconf 87' lang='lat' dir='ltr'>Christum</span> <span class='ocrx_word' id='word_1_226' title='bbox 1105 1888 1336 1915; x_wconf 86' lang='lat' dir='ltr'>constanter</span> <span class='ocrx_word' id='word_1_227' title='bbox 1368 1878 1542 1927; x_wconf 73' lang='lat' dir='ltr'>sequitur</span> 
     </span>
     <span class='ocr_line' id='line_1_29' title="bbox 220 1936 1538 1986; baseline -0.004 -10"><span class='ocrx_word' id='word_1_228' title='bbox 220 1942 346 1976; x_wconf 80' lang='lat' dir='ltr'>Deum</span> <span class='ocrx_word' id='word_1_229' title='bbox 371 1939 555 1983; x_wconf 77' lang='lat' dir='ltr'>laztdans;</span> <span class='ocrx_word' id='word_1_230' title='bbox 578 1939 685 1986; x_wconf 91' lang='lat' dir='ltr'>quod</span> <span class='ocrx_word' id='word_1_231' title='bbox 709 1946 817 1985; x_wconf 89' lang='lat' dir='ltr'>patet</span> <span class='ocrx_word' id='word_1_232' title='bbox 841 1937 1050 1985; x_wconf 85' lang='lat' dir='ltr'>impletum</span> <span class='ocrx_word' id='word_1_233' title='bbox 1076 1939 1125 1973; x_wconf 93' lang='lat' dir='ltr'>ad</span> <span class='ocrx_word' id='word_1_234' title='bbox 1144 1950 1302 1973; x_wconf 89' lang='lat' dir='ltr'>sensum</span> <span class='ocrx_word' id='word_1_235' title='bbox 1323 1936 1538 1976; x_wconf 76' lang='lat' dir='ltr'>misticum,</span> 
     </span>
     <span class='ocr_line' id='line_1_30' title="bbox 221 1994 1541 2047; baseline -0.005 -13"><span class='ocrx_word' id='word_1_236' title='bbox 221 2007 435 2047; x_wconf 83' lang='lat' dir='ltr'>postquam</span> <span class='ocrx_word' id='word_1_237' title='bbox 469 2005 604 2045; x_wconf 80' lang='lat' dir='ltr'>gentes</span> <span class='ocrx_word' id='word_1_238' title='bbox 638 1997 687 2032; x_wconf 91' lang='lat' dir='ltr'>ad</span> <span class='ocrx_word' id='word_1_239' title='bbox 723 1995 941 2031; x_wconf 87' lang='lat' dir='ltr'>Dominum</span> <span class='ocrx_word' id='word_1_240' title='bbox 976 2004 1067 2031; x_wconf 88' lang='lat' dir='ltr'>sunt</span> <span class='ocrx_word' id='word_1_241' title='bbox 1101 2007 1303 2031; x_wconf 83' lang='lat' dir='ltr'>converse.</span> <span class='ocrx_word' id='word_1_242' title='bbox 1337 1995 1389 2030; x_wconf 85' lang='lat' dir='ltr'>Et</span> <span class='ocrx_word' id='word_1_243' title='bbox 1419 1994 1541 2030; x_wconf 73' lang='lat' dir='ltr'>‹mzm&#39;s</span> 
     </span>
     <span class='ocr_line' id='line_1_31' title="bbox 164 2053 1540 2107; baseline -0.004 -14"><span class='ocrx_word' id='word_1_244' title='bbox 164 2057 325 2107; x_wconf 75' lang='lat' dir='ltr'>3oplebs</span> <span class='ocrx_word' id='word_1_245' title='bbox 357 2065 438 2092; x_wconf 88' lang='lat' dir='ltr'>tarn</span> <span class='ocrx_word' id='word_1_246' title='bbox 472 2053 638 2090; x_wconf 89' lang='lat' dir='ltr'>Judaica</span> <span class='ocrx_word' id='word_1_247' title='bbox 671 2066 790 2102; x_wconf 90' lang='lat' dir='ltr'>quam</span> <span class='ocrx_word' id='word_1_248' title='bbox 825 2053 982 2101; x_wconf 82' lang='lat' dir='ltr'>gentilis</span> <span class='ocrx_word' id='word_1_249' title='bbox 1022 2061 1061 2088; x_wconf 84' lang='lat' dir='ltr'>ut</span> <span class='ocrx_word' id='word_1_250' title='bbox 1095 2053 1188 2089; x_wconf 72' lang='lat' dir='ltr'>vidit</span> <span class='ocrx_word' id='word_1_251' title='bbox 1225 2053 1342 2089; x_wconf 89' lang='lat' dir='ltr'>istam</span> <span class='ocrx_word' id='word_1_252' title='bbox 1378 2065 1540 2089; x_wconf 64' lang='lat' dir='ltr'>conver-</span> 
     </span>
     <span class='ocr_line' id='line_1_32' title="bbox 219 2111 1539 2161; baseline -0.005 -10"><span class='ocrx_word' id='word_1_253' title='bbox 219 2115 372 2151; x_wconf 86' lang='lat' dir='ltr'>sionem</span> <span class='ocrx_word' id='word_1_254' title='bbox 407 2112 630 2161; x_wconf 87' lang='lat' dir='ltr'>graciosam</span> <span class='ocrx_word' id='word_1_255' title='bbox 666 2124 709 2148; x_wconf 84' lang='lat' dir='ltr'>ex</span> <span class='ocrx_word' id='word_1_256' title='bbox 743 2111 1017 2148; x_wconf 86' lang='lat' dir='ltr'>indifferencia</span> <span class='ocrx_word' id='word_1_257' title='bbox 1044 2111 1178 2147; x_wconf 78' lang='lat' dir='ltr'>laudat</span> <span class='ocrx_word' id='word_1_258' title='bbox 1200 2112 1338 2147; x_wconf 80' lang='lat' dir='ltr'>Deum.</span> <span class='ocrx_word' id='word_1_259' title='bbox 1373 2112 1539 2146; x_wconf 84' lang='lat' dir='ltr'>Verum-</span> 
     </span>
     <span class='ocr_line' id='line_1_33' title="bbox 220 2168 1537 2219; baseline -0.005 -10"><span class='ocrx_word' id='word_1_260' title='bbox 220 2182 355 2209; x_wconf 88' lang='lat' dir='ltr'>tamen</span> <span class='ocrx_word' id='word_1_261' title='bbox 393 2171 433 2207; x_wconf 91' lang='lat' dir='ltr'>in</span> <span class='ocrx_word' id='word_1_262' title='bbox 472 2170 547 2207; x_wconf 91' lang='lat' dir='ltr'>ista</span> <span class='ocrx_word' id='word_1_263' title='bbox 581 2170 775 2219; x_wconf 85' lang='lat' dir='ltr'>parabola</span> <span class='ocrx_word' id='word_1_264' title='bbox 814 2182 894 2206; x_wconf 90' lang='lat' dir='ltr'>non</span> <span class='ocrx_word' id='word_1_265' title='bbox 933 2170 1049 2205; x_wconf 86' lang='lat' dir='ltr'>debet</span> <span class='ocrx_word' id='word_1_266' title='bbox 1087 2168 1254 2217; x_wconf 89' lang='lat' dir='ltr'>intelligi</span> <span class='ocrx_word' id='word_1_267' title='bbox 1291 2170 1340 2205; x_wconf 88' lang='lat' dir='ltr'>ad</span> <span class='ocrx_word' id='word_1_268' title='bbox 1379 2181 1537 2204; x_wconf 90' lang='lat' dir='ltr'>sensum</span> 
     </span>
     <span class='ocr_line' id='line_1_34' title="bbox 221 2226 1539 2277; baseline -0.003 -11"><span class='ocrx_word' id='word_1_269' title='bbox 221 2229 422 2267; x_wconf 89' lang='lat' dir='ltr'>misticum</span> <span class='ocrx_word' id='word_1_270' title='bbox 457 2230 563 2277; x_wconf 90' lang='lat' dir='ltr'>quod</span> <span class='ocrx_word' id='word_1_271' title='bbox 588 2227 753 2276; x_wconf 87' lang='lat' dir='ltr'>gentiles</span> <span class='ocrx_word' id='word_1_272' title='bbox 778 2227 887 2275; x_wconf 84' lang='lat' dir='ltr'>prius</span> <span class='ocrx_word' id='word_1_273' title='bbox 912 2229 1084 2263; x_wconf 87' lang='lat' dir='ltr'>habeant</span> <span class='ocrx_word' id='word_1_274' title='bbox 1118 2227 1249 2267; x_wconf 82' lang='lat' dir='ltr'>fidem,</span> <span class='ocrx_word' id='word_1_275' title='bbox 1279 2226 1539 2263; x_wconf 70' lang='lat' dir='ltr'>devocionem</span> 
     </span>
     <span class='ocr_line' id='line_1_35' title="bbox 220 2283 1539 2335; baseline -0.004 -11"><span class='ocrx_word' id='word_1_276' title='bbox 220 2289 281 2325; x_wconf 66' lang='lat' dir='ltr'>rel</span> <span class='ocrx_word' id='word_1_277' title='bbox 305 2289 453 2324; x_wconf 88' lang='lat' dir='ltr'>bonum</span> <span class='ocrx_word' id='word_1_278' title='bbox 489 2286 666 2335; x_wconf 80' lang='lat' dir='ltr'>aliquod,</span> <span class='ocrx_word' id='word_1_279' title='bbox 701 2295 916 2334; x_wconf 83' lang='lat' dir='ltr'>antequam</span> <span class='ocrx_word' id='word_1_280' title='bbox 941 2285 1068 2333; x_wconf 83' lang='lat' dir='ltr'>ipsam</span> <span class='ocrx_word' id='word_1_281' title='bbox 1094 2284 1288 2321; x_wconf 87' lang='lat' dir='ltr'>Dominus</span> <span class='ocrx_word' id='word_1_282' title='bbox 1312 2283 1539 2332; x_wconf 69' lang='lat' dir='ltr'>inspiravit:</span> 
     </span>
     <span class='ocr_line' id='line_1_36' title="bbox 165 2343 1540 2391; baseline -0.004 -8"><span class='ocrx_word' id='word_1_283' title='bbox 165 2350 204 2383; x_wconf 77' lang='lat'>33</span> <span class='ocrx_word' id='word_1_284' title='bbox 222 2346 323 2383; x_wconf 93' lang='lat' dir='ltr'>sicut</span> <span class='ocrx_word' id='word_1_285' title='bbox 368 2345 471 2382; x_wconf 90' lang='lat' dir='ltr'>enim</span> <span class='ocrx_word' id='word_1_286' title='bbox 526 2344 733 2381; x_wconf 90' lang='lat' dir='ltr'>odorabile</span> <span class='ocrx_word' id='word_1_287' title='bbox 777 2346 827 2381; x_wconf 87' lang='lat' dir='ltr'>ad</span> <span class='ocrx_word' id='word_1_288' title='bbox 876 2356 1061 2391; x_wconf 83' lang='lat' dir='ltr'>magnam</span> <span class='ocrx_word' id='word_1_289' title='bbox 1111 2343 1347 2379; x_wconf 85' lang='lat' dir='ltr'>distanciam</span> <span class='ocrx_word' id='word_1_290' title='bbox 1397 2343 1540 2379; x_wconf 90' lang='lat' dir='ltr'>alterat</span> 
     </span>
     <span class='ocr_line' id='line_1_37' title="bbox 223 2399 1540 2451; baseline -0.002 -11"><span class='ocrx_word' id='word_1_291' title='bbox 223 2417 379 2442; x_wconf 89' lang='lat' dir='ltr'>sensum</span> <span class='ocrx_word' id='word_1_292' title='bbox 424 2403 606 2445; x_wconf 84' lang='lat' dir='ltr'>olfactus,</span> <span class='ocrx_word' id='word_1_293' title='bbox 647 2412 862 2451; x_wconf 87' lang='lat' dir='ltr'>antequam</span> <span class='ocrx_word' id='word_1_294' title='bbox 903 2402 968 2438; x_wconf 87' lang='lat' dir='ltr'>ille</span> <span class='ocrx_word' id='word_1_295' title='bbox 1006 2414 1142 2437; x_wconf 85' lang='lat' dir='ltr'>sensus</span> <span class='ocrx_word' id='word_1_296' title='bbox 1183 2401 1312 2449; x_wconf 90' lang='lat' dir='ltr'>ipsum</span> <span class='ocrx_word' id='word_1_297' title='bbox 1349 2399 1540 2449; x_wconf 78' lang='lat' dir='ltr'>percepit.</span> 
     </span>
    </p>
   </div>
   <div class='ocr_carea' id='block_1_3' title="bbox 223 2524 1541 2840">
    <p class='ocr_par' dir='ltr' id='par_1_3' title="bbox 223 2524 1541 2840">
     <span class='ocr_line' id='line_1_38' title="bbox 293 2524 1541 2562; baseline -0.005 -7"><span class='ocrx_word' id='word_1_298' title='bbox 293 2536 313 2555; x_wconf 88' lang='lat'>1.</span> <span class='ocrx_word' id='word_1_299' title='bbox 343 2528 386 2555; x_wconf 78' lang='lat' dir='ltr'>A:</span> <span class='ocrx_word' id='word_1_300' title='bbox 414 2525 564 2562; x_wconf 61' lang='lat' dir='ltr'>gustavit:</span> <span class='ocrx_word' id='word_1_301' title='bbox 594 2525 634 2553; x_wconf 86' lang='lat' dir='ltr'>ib.</span> <span class='ocrx_word' id='word_1_302' title='bbox 662 2526 706 2552; x_wconf 84' lang='lat' dir='ltr'>A:</span> <span class='ocrx_word' id='word_1_303' title='bbox 737 2525 773 2552; x_wconf 76' lang='lat' dir='ltr'>dc</span> <span class='ocrx_word' id='word_1_304' title='bbox 803 2534 889 2555; x_wconf 78' lang='lat' dir='ltr'>ceco:</span> <span class='ocrx_word' id='word_1_305' title='bbox 920 2525 959 2551; x_wconf 88' lang='lat' dir='ltr'>ib.</span> <span class='ocrx_word' id='word_1_306' title='bbox 988 2525 1009 2551; x_wconf 64' lang='lat'>13</span> <span class='ocrx_word' id='word_1_307' title='bbox 1040 2524 1069 2551; x_wconf 89' lang='lat' dir='ltr'>in</span> <span class='ocrx_word' id='word_1_308' title='bbox 1099 2532 1213 2559; x_wconf 61' lang='lat' dir='ltr'>marg:</span> <span class='ocrx_word' id='word_1_309' title='bbox 1240 2524 1444 2558; x_wconf 66' lang='lat' dir='ltr'>Degustantcs</span> <span class='ocrx_word' id='word_1_310' title='bbox 1472 2531 1541 2549; x_wconf 71' lang='lat' dir='ltr'>verc-</span> 
     </span>
     <span class='ocr_line' id='line_1_39' title="bbox 225 2557 1538 2593; baseline -0.005 -4"><span class='ocrx_word' id='word_1_311' title='bbox 225 2562 383 2590; x_wconf 85' lang='lat' dir='ltr'>Christum</span> <span class='ocrx_word' id='word_1_312' title='bbox 404 2561 434 2588; x_wconf 92' lang='lat' dir='ltr'>in</span> <span class='ocrx_word' id='word_1_313' title='bbox 456 2560 584 2588; x_wconf 79' lang='lat' dir='ltr'>terrenis</span> <span class='ocrx_word' id='word_1_314' title='bbox 606 2560 733 2587; x_wconf 83' lang='lat' dir='ltr'>minime</span> <span class='ocrx_word' id='word_1_315' title='bbox 754 2560 951 2587; x_wconf 79' lang='lat' dir='ltr'>delectantur.</span> <span class='ocrx_word' id='word_1_316' title='bbox 1094 2568 1123 2593; x_wconf 72' lang='lat'>4.</span> <span class='ocrx_word' id='word_1_317' title='bbox 1146 2559 1184 2585; x_wconf 57' lang='lat'>13.-</span> <span class='ocrx_word' id='word_1_318' title='bbox 1213 2558 1382 2585; x_wconf 76' lang='lat' dir='ltr'>sanctitatis</span> <span class='ocrx_word' id='word_1_319' title='bbox 1409 2557 1538 2584; x_wconf 71' lang='lat' dir='ltr'>iusticia.</span> 
     </span>
     <span class='ocr_line' id='line_1_40' title="bbox 223 2593 1538 2632; baseline -0.004 -9"><span class='ocrx_word' id='word_1_320' title='bbox 223 2608 252 2629; x_wconf 72' lang='grc' dir='ltr'>ι).</span> <span class='ocrx_word' id='word_1_321' title='bbox 269 2597 308 2625; x_wconf 90' lang='lat' dir='ltr'>C:</span> <span class='ocrx_word' id='word_1_322' title='bbox 330 2595 510 2632; x_wconf 80' lang='lat' dir='ltr'>ssagrancia:</span> <span class='ocrx_word' id='word_1_323' title='bbox 538 2595 578 2622; x_wconf 87' lang='lat' dir='ltr'>ib.</span> <span class='ocrx_word' id='word_1_324' title='bbox 594 2596 632 2622; x_wconf 78' lang='lat' dir='ltr'>A:</span> <span class='ocrx_word' id='word_1_325' title='bbox 653 2595 956 2627; x_wconf 80' lang='lat' dir='ltr'>clamallclamabat:</span> <span class='ocrx_word' id='word_1_326' title='bbox 979 2594 1017 2621; x_wconf 83' lang='lat' dir='ltr'>ib.</span> <span class='ocrx_word' id='word_1_327' title='bbox 1034 2595 1077 2621; x_wconf 79' lang='lat' dir='ltr'>A:</span> <span class='ocrx_word' id='word_1_328' title='bbox 1100 2593 1229 2620; x_wconf 66' lang='lat' dir='ltr'>validus.</span> <span class='ocrx_word' id='word_1_329' title='bbox 1286 2602 1326 2620; x_wconf 87' lang='lat'>10.</span> <span class='ocrx_word' id='word_1_330' title='bbox 1346 2594 1390 2619; x_wconf 81' lang='lat' dir='ltr'>A:</span> <span class='ocrx_word' id='word_1_331' title='bbox 1413 2593 1538 2619; x_wconf 70' lang='lat' dir='ltr'>verbum</span> 
     </span>
     <span class='ocr_line' id='line_1_41' title="bbox 223 2627 1538 2662; baseline -0.005 -3"><span class='ocrx_word' id='word_1_332' title='bbox 223 2631 380 2659; x_wconf 57' lang='lat' dir='ltr'>Messiam:</span> <span class='ocrx_word' id='word_1_333' title='bbox 446 2638 484 2658; x_wconf 82' lang='lat'>12.</span> <span class='ocrx_word' id='word_1_334' title='bbox 500 2631 544 2658; x_wconf 87' lang='lat' dir='ltr'>A:</span> <span class='ocrx_word' id='word_1_335' title='bbox 568 2638 619 2656; x_wconf 77' lang='lat' dir='ltr'>rex</span> <span class='ocrx_word' id='word_1_336' title='bbox 634 2629 733 2658; x_wconf 80' lang='lat' dir='ltr'>deest:</span> <span class='ocrx_word' id='word_1_337' title='bbox 754 2629 794 2657; x_wconf 88' lang='lat' dir='ltr'>ib.</span> <span class='ocrx_word' id='word_1_338' title='bbox 811 2630 855 2657; x_wconf 82' lang='lat' dir='ltr'>A:</span> <span class='ocrx_word' id='word_1_339' title='bbox 878 2630 907 2657; x_wconf 86' lang='lat' dir='ltr'>in</span> <span class='ocrx_word' id='word_1_340' title='bbox 925 2629 1018 2656; x_wconf 74' lang='lat' dir='ltr'>deest.</span> <span class='ocrx_word' id='word_1_341' title='bbox 1076 2637 1117 2662; x_wconf 80' lang='lat'>14.</span> <span class='ocrx_word' id='word_1_342' title='bbox 1133 2629 1177 2655; x_wconf 80' lang='lat' dir='ltr'>A:</span> <span class='ocrx_word' id='word_1_343' title='bbox 1200 2627 1256 2655; x_wconf 92' lang='lat' dir='ltr'>Cui</span> <span class='ocrx_word' id='word_1_344' title='bbox 1278 2627 1454 2654; x_wconf 82' lang='lat' dir='ltr'>nominacio</span> <span class='ocrx_word' id='word_1_345' title='bbox 1476 2635 1538 2653; x_wconf 69' lang='lat' dir='ltr'>nec.</span> 
     </span>
     <span class='ocr_line' id='line_1_42' title="bbox 223 2661 1537 2698; baseline -0.005 -5"><span class='ocrx_word' id='word_1_346' title='bbox 223 2675 269 2694; x_wconf 77' lang='lat'>20.</span> <span class='ocrx_word' id='word_1_347' title='bbox 293 2666 332 2694; x_wconf 87' lang='lat' dir='ltr'>C:</span> <span class='ocrx_word' id='word_1_348' title='bbox 354 2671 381 2692; x_wconf 81' lang='lat' dir='ltr'>et</span> <span class='ocrx_word' id='word_1_349' title='bbox 402 2664 592 2692; x_wconf 74' lang='lat' dir='ltr'>horninibus,</span> <span class='ocrx_word' id='word_1_350' title='bbox 658 2672 701 2691; x_wconf 83' lang='lat'>22.</span> <span class='ocrx_word' id='word_1_351' title='bbox 725 2664 764 2691; x_wconf 88' lang='lat' dir='ltr'>C:</span> <span class='ocrx_word' id='word_1_352' title='bbox 786 2664 871 2698; x_wconf 81' lang='lat' dir='ltr'>ipsos</span> <span class='ocrx_word' id='word_1_353' title='bbox 895 2686 900 2691; x_wconf 87' lang='lat'>.</span> <span class='ocrx_word' id='word_1_354' title='bbox 919 2685 947 2691; x_wconf 86' lang='lat'>..</span> <span class='ocrx_word' id='word_1_355' title='bbox 971 2663 1013 2690; x_wconf 71' lang='lat' dir='ltr'>eis</span> <span class='ocrx_word' id='word_1_356' title='bbox 1035 2663 1156 2690; x_wconf 69' lang='lat' dir='ltr'>faceret.</span> <span class='ocrx_word' id='word_1_357' title='bbox 1223 2671 1269 2696; x_wconf 80' lang='lat'>24.</span> <span class='ocrx_word' id='word_1_358' title='bbox 1293 2663 1330 2689; x_wconf 79' lang='lat' dir='ltr'>ss:</span> <span class='ocrx_word' id='word_1_359' title='bbox 1353 2661 1537 2696; x_wconf 64' lang='lat' dir='ltr'>impetitum.</span> 
     </span>
     <span class='ocr_line' id='line_1_43' title="bbox 224 2695 1537 2733; baseline -0.006 -4"><span class='ocrx_word' id='word_1_360' title='bbox 224 2702 267 2729; x_wconf 76' lang='lat'>25.</span> <span class='ocrx_word' id='word_1_361' title='bbox 284 2702 327 2728; x_wconf 77' lang='lat' dir='ltr'>A:</span> <span class='ocrx_word' id='word_1_362' title='bbox 350 2700 559 2727; x_wconf 83' lang='lat' dir='ltr'>substanciam</span> <span class='ocrx_word' id='word_1_363' title='bbox 576 2699 770 2727; x_wconf 84' lang='lat' dir='ltr'>illuminans:</span> <span class='ocrx_word' id='word_1_364' title='bbox 792 2699 832 2725; x_wconf 88' lang='lat' dir='ltr'>ib.</span> <span class='ocrx_word' id='word_1_365' title='bbox 848 2699 870 2725; x_wconf 88' lang='lat' dir='ltr'>B</span> <span class='ocrx_word' id='word_1_366' title='bbox 886 2698 915 2725; x_wconf 83' lang='lat' dir='ltr'>in</span> <span class='ocrx_word' id='word_1_367' title='bbox 939 2706 1051 2733; x_wconf 55' lang='lat' dir='ltr'>marg:</span> <span class='ocrx_word' id='word_1_368' title='bbox 1074 2698 1165 2725; x_wconf 78' lang='lat' dir='ltr'>Fides</span> <span class='ocrx_word' id='word_1_369' title='bbox 1186 2702 1230 2724; x_wconf 78' lang='lat' dir='ltr'>cst</span> <span class='ocrx_word' id='word_1_370' title='bbox 1251 2697 1485 2724; x_wconf 58' lang='lat' dir='ltr'>fundamentum</span> <span class='ocrx_word' id='word_1_371' title='bbox 1502 2695 1537 2721; x_wconf 74' lang='lat' dir='ltr'>ad</span> 
     </span>
     <span class='ocr_line' id='line_1_44' title="bbox 225 2729 1538 2774; baseline -0.005 -12"><span class='ocrx_word' id='word_1_372' title='bbox 225 2736 377 2774; x_wconf 73' lang='lat' dir='ltr'>agendum</span> <span class='ocrx_word' id='word_1_373' title='bbox 399 2734 579 2761; x_wconf 77' lang='lat' dir='ltr'>virtualiter.</span> <span class='ocrx_word' id='word_1_374' title='bbox 644 2741 689 2768; x_wconf 80' lang='lat'>27.</span> <span class='ocrx_word' id='word_1_375' title='bbox 710 2734 755 2760; x_wconf 74' lang='lat' dir='ltr'>A:</span> <span class='ocrx_word' id='word_1_376' title='bbox 778 2742 866 2760; x_wconf 80' lang='lat' dir='ltr'>cecus</span> <span class='ocrx_word' id='word_1_377' title='bbox 887 2733 981 2760; x_wconf 72' lang='lat' dir='ltr'>deest.</span> <span class='ocrx_word' id='word_1_378' title='bbox 1046 2740 1093 2767; x_wconf 85' lang='lat'>29.</span> <span class='ocrx_word' id='word_1_379' title='bbox 1115 2732 1180 2759; x_wconf 78' lang='lat' dir='ltr'>ssC:</span> <span class='ocrx_word' id='word_1_380' title='bbox 1203 2732 1239 2758; x_wconf 89' lang='lat' dir='ltr'>ad</span> <span class='ocrx_word' id='word_1_381' title='bbox 1262 2732 1370 2758; x_wconf 72' lang='lat' dir='ltr'>Deum.</span> <span class='ocrx_word' id='word_1_382' title='bbox 1433 2729 1478 2757; x_wconf 72' lang='lat'>30.</span> <span class='ocrx_word' id='word_1_383' title='bbox 1501 2730 1538 2756; x_wconf 61' lang='lat'>1³:</span> 
     </span>
     <span class='ocr_line' id='line_1_45' title="bbox 226 2764 1538 2801; baseline -0.004 -6"><span class='ocrx_word' id='word_1_384' title='bbox 226 2770 301 2797; x_wconf 65' lang='lat' dir='ltr'>vidit</span> <span class='ocrx_word' id='word_1_385' title='bbox 321 2770 415 2797; x_wconf 84' lang='lat' dir='ltr'>deest.</span> <span class='ocrx_word' id='word_1_386' title='bbox 515 2768 553 2797; x_wconf 81' lang='lat'>31.</span> <span class='ocrx_word' id='word_1_387' title='bbox 576 2777 628 2798; x_wconf 78' lang='lat' dir='ltr'>cx:</span> <span class='ocrx_word' id='word_1_388' title='bbox 651 2768 694 2794; x_wconf 82' lang='lat' dir='ltr'>sic</span> <span class='ocrx_word' id='word_1_389' title='bbox 717 2768 745 2795; x_wconf 85' lang='lat' dir='ltr'>in</span> <span class='ocrx_word' id='word_1_390' title='bbox 768 2768 858 2795; x_wconf 70' lang='lat' dir='ltr'>codd,</span> <span class='ocrx_word' id='word_1_391' title='bbox 958 2766 1004 2801; x_wconf 70' lang='lat'>34.</span> <span class='ocrx_word' id='word_1_392' title='bbox 1028 2766 1066 2794; x_wconf 89' lang='lat' dir='ltr'>C:</span> <span class='ocrx_word' id='word_1_393' title='bbox 1090 2766 1297 2801; x_wconf 67' lang='lat' dir='ltr'>inspiraverit.</span> <span class='ocrx_word' id='word_1_394' title='bbox 1398 2764 1439 2792; x_wconf 67' lang='lat'>35.</span> <span class='ocrx_word' id='word_1_395' title='bbox 1462 2765 1487 2791; x_wconf 73' lang='grc' dir='ltr'>Α</span> <span class='ocrx_word' id='word_1_396' title='bbox 1511 2764 1538 2791; x_wconf 80' lang='lat' dir='ltr'>iu</span> 
     </span>
     <span class='ocr_line' id='line_1_46' title="bbox 225 2803 450 2840; baseline -0.009 -8"><span class='ocrx_word' id='word_1_397' title='bbox 225 2813 339 2840; x_wconf 59' lang='lat' dir='ltr'>marg:</span> <span class='ocrx_word' id='word_1_398' title='bbox 359 2803 450 2831; x_wconf 66' lang='lat' dir='ltr'>Nota.</span> 
     </span>
    </p>
   </div>
   <div class='ocr_carea' id='block_1_4' title="bbox 300 2886 632 2931">
    <p class='ocr_par' dir='ltr' id='par_1_4' title="bbox 300 2886 632 2931">
     <span class='ocr_line' id='line_1_47' title="bbox 300 2886 632 2931; baseline -0.006 -11"><span class='ocrx_word' id='word_1_399' title='bbox 300 2899 349 2931; x_wconf 90' lang='lat'>¹7·</span> <span class='ocrx_word' id='word_1_400' title='bbox 374 2887 454 2920; x_wconf 89' lang='lat' dir='ltr'>Joh.</span> <span class='ocrx_word' id='word_1_401' title='bbox 481 2887 551 2926; x_wconf 84' lang='lat' dir='ltr'>1v⁰‚</span> <span class='ocrx_word' id='word_1_402' title='bbox 580 2886 632 2919; x_wconf 85' lang='lat'>32.</span> 
     </span>
    </p>
   </div>
  </div>
 </body>
</html>
