2017 3353
205 251 342 281 SERMo
360 242 445 297 v11.]
718 251 858 283 PRlMA
887 250 1011 282 PARS.

207 361 303 398 luxit
338 360 376 396 in
409 359 472 395 die
505 365 543 394 et
576 369 645 405 per
677 368 928 405 consequens
961 355 1190 392 sensibilior
1213 354 1338 391 stellis
1362 355 1516 391 celesti-

206 421 279 455 bus
323 417 395 454 fuit
439 428 575 465 prope.
626 416 811 452 Secundo
845 413 939 462 quia
972 415 1056 450 XIII
1091 413 1230 450 diebus
1263 413 1516 450 naturalibus

206 489 286 513 non
325 476 562 511 movebatur
600 473 675 509 nisi
708 481 904 521 quantum
940 471 1150 520 expediens
1191 471 1264 507 fuit
1303 484 1515 519 magorum

206 533 458 571 itineracioni
493 534 540 569 ab
574 531 722 568 Arabia
758 531 795 567 in
828 531 1010 566 Judeam.
1044 532 1093 566 Et
1125 529 1250 566 tercio
1274 529 1369 578 quia
1402 529 1517 566 stella

86 591 160 642 Fol·
205 605 311 629 nunc
357 591 555 640 disparuit
598 599 635 626 et
673 601 778 626 nunc
823 587 948 635 stetit,
983 589 1093 637 quod
1133 587 1308 624 alienum
1337 586 1342 639 1
1374 596 1431 624 est
1470 589 1517 624 ab

90 636 167 680 ¹40b
206 651 323 688 astris
357 649 584 686 celestibus.
624 647 730 696 Magi
765 656 898 684 autem
933 646 1118 683 instructi
1152 654 1244 682 sunt
1277 646 1315 682 in
1349 645 1426 682 fide
1460 646 1519 682 di-

205 709 365 760 vinitus,
413 708 508 756 quia
551 706 667 743 aliter
698 719 778 743 non
824 705 880 742 sic
912 705 1149 741 adorassent
1195 704 1388 740 infantem
1424 716 1521 752 pau-

207 767 313 816 peris
346 766 492 804 femine
516 778 605 802 cum
640 774 722 802 tam
756 763 923 801 abiectis
957 762 1280 799 circumstanciis
1306 770 1344 800 et
1377 762 1519 810 pannis

205 825 350 862 vilibus
390 824 629 861 involutum.
684 823 798 859 Unde
839 821 1008 870 quilibet
1046 833 1186 858 eorum
1233 820 1454 857 instructus
1499 833 1520 856 a

153 892 190 914 10
207 883 372 920 domino
406 882 552 919 obtulit
595 881 671 918 sibi
707 880 959 917 oblacionem
994 879 1191 927 triplicem
1227 887 1391 926 propter
1425 878 1519 915 tria:

206 942 341 978 Primo
376 941 473 990 quia
519 953 628 988 reges
661 940 841 976 Arabum
882 938 1066 975 solebant
1106 939 1152 974 de
1198 937 1344 974 talibus
1378 936 1522 973 offerre

207 1000 386 1047 domino,
421 999 599 1036 secundo
623 997 718 1046 quia
741 996 925 1034 instructi
951 1004 1042 1033 sunt
1064 996 1188 1032 latere
1212 995 1251 1031 in
1274 994 1352 1031 illis
1385 994 1522 1032 miste-

207 1058 325 1105 rium,
366 1066 408 1094 ut
442 1058 480 1094 in
515 1069 612 1094 auro
644 1057 882 1093 ostendatur
915 1053 1072 1091 celestis
1106 1053 1210 1102 regis
1244 1053 1442 1102 potencia,
1485 1053 1523 1089 in

207 1126 294 1153 ture
317 1129 397 1165 quo
430 1116 660 1152 sacerdotes
683 1123 853 1151 utuntur
875 1114 925 1150 ad
949 1112 1127 1149 divinum
1171 1112 1322 1148 cultum
1357 1121 1523 1148 notatur

153 1174 189 1207 15
208 1174 370 1212 infantis
395 1174 538 1211 celeste
557 1172 849 1219 sacerdocium,
875 1180 912 1208 et
944 1171 984 1207 in
1009 1170 1132 1208 mirra
1156 1183 1235 1219 qua
1266 1181 1522 1206 mortuorum

208 1246 377 1282 corpora
422 1232 671 1269 condiuntur
715 1238 883 1268 notatur
927 1227 1081 1268 Christi
1126 1228 1344 1277 sepeliendi
1390 1239 1428 1265 et
1465 1240 1522 1264 re-

210 1291 429 1329 surrecturi
454 1290 755 1328 immortalitas.
790 1288 860 1325 Vel
884 1287 1009 1325 tercio
1034 1287 1267 1324 obtulerunt
1302 1299 1445 1323 aurum
1480 1295 1523 1322 ut

209 1350 407 1388 reveletur
445 1349 582 1397 inopia
616 1348 734 1385 trium
761 1356 842 1384 tam
877 1358 1101 1394 pauperum
1128 1358 1405 1394 personarum,
1431 1345 1523 1380 thus

209 1410 259 1445 ad
295 1408 464 1445 fetorem
501 1404 649 1444 stabuli
680 1405 961 1454 mitigandum,
987 1414 1024 1441 et
1057 1404 1222 1440 mirram
1257 1404 1307 1440 ad
1342 1404 1524 1440 membra

149 1476 191 1498 20
209 1467 356 1504 Christi
379 1475 515 1503 tenera
537 1465 808 1502 solidandum.
842 1465 941 1501 Istas
965 1475 1104 1500 causas
1126 1462 1187 1500 vel
1205 1462 1304 1499 alias
1324 1461 1440 1498 nobis
1464 1461 1522 1497 in-

207 1525 388 1573 cognitas
405 1524 443 1560 in
460 1524 672 1561 oblacione
689 1523 763 1559 ista
780 1521 1044 1570 tripliciDeus
1061 1521 1292 1557 eternaliter
1307 1519 1521 1556 ordinavit.

266 1584 317 1619 Et
350 1595 532 1633 responso
565 1589 720 1631 accepto
753 1581 788 1616 in
822 1581 1018 1630 sompniis,
1051 1592 1096 1615 ne
1128 1580 1299 1615 redirent
1323 1579 1374 1615 ad
1394 1579 1523 1615 Hero-

209 1644 292 1679 dem
327 1643 376 1678 ad
410 1641 632 1678 cavendum
666 1639 750 1676 eius
791 1638 1009 1685 maliciam,
1042 1638 1191 1675 reversi
1221 1644 1307 1674 sunt
1345 1649 1367 1672 a
1399 1637 1523 1673 Judea

202 1713 277 1750 per
315 1700 415 1737 viam
448 1708 690 1736 extraneam.
724 1699 826 1734 Nam
860 1707 903 1733 ut
928 1696 1199 1733 communiter
1222 1694 1370 1732 dicitur
1393 1694 1523 1731 edocti

151 1757 190 1789 25
208 1771 279 1807 per
310 1758 496 1806 angelum
531 1757 824 1794 descenderunt
861 1756 910 1792 ad
935 1767 1044 1792 mare
1083 1753 1421 1790 mediterraneum
1456 1765 1524 1789 na-

208 1817 389 1864 vigantes
423 1816 473 1852 ad
505 1815 670 1852 Tharsis
704 1823 742 1851 et
774 1814 919 1850 abhinc
952 1813 991 1849 in
1024 1825 1137 1849 suam
1173 1811 1358 1860 patriam.
1394 1813 1443 1847 Et
1467 1811 1522 1847 sic

210 1874 401 1923 opinatur
423 1874 625 1910 Herodem
660 1873 699 1909 in
733 1885 805 1908 suo
839 1871 1012 1908 transitu
1036 1882 1174 1907 versus
1199 1872 1368 1906 Romam
1404 1881 1523 1905 naves

208 1933 297 1970 illas
319 1934 566 1969 Tharsenses
601 1945 643 1968 ex
673 1929 883 1968 iracundia
913 1928 1184 1966 combussisse
1217 1937 1254 1965 et
1277 1926 1522 1964 verificatam

209 1991 330 2028 fuisse
370 1990 630 2039 propheciam
672 1989 820 2026 Psalm.
860 1989 1031 2034 XLV110,
1073 1989 1115 2025 8:
1164 1987 1198 2023 in
1231 1987 1369 2036 spiritu
1414 1987 1523 2023 vehe-

151 2048 194 2080 30
209 2050 326 2087 menti
356 2057 528 2086 conteres
560 2061 676 2085 naves
715 2047 860 2085 Tarsis.

269 2108 384 2144 Circa
417 2109 492 2144 hoc
527 2106 775 2155 evangelium
803 2104 1010 2141 dubitatur
1042 2115 1165 2151 quare
1190 2101 1371 2138 Christus
1393 2102 1524 2138 omni-

210 2175 353 2214 potens
386 2174 424 2203 et
455 2165 700 2202 omnisciens
724 2164 842 2212 elegit
865 2164 1009 2200 ducere
1034 2162 1155 2198 vitam
1180 2169 1261 2197 tam
1286 2173 1519 2208 pauperem,

210 2224 439 2273 specialiter
483 2236 574 2260 cum
620 2222 860 2271 approbavit
904 2219 1162 2269 imperatoris
1215 2218 1440 2255 dominium
1487 2227 1524 2254 et

209 2282 506 2330 possessionem
542 2282 714 2319 aliorum
749 2280 917 2317 divitum
952 2289 989 2316 et
1028 2286 1283 2327 magnatum3
1326 2290 1398 2314 nec
1432 2276 1524 2313 licet

154 2342 193 2375 35
210 2341 318 2378 fideli
353 2341 579 2378 discredere
613 2339 711 2389 quin
744 2352 788 2376 ex
821 2351 943 2376 causa
976 2336 1250 2386 signatissima
1284 2335 1384 2371 illud
1418 2335 1521 2371 fecit.

209 2399 327 2436 Venit
350 2408 484 2436 autem
518 2398 558 2435 in
583 2399 792 2444 mundum,
826 2406 870 2434 ut
893 2395 1249 2433 conversacionem
1275 2394 1522 2430 mundanam

211 2457 481 2494 declinantem
522 2470 543 2494 a
581 2457 662 2494 vita
700 2465 827 2493 status
868 2453 1104 2492 innocencie
1145 2451 1426 2500 exemplariter
1466 2464 1523 2487 re-

210 2525 384 2563 vocaret,
418 2525 461 2552 ut
484 2515 802 2564 superfluitatem
829 2523 866 2550 et
900 2512 1122 2561 periculum
1149 2511 1189 2548 in
1209 2510 1524 2547 conversacione

280 2646 294 2666 2
326 2639 403 2667 Ain
425 2647 539 2674 marg:
560 2646 590 2670 ’.η
618 2638 659 2665 ib.
681 2638 726 2665 A:
748 2636 891 2665 Secundo
913 2635 1007 2671 quod.
1091 2643 1120 2668 4.
1149 2635 1190 2661 A:
1213 2634 1351 2665 Arabea;
1380 2633 1419 2660 ib.
1447 2634 1475 2660 A
1495 2632 1525 2659 in

210 2682 326 2709 marg:
347 2673 373 2702 3.
483 2683 516 2702 ιι.
537 2673 558 2700 Β
581 2674 609 2700 in
631 2680 746 2705 marga
768 2677 895 2707 propter
915 2678 974 2706 que
994 2670 1122 2705 quilibet
1142 2676 1306 2703 magorum
1328 2668 1441 2695 obtulit
1469 2668 1526 2694 do-

211 2711 296 2736 mino
316 2710 352 2736 tri
378 2710 466 2737 licem
488 2709 694 2737 oblacionem.
791 2715 828 2734 12.
850 2708 894 2734 A:
916 2704 1011 2732 tercio
1033 2706 1121 2740 quia;
1144 2705 1183 2732 C:
1206 2704 1302 2731 latrie.
1392 2705 1428 2729 ιδ.
1453 2702 1473 2729 Β
1495 2702 1525 2728 in

211 2752 326 2778 marg:
381 2745 430 2772 uid
448 2749 573 2772 notatur
587 2743 617 2770 in
633 2750 717 2773 aum,
733 2742 762 2770 in
778 2742 866 2769 thure
885 2746 913 2768 et
926 2742 957 2767 in
974 2740 1070 2767 mirra
1084 2739 1211 2767 domino
1233 2738 1353 2766 oblatis.
1428 2736 1468 2763 18.
1485 2736 1524 2764 C:

211 2780 372 2807 relevetur.
445 2789 487 2813 ις).
503 2778 542 2807 C:
564 2778 680 2811 stabim
702 2778 742 2804 ib.
761 2778 807 2805 A:
830 2776 935 2804 mirra.
1010 2781 1050 2802 22.
1066 2776 1109 2802 A:
1132 2773 1285 2812 sompnis.
1359 2772 1404 2799 20'.
1429 2772 1474 2798 A:
1494 2772 1525 2798 in

211 2813 354 2849 Tharsis;
396 2815 436 2842 ib.
458 2817 503 2842 A:
544 2818 572 2841 et
593 2814 673 2840 hinc.
809 2812 848 2840 31.
882 2812 910 2838 A
930 2811 960 2838 in
982 2817 1098 2845 marg:
1129 2808 1281 2840 Dubium;
1318 2807 1337 2833 Β
1359 2807 1388 2834 in
1410 2813 1525 2840 marg:

213 2848 354 2883 Questio.
471 2850 515 2884 37.
535 2850 563 2876 A
583 2849 614 2876 in
635 2854 750 2880 marg:
775 2846 966 2882 Responsi0;
988 2844 1009 2871 Β
1031 2845 1060 2872 in
1083 2851 1197 2878 marg:
1220 2842 1325 2878 Quare
1345 2846 1372 2869 et
1392 2841 1428 2869 ad
1449 2840 1524 2877 quid

213 2883 356 2912 Christus
376 2885 459 2912 venit
485 2885 515 2912 in
545 2883 710 2911 mundum.
782 2883 828 2910 38.
851 2881 891 2909 C:
913 2877 1157 2917 superfluitatem
1179 2883 1279 2913 atque.

1535 594 1605 622 The
1625 595 1706 630 Magi
1726 604 1809 624 were

1560 665 1566 669 .
1605 630 1739 667 divinely

1558 668 1727 693 instructed
1749 667 1780 694 in

1593 701 1645 727 the
1664 700 1750 728 saith.

1570 874 1707 901 Reasons
1728 874 1776 902 for

1537 909 1617 936 their
1643 911 1750 937 cholce
1781 909 1816 937 of

1591 944 1751 979 offerings.

1570 2103 1654 2140 Why
1676 2103 1782 2133 Christ

1573 2141 1669 2167 chose
1688 2144 1720 2167 ιο
1743 2140 1779 2167 be

1631 2182 1719 2211 poor.
