2017 3353
236 302 312 334 322
809 298 1032 332 JOHANNIS
1051 297 1235 330 WYCLIF
1255 296 1512 329 SERMONUM
1535 284 1686 342 [SERMO
1702 291 1838 320 XLVIII·

241 421 309 459 ‚Sin
332 419 481 456 defended
520 407 694 457 peccatis
728 415 765 443 et
798 405 1057 442 iustificantes
1099 416 1219 453 opere
1258 404 1318 440 vel
1357 415 1555 449 sermone,
1596 411 1638 438 ut
1676 402 1731 439 sic
1772 403 1837 438 de-

241 464 269 482 ¹¹³
291 456 340 482 ὼε
361 455 495 482 ⁵⁰¹¹⁰⁰¹⁵'
520 467 687 503 fendunt
720 465 825 513 ipsa,
860 476 935 512 que
969 462 1146 499 defensio
1180 461 1404 499 extenditur
1437 473 1562 510 usque
1585 462 1635 497 ad
1658 459 1838 497 scolasti-

521 537 601 571 cos,
643 536 732 560 cum
774 523 1035 571 reprobantes
1075 529 1240 569 peccata
1280 519 1490 556 scolastice
1529 518 1648 555 nimis
1688 530 1838 567 paucos

521 584 694 619 habeant
739 581 943 618 adiutores
987 581 1055 616 sed
1095 579 1396 627 impugnatores
1437 590 1480 614 ex
1523 585 1636 625 parte
1680 575 1840 624 dyaboli

521 640 722 677 invenient
746 639 865 675 nimis
890 638 1050 674 multos.
1085 640 1165 674 Nec
1200 636 1365 673 dubium
1400 635 1495 684 quin
1529 636 1627 672 tales
1662 634 1874 683 culpabi-5

521 699 610 735 liter
643 697 914 738 consenciant,
948 709 1085 744 ymmo
1119 695 1422 744 quodammodo
1455 693 1604 730 faciant
1637 693 1843 742 quodlibet

522 758 673 794 malum
707 755 858 792 mundi.
892 755 1002 791 Sicut
1036 754 1141 790 enim
1175 754 1393 790 multorum
1427 764 1567 789 navem
1592 751 1840 788 trahencium

522 815 688 864 quilibet
722 826 859 850 eorum
900 812 1021 849 trahit
1059 812 1187 861 ipsam
1228 820 1265 848 et
1305 811 1525 860 quamlibet
1558 810 1640 846 eius
1672 819 1843 858 partem,

522 873 578 909 sic
611 873 829 909 multorum
863 870 1112 907 trahencium
1148 882 1309 906 currum
1332 868 1487 917 peccati
1510 868 1549 904 in
1572 867 1665 916 iugo
1689 867 1844 916 peccati

525 930 685 978 dyaboli
718 929 886 979 quilibet
920 942 1058 965 eorum
1092 927 1215 965 trahit
1254 927 1384 976 ipsum
1425 936 1461 963 et
1500 926 1722 975 quamlibet
1761 926 1901 962 eiusm

524 998 693 1037 partem.
728 990 821 1024 Ideo
854 988 954 1024 solet
988 986 1065 1023 dici
1107 987 1215 1035 quod
1255 985 1469 1033 dupliciter
1506 993 1637 1032 potest
1676 983 1843 1032 intelligi

524 1047 740 1096 quicquam
780 1045 864 1082 fieri
904 1046 964 1082 vel
1002 1044 1165 1093 proprie
1203 1044 1264 1080 vel
1302 1042 1581 1091 participative
1624 1044 1844 1079 secundum

524 1105 814 1153 proprietatem
848 1103 1040 1140 faccionis
1073 1102 1219 1139 dicitur
1258 1102 1381 1138 homo
1421 1101 1642 1148 culpandus
1683 1099 1845 1149 proprie

524 1164 583 1200 vel
599 1163 836 1207 laudandus,
855 1170 890 1198 et
906 1162 973 1198 illa
989 1161 1209 1198 attenditur
1227 1172 1347 1208 penes
1365 1158 1654 1207 proprietatem
1679 1157 1845 1194 subiecti

526 1221 559 1257 ei
594 1220 851 1257 condiciones
884 1219 981 1256 alias
1014 1232 1112 1268 quas
1135 1218 1332 1267 explicant
1360 1217 1575 1254 naturales.
1609 1215 1846 1253 Faccionem
1866 1218 1903 1250 15

527 1288 660 1316 autem
694 1279 814 1315 aliam
847 1277 1126 1326 participative
1159 1276 1307 1313 dictam
1339 1275 1455 1324 pauci
1479 1274 1724 1323 concipiunt,
1757 1274 1848 1310 ideo

527 1346 691 1385 negant3
726 1345 878 1373 certum
913 1344 969 1372 est
1009 1345 1144 1372 tamen
1177 1336 1285 1383 quod
1318 1343 1399 1370 tam
1434 1333 1543 1370 racio
1567 1346 1686 1382 quam
1711 1340 1848 1369 aucto-

528 1395 624 1432 ritas
648 1396 723 1431 hoc
748 1394 961 1440 convincit,
987 1403 1022 1430 et
1046 1393 1136 1430 ideo
1160 1393 1252 1430 licet
1267 1391 1420 1441 politici
1436 1391 1613 1428 iudicent
1628 1392 1847 1427 secundum

529 1466 628 1501 opus
662 1453 871 1501 proprium
905 1461 942 1488 et
977 1464 1057 1488 non
1087 1452 1305 1488 secundum
1337 1449 1709 1498 participacionem‚
1744 1451 1849 1485 Deus

530 1521 665 1548 tamen
704 1511 771 1559 qui
803 1511 909 1546 solus
949 1509 1155 1558 cognoscit
1195 1508 1350 1557 peccati
1389 1507 1659 1555 gravedinem,
1702 1515 1738 1543 et
1782 1505 1849 1543 alii
1866 1518 1907 1540 20

531 1569 675 1618 quibus
698 1569 782 1617 ipse
804 1568 928 1605 voluit
952 1568 1127 1604 revelare
1151 1574 1397 1615 cognoscunt
1421 1567 1626 1614 quomodo
1649 1574 1730 1601 tarn
1755 1563 1849 1601 mali

531 1640 652 1677 quam
687 1627 780 1663 boni
812 1627 962 1663 faciunt
1003 1625 1281 1674 participative
1320 1634 1402 1661 tarn
1437 1636 1560 1672 opera
1592 1624 1698 1660 bona
1730 1635 1850 1671 quam

533 1686 650 1731 mala,
685 1698 775 1721 cum
798 1693 878 1721 tam
904 1684 999 1720 boni
1022 1696 1141 1732 quam
1167 1683 1261 1720 mali
1293 1691 1384 1719 sunt
1416 1683 1536 1718 ambo
1566 1694 1644 1718 una
1667 1693 1851 1730 persona,

532 1756 607 1793 que
646 1751 856 1791 promovet
888 1755 1011 1790 opera
1042 1754 1205 1778 suarum
1238 1740 1433 1789 parcium.
1472 1741 1521 1775 Et
1552 1739 1607 1776 sic
1640 1739 1853 1775 defendens

533 1803 708 1851 quadam
742 1801 991 1850 specialitate
1023 1800 1117 1836 facit
1150 1812 1273 1848 opera
1306 1797 1511 1835 defensati.
1869 1799 1908 1832 25

254 1875 278 1903 3.
301 1875 456 1907 c011nse1;
478 1874 514 1900 ιιι]
597 1859 784 1896 Tercium
818 1871 939 1907 genus
963 1867 1020 1895 est
1044 1857 1268 1903 consilium,
1300 1866 1336 1893 et
1359 1869 1449 1893 curn
1474 1854 1648 1904 quelibet
1671 1863 1854 1891 creatura

246 1909 507 1972 ῙιξιξὲἊἾὲᾹζὴὲᾒζ
535 1917 630 1954 dicit
663 1930 702 1954 se
741 1917 883 1965 ipsam,
924 1925 1033 1965 patet
1072 1917 1179 1964 quod
1219 1915 1371 1964 posicio
1411 1914 1682 1961 cuiuscunque
1722 1911 1853 1961 operis

307 1985 336 2006 10
358 1980 397 2006 do
419 1980 460 2006 ill·
535 1975 629 2012 mali
663 1975 758 2012 dicit
792 1975 1015 2023 cuicunque
1049 1975 1156 2011 malo
1190 1986 1259 2022 per
1293 1974 1458 2009 modum
1483 1971 1640 2009 consilii
1665 1971 1773 2019 quod
1797 1978 1854 2006 est

534 2034 666 2070 taliter
698 2034 962 2082 operandum.
988 2042 1029 2068 ut
1054 2032 1232 2068 medicus
1255 2032 1474 2068 secundum
1499 2030 1732 2066 Anselmum
1758 2027 1853 2064 dicit

535 2091 735 2128 efficacius
765 2092 868 2128 hanc
900 2092 1064 2127 herbam
1090 2102 1172 2126 esse
1195 2089 1454 2134 salutiferam,
1480 2089 1573 2124 dum
1590 2087 1702 2124 avide
1724 2086 1852 2134 ipsam
1869 2088 1911 2121 30

535 2150 615 2186 edit
648 2162 768 2199 quarn
793 2149 941 2186 diceret
965 2149 1179 2185 asserendo
1201 2147 1330 2184 verbis
1352 2147 1480 2195 ipsam
1505 2157 1587 2182 esse
1610 2144 1854 2193 pestiferam,

537 2217 573 2244 et
606 2208 661 2244 sic
695 2209 743 2244 de
771 2202 775 2261 Ι
806 2206 1021 2247 contrario,
1056 2206 1149 2254 quia
1183 2205 1314 2241 minus
1344 2203 1474 2240 verbis
1513 2215 1633 2251 quam
1667 2201 1854 2250 operibus
1872 2181 1952 2259 ¹¹:53¹}

538 2274 594 2302 est
628 2266 884 2302 credendum.
919 2266 996 2301 Sed
1029 2264 1194 2300 omnino
1228 2263 1479 2299 consulentes
1503 2260 1685 2309 explicite
1707 2259 1747 2295 in
1770 2259 1854 2307 lege
1896 2251 1906 2269 ‘

540 2323 643 2360 civili
676 2323 756 2359 sive
789 2322 953 2359 ecclesie
992 2323 1042 2359 ad
1080 2321 1308 2358 faciendum
1348 2321 1456 2368 quod
1495 2328 1610 2356 sonat
1649 2318 1690 2354 in
1728 2330 1854 2366 oppo-

539 2381 658 2417 situm
691 2380 788 2429 legis
821 2380 892 2417 Dei
924 2381 1142 2416 secundum
1168 2378 1410 2415 tradiciones
1434 2390 1524 2414 suas
1548 2376 1713 2413 iniustas
1735 2374 1854 2412 nimis
1872 2378 1909 2411 35

610 2512 630 2531 1.
652 2504 694 2531 A:
718 2503 906 2530 iustificatos.
1007 2510 1031 2529 2.
1055 2504 1096 2529 A:
1121 2501 1169 2529 ubi
1192 2501 1339 2528 defensio.
1440 2499 1464 2528 3.
1487 2500 1551 2528 BC:
1575 2499 1734 2526 scolastice
1755 2497 1854 2531 deest;

542 2538 582 2566 ib.
605 2538 626 2565 B
647 2538 677 2565 iu
699 2546 813 2577 marg:
835 2537 925 2564 Nota.
993 2545 1019 2571 7.
1042 2536 1081 2564 C:
1103 2537 1146 2563 sic
1166 2536 1257 2563 enim.
1331 2544 1423 2574 9—11.
1446 2535 1485 2563 C:
1508 2535 1550 2562 sic
1569 2550 1603 2554 —-
1621 2538 1739 2573 partem
1760 2533 1854 2560 deest.

542 2581 579 2601 12.
602 2573 639 2600 B:
668 2572 740 2608 quid
762 2572 842 2600 ueri:
874 2572 913 2599 C:
942 2571 1087 2606 quicquid
1110 2571 1189 2598 lieri:
1220 2571 1260 2598 ib.
1282 2571 1309 2598 A
1330 2579 1359 2597 iu
1382 2578 1496 2597 marm:
1522 2569 1647 2604 Aliquid
1671 2568 1732 2595 fieri
1757 2570 1856 2602 potest

541 2607 690 2646 accipitur
718 2606 894 2642 dupliciter:
929 2606 950 2632 B
978 2606 1006 2632 iu
1036 2614 1148 2640 marg:
1179 2605 1348 2640 Dupliciter
1374 2590 1551 2637 intelligitur
1577 2603 1691 2638 aliquid
1719 2602 1783 2629 fieri
1809 2601 1854 2627 vel

543 2651 597 2677 pro
625 2650 666 2669 rie
687 2646 714 2668 et
734 2650 787 2676 per
808 2650 838 2668 se
859 2642 902 2667 vel
925 2640 1031 2675 pai-tici
1059 2640 1147 2667 atixe.
1211 2648 1249 2675 17*
1272 2640 1337 2667 BC:
1359 2644 1403 2666 est
1424 2637 1534 2666 autem.
1593 2638 1632 2665 ιδ.
1654 2638 1697 2664 A:
1720 2636 1851 2671 poletici.

543 2686 584 2712 19·
633 2676 673 2703 C:
696 2675 961 2711 participativum:
983 2675 1023 2702 ib.
1083 2675 1111 2702 iu
1135 2683 1248 2709 marga
1271 2673 1456 2709 Desperacio
1479 2677 1684 2708 peccatorum.
1723 2670 1765 2698 23.
1788 2669 1853 2697 BC:

542 2712 633 2738 umbo
655 2716 725 2737 suut
745 2719 814 2737 uua.
879 2718 924 2743 24.
948 2709 1013 2736 BC:
1037 2715 1229 2744 promovent.
1289 2709 1335 2736 26.
1356 2710 1384 2736 A
1405 2708 1433 2735 iu
1457 2716 1570 2742 marg:
1592 2707 1754 2734 Tercium:
1782 2705 1803 2732 B
1825 2705 1853 2731 iu

543 2754 656 2784 marga
679 2745 851 2772 Consilium
873 2744 909 2771 ad
932 2744 1131 2779 peccandum.
1218 2752 1262 2779 27.
1284 2743 1349 2770 BC:
1379 2742 1550 2769 wositivum.
1636 2749 1683 2776 29.
1705 2739 1770 2767 BC:
1791 2739 1855 2766 Nec

544 2781 698 2811 medicus:
720 2780 760 2827 i'b.
776 2779 842 2807 BC:
863 2778 1032 2806 secuudum
1054 2778 1281 2813 Augustiuum:
1303 2778 1343 2805 ib.
1366 2778 1373 2805 l
1409 2777 1438 2804 iu
1461 2785 1574 2811 marg:
1597 2776 1639 2802 Dc
1661 2775 1731 2802 reali
1754 2774 1854 2801 diceu-

543 2815 598 2842 cia.
621 2816 696 2842 Aus.
715 2817 750 2847 [Α.

616 2875 745 2951 296(ςῖῐῖ
772 2874 936 2906 Eadmeri
969 2874 1019 2904 De
1047 2873 1204 2904 Anselmi
1238 2872 1535 2911 similitudinibus,
1572 2871 1626 2902 ed.
1660 2868 1852 2904 Gerberon,

546 2931 621 2963 pag.
656 2931 662 2950 1
