2057 3353
599 862 1077 920 PRAEFATIO.

237 1023 338 1058 Cum
372 1023 477 1058 Deus
525 1022 784 1072 undiquaque
823 1025 963 1072 plenus
1007 1026 1198 1063 abhorret
1236 1040 1407 1064 vacuum
1456 1037 1492 1064 et

178 1079 463 1116 abhominatur
501 1080 541 1117 in
581 1091 764 1119 creatura
803 1096 873 1119 sua
912 1083 1107 1120 racionali
1145 1084 1292 1132 ocium,
1336 1085 1493 1122 videtur

177 1140 285 1186 quod
318 1137 484 1187 quilibet
523 1139 650 1176 fidelis
688 1142 907 1177 secundum
946 1143 1141 1178 talentum
1181 1142 1255 1179 sibi
1295 1143 1491 1180 creditum

144 1198 291 1233 §daret
329 1209 494 1244 operam
536 1200 586 1234 ad
626 1198 820 1236 instanter
859 1212 904 1235 ac
944 1199 1099 1237 solicite
1138 1204 1388 1249 operandum
1432 1215 1491 1238 se-

178 1256 353 1291 cundum
407 1268 635 1292 mensuram
696 1257 791 1293 dicti
844 1257 983 1294 talenti
1036 1267 1073 1295 et
1126 1260 1320 1307 temporis
1380 1262 1487 1308 quod

179 1312 374 1349 Dominus
403 1313 477 1349 sibi
506 1314 672 1351 tradidit
701 1317 750 1352 ad
780 1317 885 1352 hunc
916 1316 1049 1364 finem3
1084 1318 1131 1353 Et
1156 1317 1246 1354 ideo
1270 1328 1312 1354 ut
1335 1327 1490 1354 senten-

176 1370 237 1407 cia
270 1370 342 1408 Dei
374 1371 424 1407 sit
456 1372 614 1420 planior
648 1382 684 1409 et
717 1386 852 1410 servus
890 1387 983 1410 suus
1023 1375 1174 1411 inutilis
1214 1376 1489 1423 excusabilior,

175 1429 331 1465 videtur
363 1431 470 1477 quod
505 1430 543 1467 in
577 1430 645 1467 illo
679 1431 768 1468 ocio
803 1445 881 1480 quo
916 1445 937 1469 a
970 1433 1191 1470 scolasticis
1230 1434 1413 1471 ociamur
1454 1444 1490 1471 et

121 1487 214 1523 10in
253 1486 486 1535 particulari
527 1489 778 1526 edificacioni
820 1491 985 1527 ecclesie
1025 1491 1064 1528 in
1107 1492 1183 1528 fine
1223 1492 1378 1529 dierum
1418 1506 1488 1529 no—

174 1554 348 1582 strorum
372 1546 649 1591 sollicitamur,
684 1548 761 1585 sint
784 1561 1031 1585 sermones
1055 1552 1196 1587 rudes
1220 1552 1269 1587 ad
1293 1552 1487 1599 populum

176 1603 404 1652 colligendi,
445 1614 486 1640 ut
519 1605 550 1641 si
584 1606 650 1654 qui
684 1619 778 1643 sane
812 1607 994 1644 doctrine
1028 1607 1175 1644 Christi
1215 1609 1488 1645 consenserint

175 1662 262 1709 plus
294 1671 496 1702 notentur,
532 1672 568 1700 et
602 1664 666 1712 qui
702 1677 724 1701 a
756 1664 924 1702 veritate
957 1666 1158 1703 catholica
1200 1667 1487 1703 declinaverint

175 1719 436 1757 declinentur.
478 1724 579 1758 Nam
625 1735 671 1758 ea
715 1722 942 1760 intencione
990 1737 1061 1771 ego
1108 1737 1198 1761 cum
1246 1738 1487 1773 quocunque

121 1779 157 1812 15
175 1778 374 1814 catholico
420 1779 538 1826 plane
582 1780 738 1828 loquor.
784 1783 831 1817 Et
876 1791 918 1817 ut
962 1782 1230 1829 fragmentum
1273 1784 1485 1820 collectum

174 1835 311 1883 apcius
350 1845 564 1873 annotetur
603 1838 651 1885 (si
691 1840 795 1875 Deus
835 1839 1033 1885 voluerit),
1080 1853 1150 1888 per
1194 1841 1370 1888 singulas
1416 1842 1487 1877 do-

174 1893 340 1930 minicas
374 1907 444 1942 per
475 1894 567 1931 anni
601 1895 794 1932 circulum
830 1906 1138 1935 transcurretur.

231 1953 400 1988 Possunt
429 1962 561 1989 autem
592 1953 665 1991 iste
694 1954 895 1992 dominice
926 1957 1286 2004 correspondentes
1315 1958 1364 1993 ad
1395 1956 1486 1993 anni

173 2009 367 2046 circulum
406 2010 527 2046 dividi
566 2011 605 2048 in
644 2013 859 2059 senarium,
900 2013 967 2062 qui
1008 2023 1064 2050 est
1102 2014 1256 2063 primus
1288 2015 1487 2063 perfectus

114 2080 158 2103 20
172 2080 361 2105 numerus
400 2068 617 2107 circularis.
658 2071 792 2108 Prima
825 2084 916 2120 pars
955 2081 1012 2108 est
1045 2073 1325 2121 quaternarius
1359 2073 1487 2109 domi-

170 2125 352 2163 nicarum
387 2128 578 2164 adventus
602 2129 777 2165 Domini.
812 2131 996 2167 Secunda
1028 2143 1122 2167 vero
1155 2144 1247 2180 pars
1281 2131 1487 2179 quinarius

171 2184 466 2221 dominicarum
497 2199 518 2222 a
549 2187 751 2224 dominica
776 2187 906 2236 prima
930 2198 1020 2236 post
1044 2190 1238 2226 Octavam
1264 2189 1488 2238 Epiphanie

170 2255 295 2291 usque
318 2245 368 2279 ad
392 2243 637 2281 dominicam
661 2245 834 2293 primam
852 2247 1166 2295 Septuagesime.
1182 2248 1326 2284 Tereia
1353 2257 1486 2285 autem

170 2313 262 2347 pars
307 2310 363 2337 est
407 2303 456 2338 ab
501 2301 569 2339 illa
613 2303 817 2340 dominica
855 2317 979 2353 usque
1012 2307 1061 2341 ad
1097 2307 1248 2342 Pascha
1294 2306 1488 2343 exclusive

113 2363 153 2396 25
171 2371 246 2406 que
283 2358 452 2395 includit
484 2373 626 2397 novem
663 2362 899 2399 dominicas.
935 2365 1087 2409 Quarta
1127 2373 1260 2400 autem
1299 2377 1390 2412 pars
1431 2373 1487 2401 est

170 2415 360 2454 inclusive
399 2431 420 2454 a
454 2420 606 2456 Pascha
645 2433 770 2468 usque
803 2422 853 2457 ad
888 2420 993 2457 diem
1027 2421 1296 2469 Ascensionis,
1332 2436 1408 2471 que
1448 2422 1487 2458 in

169 2486 233 2510 sex
277 2475 489 2512 dominicis
534 2486 590 2513 est
635 2477 813 2526 impleta.
854 2479 930 2515 Sed
975 2479 1114 2528 quinta
1160 2493 1251 2528 pars
1291 2480 1486 2517 difformis

170 2541 227 2568 est
259 2532 450 2571 inclusive
484 2547 505 2571 a
539 2535 669 2583 prima
703 2536 905 2573 dominica
939 2547 1028 2585 post
1062 2538 1205 2574 festum
1231 2538 1486 2575 Ascensionis

169 2603 294 2639 usque
333 2593 382 2628 ad
422 2592 668 2630 dominicam
701 2594 911 2631 Trinitatis
951 2605 988 2632 et
1027 2595 1206 2633 continet
1251 2597 1486 2645 regulariter

240 2745 259 2764 1.
281 2738 368 2765 Hanc
390 2739 610 2773 praefationem
633 2741 831 2768 solummodo
852 2742 881 2769 iu
903 2742 994 2770 codd.
1011 2743 1032 2770 Β
1054 2748 1081 2770 et
1102 2744 1126 2771 C
1147 2744 1294 2771 invenies.
1317 2744 1484 2772 l'raet‘atim

170 2770 218 2798 hic
238 2773 344 2799 titulus
366 2774 449 2800 deest
470 2774 498 2800 in
520 2775 611 2801 codd.
673 2783 699 2802 2.
721 2776 744 2802 C
766 2776 795 2803 in
818 2785 932 2812 marg:
955 2777 1095 2805 Vacuum
1118 2779 1230 2806 ocium.
1294 2787 1320 2814 7.
1343 2779 1380 2805 H:
1403 2780 1484 2806 Deus

167 2806 236 2845 (si-c).
257 2807 326 2845 sibi.
402 2809 442 2835 [δ’.
463 2809 485 2835 Β
507 2809 537 2836 in
559 2817 673 2845 marga
707 2810 866 2838 liominice
893 2812 1074 2840 dividuntur
1100 2813 1129 2840 in
1158 2822 1225 2845 sex;
1257 2814 1281 2841 C
1308 2814 1336 2840 in
1366 2822 1483 2847 marai:

169 2840 290 2904 lglvisu}
318 2842 542 2870 dominicarum
574 2845 644 2871 anni
674 2845 703 2872 in
734 2846 888 2873 senarium
920 2855 1094 2875 numerum.
1208 2849 1482 2883 22.l²1inmarg.:

194 2883 268 2903 ecun
296 2886 322 2904 a.

1543 1037 1679 1065 Reasons
1701 1039 1749 1065 for

1508 1073 1669 1108 collecting
1700 1074 1783 1101 these

1570 1116 1720 1135 sermons.

1589 1967 1685 1995 Their

1527 2009 1751 2038 ssl'l'ssllgelllesst.
