2017 3353
128 290 202 326 168

710 296 934 329 JOHANNIS
962 295 1146 329 wchF
1173 296 1432 330 SERMONUM
1459 283 1611 343 [SERMO
1633 294 1728 323 xxv.

150 412 252 439 Doors
272 411 374 438 closed
417 405 719 450 excludendam,
761 404 829 440 sed
868 404 1087 440 secundum
1133 403 1438 441 ordinacionem
1488 403 1559 440 Dei
1598 404 1730 441 clause

154 447 218 473 that
238 446 370 473 Christ's

121 489 229 517 power
244 481 342 516 might
363 481 399 508 be
415 472 507 499 sunt
530 462 647 499 ianue
681 462 731 499 ad
755 462 1048 499 ostendendum
1072 461 1303 499 subtilitatis
1328 463 1463 499 dotem
1488 474 1558 510 per
1582 462 1729 499 Christi

163 515 355 543 manifested.

148 991 233 1026 Why
255 989 360 1017 Christ

162 1025 282 1053 shewed
305 1025 352 1051 his

185 1059 326 1087 wounds.

137 1456 205 1485 The
225 1456 371 1492 disciples

146 1499 225 1518 were
246 1496 276 1518 to
296 1491 365 1526 gain

183 1534 273 1561 peace
294 1526 333 1562 by

173 1561 339 1596 spreading

163 1595 276 1623 abroad
298 1595 346 1622 the

212 1630 305 1658 truth.

150 2268 234 2303 Why
256 2266 359 2295 Christ

154 2303 296 2330 breatlied
320 2310 358 2329 On

213 2338 305 2365 them.

414 519 624 557 introitum
658 521 707 557 ad
742 520 896 556 clausas
929 518 1083 556 ianuas.

470 578 517 615 Et
541 578 634 627 quia
658 577 871 626 dupliciter
894 577 1042 614 turbati
1067 586 1170 623 sunt,
1194 577 1345 615 scilicet
1368 586 1534 626 propter
1557 587 1728 615 mortem

411 636 575 674 Domini
628 645 665 673 et
715 644 882 684 propter
934 631 1317 690 perse'cucionem
1362 635 1584 683 Judaicam,
1638 636 1729 673 ideo

410 695 612 743 signanter
654 695 765 730 Jesus
805 702 913 730 stans
952 693 992 730 in
1031 693 1165 730 medio
1198 707 1337 731 eorum
1377 696 1635 731 commendat
1675 694 1729 731 eis

409 766 548 801 pacem
584 765 705 801 quam
738 760 873 788 tamen
906 751 1133 800 specialiter
1163 753 1250 789 Joh.
1283 754 1404 799 X1V0‚
1441 763 1490 800 27
1526 765 1729 789 commen-

410 811 528 848 davit.
574 811 627 847 Et
672 822 755 846 cum
801 810 872 846 hoc
917 810 1091 857 dixisset,
1130 809 1303 846 ostendit
1339 823 1380 847 se
1420 823 1503 847 esse
1543 810 1649 847 idem
1689 810 1728 846 in

408 882 576 906 numero
612 867 679 917 qui
713 867 767 904 eis
800 880 941 916 pacem
974 867 1083 916 prius
1116 867 1356 916 promiserat
1389 877 1425 905 et
1457 877 1499 904 ut
1532 868 1728 905 Dominus

408 940 453 964 ac
488 926 676 974 magister
708 926 818 974 prius
850 925 958 974 ipsos
982 935 1148 963 rexerat.
1174 928 1247 963 Per
1270 927 1346 963 hoc
1375 926 1479 963 enim
1505 935 1547 962 ut
1571 926 1726 975 signum

409 984 636 1022 evideneius
682 984 846 1020 ostendit
888 985 941 1021 eis
985 997 1176 1021 manuum
1230 993 1267 1021 et
1318 984 1453 1021 lateris
1507 984 1726 1031 cicatrices,

407 1056 489 1079 non
546 1051 589 1079 ut
648 1043 813 1079 vulnera
873 1051 986 1079 erant
1045 1042 1289 1091 incomplete
1345 1051 1497 1089 sanata,
1555 1044 1623 1079 sed
1684 1051 1727 1079 ut

409 1102 631 1138 declararet
663 1100 928 1137 universalem
963 1100 1143 1149 corporis
1177 1100 1236 1137 sui
1268 1100 1576 1149 idemptitatem,
1612 1110 1649 1137 et
1671 1100 1727 1137 sic

409 1167 688 1196 remanserunt
721 1157 928 1195 cicatrices
961 1160 1011 1195 ad
1044 1168 1201 1207 tempus
1225 1167 1390 1207 propter
1412 1158 1569 1206 signum
1595 1159 1727 1195 multi-

408 1218 508 1266 plex,
549 1226 633 1253 tum
673 1225 839 1265 propter
878 1215 1026 1253 Christi
1066 1216 1247 1265 corporis
1285 1216 1594 1265 idemptitatem,
1641 1226 1725 1253 tum

409 1274 534 1312 eciam
569 1276 619 1312 ad
651 1275 942 1311 ostendendam
976 1274 1145 1323 gloriam
1180 1288 1224 1311 ex
1255 1274 1331 1311 illis
1363 1274 1593 1311 vulneribus
1634 1287 1726 1311 con-

408 1342 600 1380 secutam,
647 1342 683 1369 et
727 1332 782 1369 sic
824 1333 955 1383 gavisi
989 1340 1077 1370 sunt
1115 1333 1294 1383 discipuli
1330 1341 1471 1370 contra
1503 1332 1724 1381 predictam

409 1391 610 1440 duplicem
644 1390 855 1427 tristiciam
891 1390 970 1427 viso
1002 1391 1182 1427 Domino.

467 1450 572 1486 Dicit
623 1449 676 1486 eis
732 1449 892 1485 iterum:
949 1449 1038 1485 Pax
1088 1449 1205 1496 vohis,
1263 1458 1299 1485 et
1343 1448 1494 1486 idcireo
1539 1449 1614 1485 hoc
1669 1448 1726 1484 in-

410 1507 599 1555 geminat,
646 1506 739 1555 quia
782 1505 906 1543 voluit
951 1506 1058 1555 ipsos
1103 1506 1247 1543 iterum
1294 1507 1490 1543 instruere
1535 1508 1582 1543 de
1627 1519 1725 1555 pace

409 1566 542 1602 futura
586 1573 800 1613 perpetua3
855 1573 891 1600 et
943 1564 1077 1601 subdit
1126 1564 1201 1601 illis
1252 1564 1429 1601 medium
1482 1566 1531 1601 ad
1584 1577 1724 1612 pacem

408 1623 518 1660 illam
553 1621 724 1659 finaliter
763 1623 1029 1669 subeundum,
1064 1624 1171 1671 quod
1204 1622 1305 1660 sicut
1342 1632 1456 1671 pater
1489 1621 1595 1658 misit
1635 1635 1724 1659 eum

409 1682 458 1718 ad
492 1682 719 1718 docendum
757 1679 967 1717 veritatem
1008 1680 1099 1717 fidei
1138 1680 1177 1717 in
1215 1682 1352 1727 Judea,
1393 1680 1449 1717 sic
1487 1680 1570 1728 ipse
1605 1680 1726 1716 mittit

409 1752 476 1776 eos
520 1740 570 1775 ad
615 1740 782 1776 eandem
827 1738 1035 1775 veritatem
1081 1738 1247 1775 ubilibet
1286 1738 1587 1787 publicandum.
1623 1741 1724 1775 Nam

408 1797 533 1834 Marci
566 1797 708 1834 ultimo
741 1796 928 1834 scribitur
960 1798 1069 1845 quod
1101 1796 1272 1846 apostoli
1303 1796 1609 1845 predicaverunt
1641 1795 1727 1832 ubi-

409 1868 497 1904 que,
532 1868 622 1892 cum
655 1868 737 1892 non
769 1854 818 1891 sit
850 1854 993 1903 aliquis
1026 1856 1136 1892 locus
1175 1855 1214 1891 in
1254 1856 1403 1891 mundo
1437 1854 1533 1903 quin
1566 1863 1726 1903 aposto-

408 1915 538 1950 lorum
572 1912 802 1961 predicacio
834 1912 983 1949 ibidem
1018 1913 1137 1950 finem
1171 1913 1414 1950 laudabilem
1438 1913 1566 1950 fuerat
1590 1925 1726 1949 conse-

409 1980 518 2016 cuta3
563 1971 653 2007 ideo
691 1970 894 2019 signanter
934 1979 970 2008 et
1008 1983 1098 2008 vere
1145 1971 1290 2008 dicitur
1328 1972 1532 2019 apostolos
1578 1970 1725 2019 ubique

408 2029 648 2078 predicasse.
689 2031 791 2065 Nam
831 2030 1050 2066 secundum
1091 2029 1272 2066 raciones
1306 2029 1546 2077 multiplices
1580 2028 1725 2065 dicitur

409 2096 634 2125 creaturam
668 2099 750 2124 esse
784 2087 929 2124 alicubi
966 2088 1023 2134 (ut
1056 2087 1119 2124 hic
1151 2087 1423 2136 supponitur),
1456 2088 1524 2123 sed
1549 2086 1642 2135 quia
1674 2088 1723 2123 ad

408 2154 566 2182 tantum
606 2144 872 2182 ministerium
914 2144 1130 2194 requiritur
1170 2145 1306 2182 efficax
1346 2157 1568 2193 cooperans
1600 2144 1723 2181 virtus

409 2203 542 2240 divina
593 2212 712 2251 atque
769 2203 1069 2251 predicancium
1126 2203 1324 2251 potencia,
1378 2203 1468 2239 ideo
1520 2202 1724 2251 signanter

408 2261 622 2312 insufflavit
664 2261 700 2297 in
745 2274 820 2308 eos,
854 2261 989 2298 dicens
1029 2263 1136 2310 quod
1170 2261 1363 2309 Spiritum
1399 2262 1588 2297 Sanctum
1621 2259 1724 2296 acci-

408 2328 547 2367 perent
587 2327 623 2355 et
661 2327 901 2367 potestatem
941 2318 1171 2356 remittendi
1217 2328 1253 2355 et
1303 2318 1499 2355 retinendi
1543 2326 1721 2366 peccata,

410 2379 504 2413 dum
538 2389 676 2413 eorum
701 2377 889 2424 operacio
913 2377 1029 2413 fuerit
1054 2389 1230 2414 consona
1254 2376 1419 2413 ecclesie
1441 2375 1720 2424 triumphanti.

409 2437 457 2471 Et
481 2447 552 2483 per
574 2434 690 2471 istam
715 2434 1033 2472 insufflacionem
1063 2434 1199 2472 docuit
1221 2444 1303 2471 tam
1320 2434 1513 2482 Spiritum
1531 2435 1721 2471 Sanctum

410 2505 530 2541 quam
566 2491 648 2529 eius
682 2493 786 2529 dona
810 2494 858 2529 ab
882 2492 968 2541 ipso
993 2494 1210 2541 procedere
1233 2501 1276 2529 ut
1299 2506 1320 2529 a
1344 2501 1470 2541 patre.
1503 2495 1593 2529 Non
1616 2491 1719 2528 enim

409 2550 492 2588 sine
526 2562 645 2587 causa
672 2550 840 2587 notabili
864 2563 907 2587 ex
930 2550 1073 2599 puerili
1097 2550 1315 2587 insolencia
1337 2550 1470 2587 taliter
1492 2549 1721 2587 insufflavit.

479 2693 498 2712 1.
520 2686 564 2712 A:
586 2685 820 2712 excludendum.
877 2684 905 2711 6.
927 2685 971 2712 A:
994 2689 1078 2712 stans
1099 2684 1193 2712 deest.
1250 2693 1275 2720 7.
1297 2686 1342 2712 A:
1363 2689 1463 2711 tamen
1485 2684 1586 2719 deest3
1614 2685 1653 2712 ib.
1675 2686 1720 2712 A:

408 2720 487 2747 XIII.
540 2728 568 2755 9.
590 2720 634 2747 A:
657 2719 738 2755 quod
761 2719 846 2754 prius
868 2727 973 2754 pacem
995 2719 1038 2746 eis
1060 2719 1243 2754 permiserit.
1296 2728 1336 2746 10.
1353 2720 1397 2746 A:
1418 2723 1451 2746 ut
1471 2719 1564 2746 deest.
1617 2727 1653 2746 12.
1673 2720 1718 2747 A:

409 2759 535 2785 sanato:
556 2754 672 2781 Codd.:
700 2754 730 2781 in
751 2754 914 2788 completo.
1011 2754 1048 2781 15.
1071 2753 1137 2781 BC:
1171 2754 1393 2789 idemptitatem
1416 2758 1443 2780 et
1462 2753 1718 2788 indemptitatem.

410 2789 451 2816 16.
472 2790 516 2816 A:
538 2788 774 2816 ostendendum.
832 2787 872 2819 16,
895 2796 933 2822 17.
954 2788 999 2815 A:
1021 2789 1288 2822 consequenciam.
1337 2796 1378 2819 ιο.
1400 2788 1445 2815 A:
1466 2788 1575 2815 iterum
1597 2796 1716 2823 parum.

409 2823 451 2851 23.
473 2824 516 2850 A:
540 2823 712 2858 sicutipse.
769 2830 817 2858 29.
839 2822 904 2850 BC:
932 2822 1006 2849 inibi
1034 2822 1218 2857 predicasse.
1274 2822 1320 2850 30.
1349 2820 1388 2849 C:
1416 2826 1562 2849 creatura.
1618 2821 1656 2849 31.
1679 2823 1717 2850 B:

410 2857 624 2885 ministerium.
713 2856 752 2887 31,
773 2856 816 2884 32.
838 2857 882 2884 A:
905 2856 1001 2884 virtus
1022 2856 1123 2892 itaque
1145 2856 1383 2892 predicancium.
1463 2855 1505 2884 33.
1525 2857 1571 2884 A:
1592 2856 1717 2884 docens.

408 2891 451 2922 33,
467 2891 512 2926 34.
534 2893 577 2919 A:
599 2891 758 2927 accipient.
840 2890 886 2925 34.
908 2892 952 2918 A:
975 2891 1139 2918 retenendi.
1238 2890 1285 2919 36.
1306 2892 1350 2919 A:
1371 2896 1433 2918 tam
1455 2891 1553 2925 deest;
1581 2891 1621 2918 ib.
1644 2891 1665 2918 B
1686 2891 1715 2918 in

410 2935 524 2961 marg:
543 2927 631 2954 Jesus
651 2934 744 2961 quare
764 2925 931 2953 insufflavit
951 2925 980 2953 in
1001 2926 1170 2961 apostolos
1243 2925 1288 2953 38.
1308 2926 1352 2954 A:
1374 2925 1499 2953 notabili
1520 2925 1652 2953 insolita.

1746 616 1818 648 Fol.

1750 660 1828 706 159ιι

1748 939 1786 961 10

1748 1219 1784 1250 15

1743 1519 1784 1540 20

1745 1800 1783 1832 25

1740 2089 1782 2121 30

1740 2378 1777 2411 35
