2017 3353
188 264 237 301 58

207 387 258 414 ΙΙΙ.
279 386 361 414 That
381 386 432 414 the

206 423 316 456 people
337 421 435 455 might

185 457 258 483 hear
270 456 319 483 the
333 456 456 484 witness

202 491 236 519 of
254 491 303 518 the
324 490 431 526 Spirit.

184 677 287 706 Christ
313 686 399 705 came
427 682 457 705 to

184 713 231 740 his
263 713 392 740 inferior
424 721 458 740 as

196 756 233 774 an
254 749 396 782 example
416 752 445 775 to

245 784 387 818 prelates.

183 1144 313 1173 Christ’s
323 1146 457 1181 baptism

216 1189 281 1208 was
302 1182 350 1209 for
369 1182 417 1209 the

202 1215 311 1243 benefit
331 1216 366 1244 of
382 1217 431 1244 the

186 1249 326 1284 chureii,
343 1256 395 1279 not
410 1252 458 1279 for

247 1286 293 1313 his
315 1294 395 1314 own.

776 269 999 302 JOHANNIS
1020 269 1203 302 WYCLIF
1231 268 1488 301 SERMONUM
1551 252 1705 303 [SERMO
1728 264 1770 292 1x

473 377 799 426 regenerativam,
825 385 862 413 et
894 376 1018 413 tercio
1050 384 1093 412 ut
1125 376 1295 424 populus
1319 375 1474 411 audiret
1507 373 1783 411 testimonium

472 436 634 485 spiritus
668 435 792 472 sancti
816 435 863 471 de
885 435 1078 470 Johanne.
1113 433 1229 470 Venit
1263 433 1459 482 (inquam)
1485 433 1533 469 ad
1567 432 1783 468 notandam

472 494 723 540 distanciam,
749 492 844 542 quia
875 505 897 529 a
930 492 1080 528 Galilea
1113 492 1153 528 in
1185 505 1263 540 qua
1294 500 1412 527 natus
1436 499 1494 527 est
1526 490 1566 526 in
1598 498 1712 526 utero
1746 489 1785 526 in

475 553 703 598 Jordanem,
744 550 812 587 ubi
845 559 927 586 erat
957 551 1159 586 Johannes
1198 549 1404 597 baptizans
1436 557 1600 596 propter
1630 549 1784 584 habun-

473 610 657 648 danciam
691 621 804 658 aque.
838 611 887 644 Et
920 607 959 643 in
992 608 1067 644 hoc
1092 607 1361 644 confundebat
1395 606 1535 643 mundi
1557 603 1818 654 superbiam-'³

473 681 551 718 qua
583 667 765 716 superior
787 665 937 714 appetit
969 674 1012 702 ut
1045 665 1208 702 inferior
1235 665 1469 701 obedienter
1489 677 1512 701 a
1534 659 1786 720 distanciori}
1809 661 1889 722 FOIII

473 728 562 763 loco
596 726 719 762 eciam
759 723 987 761 laboriosus
1027 723 1101 760 sibi
1140 723 1324 760 adveniat
1356 732 1394 759 et
1425 721 1511 759 odit
1550 723 1625 758 hoc
1658 722 1785 759 facere
1812 718 1871 750 147

473 785 511 821 in
545 792 671 821 semet
702 783 802 831 ipso,
838 790 882 818 ut
913 790 1022 830 patet
1054 783 1101 818 de
1133 794 1236 829 papa
1269 790 1306 817 et
1348 780 1619 817 cardinalibus
1653 790 1690 817 et
1724 793 1785 817 ex-

474 841 690 880 cusabilius
705 841 744 877 in
767 840 907 878 mundi
925 840 1178 888 potentibus;
1204 848 1241 876 et
1260 840 1480 876 concordat
1503 838 1784 886 interpretacio

473 900 700 946 nominum,
736 912 827 936 cum
862 911 883 935 a
915 899 1039 947 gradu
1078 897 1455 945 transmigracionis
1488 909 1568 945 qua
1603 896 1785 932 Christus
1807 903 1844 925 10

472 959 512 996 in
545 958 690 995 virtute
723 969 882 1005 semper
919 956 1143 1005 profecerat
1173 956 1280 992 venit
1311 956 1361 992 ad
1392 954 1520 991 rivum
1555 954 1707 1001 iudicii,
1746 954 1787 990 in

473 1030 554 1067 quo
593 1015 774 1064 oportuit
814 1014 1018 1052 Christum
1071 1011 1133 1067 (ut
1172 1013 1268 1050 dicit
1306 1013 1530 1061 apostolus)
1572 1021 1786 1061 propterea

474 1074 651 1115 exaltari.

529 1133 636 1170 Finis
676 1140 809 1169 autem
850 1129 1141 1179 baptizacionis
1174 1129 1337 1166 Domini
1374 1141 1456 1165 non
1494 1129 1580 1176 fuit,
1620 1137 1665 1165 ut
1702 1128 1786 1177 ipse

473 1190 738 1239 spiritualiter
770 1203 792 1227 a
822 1191 1002 1226 Johanne
1026 1188 1066 1225 in
1099 1200 1271 1236 persona
1303 1187 1466 1235 propria
1498 1187 1784 1236 baptizaretur,
1807 1184 1843 1218 ¹5

473 1251 541 1287 sed
585 1258 629 1286 ut
672 1248 841 1285 ecclesia
885 1260 956 1284 sua
988 1247 1135 1283 virtute
1180 1258 1250 1282 sue
1295 1245 1534 1282 humilitatis
1582 1254 1620 1282 et
1654 1245 1785 1282 meriti

473 1307 756 1356 baptizaretur.
792 1307 884 1343 Ideo
909 1318 1001 1342 cum
1018 1304 1163 1353 duplex
1185 1304 1236 1341 sit
1258 1303 1496 1352 baptismus,
1522 1303 1676 1340 scilicet
1698 1316 1784 1340 cor—

473 1365 622 1414 poralis
655 1365 723 1414 qui
756 1364 799 1401 fit
830 1377 901 1413 per
923 1376 1069 1413 aquam
1094 1362 1377 1408 communiter,
1404 1371 1440 1399 et
1463 1361 1684 1410 spiritualis
1718 1361 1786 1410 qui

473 1424 516 1461 fit
546 1436 617 1472 per
639 1423 820 1472 graciam
846 1421 1051 1468 trinitatis,
1086 1434 1223 1458 verum
1249 1420 1431 1468 implicat
1452 1421 1653 1457 Johannes
1677 1420 1785 1469 quod

473 1483 557 1531 ipse
591 1483 708 1518 debet
740 1493 762 1518 a
796 1480 957 1518 Christo
991 1479 1183 1528 baptizari
1219 1478 1494 1527 spiritualiter,
1527 1487 1572 1515 ut
1595 1486 1705 1526 patet
1737 1479 1785 1515 de
1802 1485 1844 1507 20

473 1539 797 1577 sanctificacione
830 1552 902 1576 sua
935 1539 973 1575 in
1013 1547 1141 1584 utero,
1185 1547 1222 1574 et
1268 1549 1360 1574 cum
1399 1537 1477 1573 hoc
1517 1536 1601 1573 sine
1640 1549 1784 1584 repug-

473 1598 616 1635 nancia
656 1597 839 1634 Christus
878 1597 985 1633 venit
1016 1597 1066 1633 ad
1100 1596 1244 1644 ipsum,
1279 1603 1321 1631 ut
1353 1594 1624 1643 baptizaretur
1654 1594 1786 1642 bapti-

473 1657 636 1693 zacione
682 1656 874 1704 equivoca
926 1663 1090 1702 propter
1135 1666 1274 1690 causas
1319 1653 1504 1703 superius
1548 1652 1783 1701 assignatas,

474 1715 563 1752 ideo
598 1713 780 1751 Christus
813 1713 924 1761 prior
954 1711 1148 1749 Johannis
1181 1712 1384 1759 signanter
1427 1712 1593 1748 mandat
1634 1719 1676 1747 ut
1708 1710 1784 1747 vir-

471 1782 555 1810 tute
587 1771 820 1809 obediencie
854 1772 931 1808 hoc
961 1782 1066 1807 nunc
1091 1769 1326 1807 sentenciat.
1358 1772 1407 1806 Et
1432 1781 1553 1806 causa
1586 1769 1783 1816 subditur,
1803 1766 1842 1799 25

473 1831 566 1880 quia
612 1830 667 1867 sic
712 1831 826 1866 decet
870 1829 1080 1866 dominum
1127 1837 1164 1864 et
1209 1840 1367 1864 servum
1407 1827 1577 1875 implere
1621 1839 1784 1863 omnem

473 1888 688 1927 iusticiam.
743 1889 843 1926 Cum
890 1886 994 1924 enim
1040 1885 1198 1923 iusticia
1240 1885 1281 1922 in
1326 1898 1396 1922 sua
1441 1885 1702 1934 generalitate
1735 1885 1786 1921 sit

472 1948 608 1994 virtus,
643 1960 721 1995 qua
754 1946 842 1995 quis
876 1946 977 1982 iuste
1010 1945 1114 1991 vivit,
1149 1953 1186 1981 et
1218 1945 1294 1981 hoc
1318 1944 1511 1992 competit
1532 1944 1669 1980 virtuti
1703 1943 1786 1980 cui-

471 2006 579 2051 libet,
620 2013 728 2053 patet
767 2004 875 2052 quod
909 2002 1085 2052 quelibet
1123 2002 1248 2039 virtus
1281 2002 1329 2039 sit
1361 2001 1526 2047 iusticia,
1566 2010 1609 2038 ut
1648 2002 1786 2039 dicunt

472 2062 713 2112 philosophi.
757 2063 858 2098 Cum
900 2073 993 2109 ergo
1033 2071 1115 2098 tam
1151 2060 1332 2097 Christus
1372 2073 1489 2109 quam
1530 2072 1650 2108 preco
1691 2072 1785 2096 suus
1804 2059 1845 2091 30

473 2121 610 2158 debuit
649 2120 885 2157 altrinsecus
926 2132 1011 2156 esse
1051 2119 1106 2156 sic
1138 2118 1314 2164 humilis,
1357 2127 1468 2166 patet
1502 2119 1611 2167 quod
1644 2130 1783 2155 eorum

474 2179 680 2216 humilitas
714 2179 763 2215 sit
784 2190 877 2214 vera
901 2177 1074 2224 iusticia,
1109 2176 1203 2226 quia
1237 2176 1405 2213 inclinat
1428 2188 1495 2213 eos
1520 2177 1649 2213 facere
1682 2176 1785 2213 sicut

474 2239 634 2274 debent.
668 2238 749 2273 Nec
773 2236 846 2272 fuit
877 2235 945 2272 ille
977 2236 1124 2283 gradus
1158 2234 1399 2271 humilitatis
1424 2243 1602 2283 repertus
1636 2234 1675 2270 in
1699 2242 1784 2270 toto

473 2297 651 2333 humano
685 2307 828 2343 genere
862 2304 954 2331 ante
987 2293 1107 2342 ipsos,
1150 2305 1240 2329 cum
1281 2305 1402 2329 nemo
1435 2293 1537 2330 alius
1571 2305 1592 2329 a
1625 2292 1786 2329 Christo

473 2353 604 2403 potuit
636 2353 767 2401 ipsum
800 2352 1007 2400 attingere.
1042 2352 1135 2388 Ideo
1169 2351 1375 2399 signanter
1407 2351 1501 2387 dicit
1532 2352 1644 2387 Jesus
1678 2351 1787 2399 quod
1804 2349 1844 2383 35

473 2413 527 2449 sic
560 2413 665 2448 decet
697 2423 760 2448 eos
792 2410 953 2460 implere
979 2423 1170 2446 summum
1191 2410 1363 2460 gradum
1387 2409 1607 2446 latitudinis
1630 2409 1787 2454 iusticie,

479 2470 572 2519 quia
606 2469 720 2506 aliter
754 2469 828 2506 toti
872 2469 1052 2505 humano
1096 2466 1231 2516 generi
1265 2467 1465 2513 defuisset,
1505 2468 1612 2503 unde
1645 2466 1790 2503 dicitur

481 2527 751 2564 communiter
783 2527 892 2575 quod
926 2537 1006 2563 tres
1039 2534 1132 2562 sunt
1163 2526 1310 2573 gradus
1345 2524 1593 2562 humilitatis.
1632 2524 1788 2560 Primus

544 2602 570 2631 3.
590 2605 634 2631 A:
657 2608 703 2630 est
723 2608 825 2631 natus.
942 2603 967 2630 5.
983 2602 1050 2630 BC:
1071 2607 1100 2630 et
1121 2602 1216 2630 deest.
1327 2602 1355 2629 6.
1377 2601 1398 2628 Β
1421 2602 1450 2629 in
1473 2609 1588 2637 marg:
1621 2601 1790 2636 Quomodo

475 2639 618 2674 superior
644 2638 804 2666 humiliter
822 2638 926 2665 visitat
954 2637 1145 2665 inferiorem.
1253 2636 1282 2663 8.
1303 2637 1350 2664 A:
1373 2641 1435 2663 met
1456 2636 1551 2664 deest.
1644 2643 1672 2670 9.
1689 2637 1737 2663 A:
1759 2635 1790 2662 in

473 2676 569 2701 deest.
699 2680 742 2699 10.
758 2672 797 2699 B:
819 2680 931 2708 quam;
953 2672 993 2700 C:
1015 2680 1088 2708 quo.
1206 2680 1239 2699 11.
1259 2672 1303 2698 A:
1319 2672 1350 2698 in
1370 2671 1465 2699 deest.
1522 2670 1588 2698 BC:
1611 2670 1790 2705 perfecerat.

473 2709 510 2737 15.
544 2709 593 2736 A:
621 2708 808 2742 baptizetur3
848 2707 869 2734 B
898 2707 927 2735 in
955 2714 1072 2740 marga
1105 2706 1191 2734 Finis
1220 2706 1443 2741 baptizacionis
1478 2705 1596 2733 domini
1625 2705 1696 2740 quis
1722 2705 1790 2732 fuit.

474 2752 515 2777 ¹7·
535 2743 589 2771 AB
612 2743 642 2770 in
665 2749 761 2776 marg.
778 2750 785 2768 ε
807 2741 987 2776 Baptismus
1007 2742 1138 2776 duplex3
1160 2741 1201 2768 B:
1220 2740 1336 2768 seilicet
1355 2741 1528 2776 corporalis
1549 2744 1578 2767 et
1597 2740 1789 2774 spiritualis;

473 2779 514 2806 ib.
536 2779 585 2805 A:
606 2776 757 2805 videlicet.
867 2775 908 2803 18.
929 2778 973 2804 A:
996 2784 1055 2811 que
1075 2776 1121 2809 fit3
1142 2776 1185 2803 ib.
1204 2776 1249 2803 A:
1272 2775 1481 2811 spiritualiter.
1586 2781 1631 2801 22.
1651 2775 1696 2802 A:
1718 2774 1789 2808 bap-

474 2813 594 2840 tizetur.
708 2810 750 2839 25.
772 2810 843 2839 BC:
865 2811 956 2838 sinat.
1088 2811 1134 2838 26.
1152 2809 1217 2838 BC:
1240 2811 1284 2837 sie
1305 2811 1399 2838 deest.
1519 2816 1565 2843 29.
1587 2810 1638 2836 A:
1660 2809 1790 2844 quilibet

475 2847 589 2880 virtus;
619 2846 641 2874 Β
662 2846 693 2873 in
713 2853 832 2880 marg.:
852 2845 980 2873 Justicia
999 2845 1072 2880 quid
1094 2849 1153 2879 est;
1176 2846 1273 2872 ib.A=
1295 2845 1333 2872 sit
1354 2844 1406 2872 sic.
1449 2843 1471 2870 B
1498 2843 1528 2871 in
1561 2851 1676 2877 marg:
1709 2843 1791 2871 Vera

473 2881 594 2909 iusticia
608 2886 652 2908 est
665 2881 799 2916 quelibet
813 2881 919 2908 virtus.
991 2879 1005 2907 3
1031 2900 1037 2906 .
1060 2879 1124 2907 BC:
1146 2881 1197 2915 qui
1217 2880 1320 2913 aliter;
1342 2880 1383 2906 ib.
1404 2878 1474 2906 BC:
1491 2883 1563 2905 toto.
1586 2878 1655 2905 Ain
1672 2886 1786 2912 marg:

473 2917 601 2951 Triplex
620 2917 733 2951 gradus
754 2915 944 2943 humilitatis.
983 2914 998 2942 3
1023 2914 1066 2941 ,Β
1087 2915 1118 2942 in
1140 2922 1256 2950 marg:
1278 2913 1401 2943 Gradus
1423 2912 1604 2941 humilitatis
1626 2917 1698 2940 sunt
1718 2918 1789 2941 tres.
