<?xml version="1.0" encoding="UTF-8"?>
<!DOCTYPE html PUBLIC "-//W3C//DTD XHTML 1.0 Transitional//EN"
    "http://www.w3.org/TR/xhtml1/DTD/xhtml1-transitional.dtd">
<html xmlns="http://www.w3.org/1999/xhtml" xml:lang="en" lang="en">
 <head>
  <title>
</title>
<meta http-equiv="Content-Type" content="text/html;charset=utf-8" />
  <meta name='ocr-system' content='tesseract 3.04.00' />
  <meta name='ocr-capabilities' content='ocr_page ocr_carea ocr_par ocr_line ocrx_word'/>
</head>
<body>
  <div class='ocr_page' id='page_1' title='image "./iohanniswyclifse0701wycl_0213.png"; bbox 0 0 2017 3353; ppageno 0'>
   <div class='ocr_carea' id='block_1_1' title="bbox 275 271 1868 329">
    <p class='ocr_par' dir='ltr' id='par_1_1' title="bbox 275 271 1868 329">
     <span class='ocr_line' id='line_1_1' title="bbox 275 271 1868 329; baseline 0.008 -18"><span class='ocrx_word' id='word_1_1' title='bbox 275 283 411 311; x_wconf 77' lang='lat' dir='ltr'>SERMO</span> <span class='ocrx_word' id='word_1_2' title='bbox 434 271 559 329; x_wconf 65' lang='lat' dir='ltr'>xxm]</span> <span class='ocrx_word' id='word_1_3' title='bbox 786 285 926 318; x_wconf 76' lang='lat' dir='ltr'>PR1MA</span> <span class='ocrx_word' id='word_1_4' title='bbox 954 286 1080 318; x_wconf 75' lang='lat' dir='ltr'>PARS.</span> <span class='ocrx_word' id='word_1_5' title='bbox 1801 281 1868 315; x_wconf 84' lang='lat'>161</span> 
     </span>
    </p>
   </div>
   <div class='ocr_carea' id='block_1_2' title="bbox 180 389 1877 914">
    <p class='ocr_par' dir='ltr' id='par_1_2' title="bbox 180 389 1877 914">
     <span class='ocr_line' id='line_1_2' title="bbox 331 389 1877 451; baseline 0 -23"><span class='ocrx_word' id='word_1_6' title='bbox 331 392 440 428; x_wconf 75' lang='lat' dir='ltr'>Anna</span> <span class='ocrx_word' id='word_1_7' title='bbox 473 392 596 428; x_wconf 79' lang='lat' dir='ltr'>tribus</span> <span class='ocrx_word' id='word_1_8' title='bbox 625 392 814 439; x_wconf 77' lang='lat' dir='ltr'>Joachim,</span> <span class='ocrx_word' id='word_1_9' title='bbox 852 392 1032 442; x_wconf 79' lang='lat' dir='ltr'>Cleophe,</span> <span class='ocrx_word' id='word_1_10' title='bbox 1066 392 1293 441; x_wconf 78' lang='lat' dir='ltr'>Salonzeqne</span> <span class='ocrx_word' id='word_1_11' title='bbox 1324 392 1477 428; x_wconf 67' lang='grc' dir='ltr'><em>Μανίας</em></span> <span class='ocrx_word' id='word_1_12' title='bbox 1603 389 1877 451; x_wconf 45' lang='grc' dir='ltr'>ΑῙῑὲξῑωῑξῇᾒυῖξῐω</span> 
     </span>
     <span class='ocr_line' id='line_1_3' title="bbox 337 442 1877 500; baseline -0.001 -14"><span class='ocrx_word' id='word_1_13' title='bbox 337 451 431 486; x_wconf 81' lang='lat' dir='ltr'>Tres</span> <span class='ocrx_word' id='word_1_14' title='bbox 456 450 578 500; x_wconf 79' lang='lat' dir='ltr'>parit,</span> <span class='ocrx_word' id='word_1_15' title='bbox 610 450 680 486; x_wconf 81' lang='lat' dir='ltr'>has</span> <span class='ocrx_word' id='word_1_16' title='bbox 712 451 853 486; x_wconf 81' lang='lat' dir='ltr'>ducunt</span> <span class='ocrx_word' id='word_1_17' title='bbox 884 450 1039 499; x_wconf 73' lang='lat' dir='ltr'>Joseplz,</span> <span class='ocrx_word' id='word_1_18' title='bbox 1070 450 1241 500; x_wconf 76' lang='lat' dir='ltr'>Alpheus</span> <span class='ocrx_word' id='word_1_19' title='bbox 1272 458 1307 486; x_wconf 88' lang='lat' dir='ltr'>et</span> <span class='ocrx_word' id='word_1_20' title='bbox 1338 451 1542 486; x_wconf 75' lang='lat' dir='ltr'>Zebedeus.</span> <span class='ocrx_word' id='word_1_21' title='bbox 1603 442 1699 494; x_wconf 55' lang='lat' dir='ltr'>Man-33,</span> <span class='ocrx_word' id='word_1_22' title='bbox 1720 445 1767 494; x_wconf 58' lang='lat' dir='ltr'>”by</span> <span class='ocrx_word' id='word_1_23' title='bbox 1794 446 1877 486; x_wconf 67' lang='lat' dir='ltr'>ilii-ee</span> 
     </span>
     <span class='ocr_line' id='line_1_4' title="bbox 336 493 1824 560; baseline 0.001 -17"><span class='ocrx_word' id='word_1_24' title='bbox 336 508 532 544; x_wconf 74' lang='lat' dir='ltr'><em>Christum</em></span> <span class='ocrx_word' id='word_1_25' title='bbox 560 508 692 557; x_wconf 78' lang='lat' dir='ltr'>prima</span> <span class='ocrx_word' id='word_1_26' title='bbox 723 509 878 558; x_wconf 78' lang='lat' dir='ltr'>Joseplz,</span> <span class='ocrx_word' id='word_1_27' title='bbox 908 509 1092 544; x_wconf 71' lang='lat' dir='ltr'>‚Iacobum</span> <span class='ocrx_word' id='word_1_28' title='bbox 1125 521 1209 544; x_wconf 86' lang='lat' dir='ltr'>cunz</span> <span class='ocrx_word' id='word_1_29' title='bbox 1243 509 1417 560; x_wconf 78' lang='lat' dir='ltr'>Synzone</span> <span class='ocrx_word' id='word_1_30' title='bbox 1446 509 1587 544; x_wconf 71' lang='lat' dir='ltr'>Judam</span> <span class='ocrx_word' id='word_1_31' title='bbox 1655 493 1824 520; x_wconf 64' lang='lat' dir='ltr'>¹¹u⁵b²¹¹¹d³&#39;</span> 
     </span>
     <span class='ocr_line' id='line_1_5' title="bbox 330 566 1528 616; baseline -0.001 -14"><span class='ocrx_word' id='word_1_32' title='bbox 330 567 478 613; x_wconf 75' lang='lat' dir='ltr'>Altera,</span> <span class='ocrx_word' id='word_1_33' title='bbox 511 578 580 615; x_wconf 81' lang='lat' dir='ltr'>qne</span> <span class='ocrx_word' id='word_1_34' title='bbox 611 566 783 615; x_wconf 79' lang='lat' dir='ltr'>sequitur</span> <span class='ocrx_word' id='word_1_35' title='bbox 812 567 994 602; x_wconf 78' lang='lat' dir='ltr'>Jacobum</span> <span class='ocrx_word' id='word_1_36' title='bbox 1023 566 1132 616; x_wconf 79' lang='lat' dir='ltr'>parit</span> <span class='ocrx_word' id='word_1_37' title='bbox 1162 574 1275 615; x_wconf 80' lang='lat' dir='ltr'>atque</span> <span class='ocrx_word' id='word_1_38' title='bbox 1304 567 1528 602; x_wconf 81' lang='lat' dir='ltr'>Johannenz.</span> 
     </span>
     <span class='ocr_line' id='line_1_6' title="bbox 240 623 1589 672; baseline 0.001 -14"><span class='ocrx_word' id='word_1_39' title='bbox 240 626 256 658; x_wconf 82' lang='lat'><strong>5</strong></span> <span class='ocrx_word' id='word_1_40' title='bbox 330 623 458 661; x_wconf 86' lang='lat' dir='ltr'>Maria</span> <span class='ocrx_word' id='word_1_41' title='bbox 503 632 636 660; x_wconf 82' lang='lat' dir='ltr'>autem</span> <span class='ocrx_word' id='word_1_42' title='bbox 670 625 905 672; x_wconf 81' lang='lat' dir='ltr'>Magdalene</span> <span class='ocrx_word' id='word_1_43' title='bbox 938 623 1138 661; x_wconf 85' lang='lat' dir='ltr'>ordinavit</span> <span class='ocrx_word' id='word_1_44' title='bbox 1171 624 1368 661; x_wconf 83' lang='lat' dir='ltr'>Dominus</span> <span class='ocrx_word' id='word_1_45' title='bbox 1401 624 1440 660; x_wconf 92' lang='lat' dir='ltr'>in</span> <span class='ocrx_word' id='word_1_46' title='bbox 1473 623 1589 660; x_wconf 89' lang='lat' dir='ltr'>mini-</span> 
     </span>
     <span class='ocr_line' id='line_1_7' title="bbox 272 681 1589 731; baseline -0.001 -13"><span class='ocrx_word' id='word_1_47' title='bbox 272 682 436 719; x_wconf 86' lang='lat' dir='ltr'>sterium</span> <span class='ocrx_word' id='word_1_48' title='bbox 483 681 599 718; x_wconf 86' lang='lat' dir='ltr'>huius</span> <span class='ocrx_word' id='word_1_49' title='bbox 644 682 765 718; x_wconf 87' lang='lat' dir='ltr'>officii</span> <span class='ocrx_word' id='word_1_50' title='bbox 810 682 1012 731; x_wconf 82' lang='lat' dir='ltr'>anteponi,</span> <span class='ocrx_word' id='word_1_51' title='bbox 1058 683 1107 719; x_wconf 87' lang='lat' dir='ltr'>ad</span> <span class='ocrx_word' id='word_1_52' title='bbox 1153 683 1427 719; x_wconf 86' lang='lat' dir='ltr'>denotandum</span> <span class='ocrx_word' id='word_1_53' title='bbox 1480 683 1589 731; x_wconf 90' lang='lat' dir='ltr'>quod</span> 
     </span>
     <span class='ocr_line' id='line_1_8' title="bbox 271 739 1588 789; baseline 0 -13"><span class='ocrx_word' id='word_1_54' title='bbox 271 739 490 788; x_wconf 87' lang='lat' dir='ltr'>spiritualis</span> <span class='ocrx_word' id='word_1_55' title='bbox 536 748 573 776; x_wconf 93' lang='lat' dir='ltr'>et</span> <span class='ocrx_word' id='word_1_56' title='bbox 617 739 824 777; x_wconf 87' lang='lat' dir='ltr'>meritoria</span> <span class='ocrx_word' id='word_1_57' title='bbox 869 740 1036 778; x_wconf 90' lang='lat' dir='ltr'>dileccio</span> <span class='ocrx_word' id='word_1_58' title='bbox 1083 749 1139 777; x_wconf 84' lang='lat' dir='ltr'>est</span> <span class='ocrx_word' id='word_1_59' title='bbox 1183 740 1257 777; x_wconf 93' lang='lat' dir='ltr'>sibi</span> <span class='ocrx_word' id='word_1_60' title='bbox 1297 740 1428 777; x_wconf 90' lang='lat' dir='ltr'>carior</span> <span class='ocrx_word' id='word_1_61' title='bbox 1466 753 1588 789; x_wconf 89' lang='lat' dir='ltr'>quam</span> 
     </span>
     <span class='ocr_line' id='line_1_9' title="bbox 181 798 1588 855; baseline 0 -21"><span class='ocrx_word' id='word_1_62' title='bbox 181 824 254 855; x_wconf 44' lang='lat' dir='ltr'>FOI·</span> <span class='ocrx_word' id='word_1_63' title='bbox 271 798 442 835; x_wconf 88' lang='lat' dir='ltr'>carnalis</span> <span class='ocrx_word' id='word_1_64' title='bbox 497 798 689 846; x_wconf 81' lang='lat' dir='ltr'>cognacio</span> <span class='ocrx_word' id='word_1_65' title='bbox 744 799 802 846; x_wconf 86' lang='lat' dir='ltr'>(ut</span> <span class='ocrx_word' id='word_1_66' title='bbox 846 807 955 847; x_wconf 89' lang='lat' dir='ltr'>patet</span> <span class='ocrx_word' id='word_1_67' title='bbox 994 798 1161 835; x_wconf 86' lang='lat' dir='ltr'>Matthei</span> <span class='ocrx_word' id='word_1_68' title='bbox 1193 799 1312 846; x_wconf 85' lang='lat' dir='ltr'>X110).</span> <span class='ocrx_word' id='word_1_69' title='bbox 1353 800 1430 836; x_wconf 77' lang='lat' dir='ltr'>Sed</span> <span class='ocrx_word' id='word_1_70' title='bbox 1464 811 1588 847; x_wconf 87' lang='lat' dir='ltr'>quan-</span> 
     </span>
     <span class='ocr_line' id='line_1_10' title="bbox 180 853 1588 914; baseline 0.001 -22"><span class='ocrx_word' id='word_1_71' title='bbox 180 865 354 914; x_wconf 71' lang='lat' dir='ltr'>159s=tum</span> <span class='ocrx_word' id='word_1_72' title='bbox 403 858 452 893; x_wconf 88' lang='lat' dir='ltr'>ad</span> <span class='ocrx_word' id='word_1_73' title='bbox 494 857 612 893; x_wconf 88' lang='lat' dir='ltr'>horas</span> <span class='ocrx_word' id='word_1_74' title='bbox 650 856 690 892; x_wconf 91' lang='lat' dir='ltr'>in</span> <span class='ocrx_word' id='word_1_75' title='bbox 730 856 873 905; x_wconf 85' lang='lat' dir='ltr'>quibus</span> <span class='ocrx_word' id='word_1_76' title='bbox 902 853 906 911; x_wconf 74' lang='grc' dir='ltr'>Ι</span> <span class='ocrx_word' id='word_1_77' title='bbox 936 858 1007 893; x_wconf 85' lang='lat' dir='ltr'>hec</span> <span class='ocrx_word' id='word_1_78' title='bbox 1046 857 1221 893; x_wconf 81' lang='lat' dir='ltr'>fecerant</span> <span class='ocrx_word' id='word_1_79' title='bbox 1261 869 1351 893; x_wconf 87' lang='lat' dir='ltr'>cum</span> <span class='ocrx_word' id='word_1_80' title='bbox 1392 856 1588 904; x_wconf 80' lang='lat' dir='ltr'>evangeli-</span> 
     </span>
    </p>
   </div>
   <div class='ocr_carea' id='block_1_3' title="bbox 216 914 1586 964">
    <p class='ocr_par' dir='ltr' id='par_1_3' title="bbox 216 914 1586 964">
     <span class='ocr_line' id='line_1_11' title="bbox 216 914 1586 964; baseline 0.001 -16"><span class='ocrx_word' id='word_1_81' title='bbox 216 923 419 951; x_wconf 77' lang='lat' dir='ltr'>IOStarum</span> <span class='ocrx_word' id='word_1_82' title='bbox 474 914 792 961; x_wconf 88' lang='lat' dir='ltr'>concordanciis‚</span> <span class='ocrx_word' id='word_1_83' title='bbox 844 916 1065 952; x_wconf 89' lang='lat' dir='ltr'>notandum</span> <span class='ocrx_word' id='word_1_84' title='bbox 1117 916 1225 963; x_wconf 88' lang='lat' dir='ltr'>quod</span> <span class='ocrx_word' id='word_1_85' title='bbox 1278 923 1451 964; x_wconf 87' lang='lat' dir='ltr'>quatuor</span> <span class='ocrx_word' id='word_1_86' title='bbox 1495 922 1586 951; x_wconf 85' lang='lat' dir='ltr'>sunt</span> 
     </span>
    </p>
   </div>
   <div class='ocr_carea' id='block_1_4' title="bbox 269 971 1877 1086">
    <p class='ocr_par' dir='ltr' id='par_1_4' title="bbox 269 971 1877 1086">
     <span class='ocr_line' id='line_1_12' title="bbox 269 971 1865 1019; baseline -0.001 -11"><span class='ocrx_word' id='word_1_87' title='bbox 269 971 527 1009; x_wconf 85' lang='lat' dir='ltr'>iniciaciones</span> <span class='ocrx_word' id='word_1_88' title='bbox 560 972 638 1009; x_wconf 90' lang='lat' dir='ltr'>diei</span> <span class='ocrx_word' id='word_1_89' title='bbox 670 973 863 1010; x_wconf 88' lang='lat' dir='ltr'>naturalis</span> <span class='ocrx_word' id='word_1_90' title='bbox 896 982 938 1009; x_wconf 92' lang='lat' dir='ltr'>ut</span> <span class='ocrx_word' id='word_1_91' title='bbox 972 972 1067 1009; x_wconf 88' lang='lat' dir='ltr'>dicit</span> <span class='ocrx_word' id='word_1_92' title='bbox 1101 972 1308 1010; x_wconf 84' lang='lat' dir='ltr'>metricus:</span> <span class='ocrx_word' id='word_1_93' title='bbox 1614 979 1865 1019; x_wconf 63' lang='lat' dir='ltr'>Differentways</span> 
     </span>
     <span class='ocr_line' id='line_1_13' title="bbox 326 1015 1877 1086; baseline 0.001 -20"><span class='ocrx_word' id='word_1_94' title='bbox 326 1031 444 1067; x_wconf 85' lang='lat' dir='ltr'>Mane</span> <span class='ocrx_word' id='word_1_95' title='bbox 476 1031 574 1067; x_wconf 86' lang='lat' dir='ltr'>diem</span> <span class='ocrx_word' id='word_1_96' title='bbox 612 1031 738 1068; x_wconf 80' lang='lat' dir='ltr'>Greca</span> <span class='ocrx_word' id='word_1_97' title='bbox 770 1044 868 1082; x_wconf 75' lang='lat' dir='ltr'>gens</span> <span class='ocrx_word' id='word_1_98' title='bbox 900 1031 1042 1081; x_wconf 82' lang='lat' dir='ltr'>incipit,</span> <span class='ocrx_word' id='word_1_99' title='bbox 1075 1039 1183 1067; x_wconf 81' lang='lat' dir='ltr'>astra</span> <span class='ocrx_word' id='word_1_100' title='bbox 1214 1038 1412 1081; x_wconf 77' lang='lat' dir='ltr'><em>sequentes</em></span> <span class='ocrx_word' id='word_1_101' title='bbox 1601 1017 1631 1042; x_wconf 64' lang='lat'>⁰¹</span> <span class='ocrx_word' id='word_1_102' title='bbox 1648 1015 1813 1086; x_wconf 43' lang='lat' dir='ltr'>reclgyyiig</span> <span class='ocrx_word' id='word_1_103' title='bbox 1828 1015 1877 1043; x_wconf 80' lang='lat' dir='ltr'>the</span> 
     </span>
    </p>
   </div>
   <div class='ocr_carea' id='block_1_5' title="bbox 209 1089 1865 2693">
    <p class='ocr_par' dir='ltr' id='par_1_5' title="bbox 209 1089 1865 2693">
     <span class='ocr_line' id='line_1_14' title="bbox 325 1089 1225 1139; baseline 0.001 -15"><span class='ocrx_word' id='word_1_104' title='bbox 325 1089 368 1124; x_wconf 91' lang='lat' dir='ltr'>In</span> <span class='ocrx_word' id='word_1_105' title='bbox 402 1089 526 1125; x_wconf 83' lang='lat' dir='ltr'>medio</span> <span class='ocrx_word' id='word_1_106' title='bbox 559 1089 666 1136; x_wconf 78' lang='lat' dir='ltr'>lucis,</span> <span class='ocrx_word' id='word_1_107' title='bbox 698 1090 878 1126; x_wconf 80' lang='lat' dir='ltr'>Hebreus</span> <span class='ocrx_word' id='word_1_108' title='bbox 910 1101 1068 1139; x_wconf 79' lang='lat' dir='ltr'>vespere</span> <span class='ocrx_word' id='word_1_109' title='bbox 1088 1090 1225 1139; x_wconf 82' lang='lat' dir='ltr'>fact0;</span> 
     </span>
     <span class='ocr_line' id='line_1_15' title="bbox 326 1147 1301 1197; baseline 0.001 -15"><span class='ocrx_word' id='word_1_110' title='bbox 326 1147 485 1183; x_wconf 79' lang='lat' dir='ltr'>Inchoat</span> <span class='ocrx_word' id='word_1_111' title='bbox 517 1147 674 1183; x_wconf 80' lang='lat' dir='ltr'>ecclesia</span> <span class='ocrx_word' id='word_1_112' title='bbox 707 1147 832 1184; x_wconf 86' lang='lat' dir='ltr'>medio</span> <span class='ocrx_word' id='word_1_113' title='bbox 865 1148 933 1184; x_wconf 79' lang='lat' dir='ltr'>snb</span> <span class='ocrx_word' id='word_1_114' title='bbox 965 1155 1138 1197; x_wconf 82' lang='lat' dir='ltr'>tempore</span> <span class='ocrx_word' id='word_1_115' title='bbox 1170 1148 1301 1184; x_wconf 84' lang='lat' dir='ltr'>noctis.</span> 
     </span>
     <span class='ocr_line' id='line_1_16' title="bbox 216 1204 1589 1254; baseline 0.001 -14"><span class='ocrx_word' id='word_1_116' title='bbox 216 1208 252 1241; x_wconf 82' lang='lat'>15</span> <span class='ocrx_word' id='word_1_117' title='bbox 324 1204 468 1241; x_wconf 86' lang='lat' dir='ltr'>Tercio</span> <span class='ocrx_word' id='word_1_118' title='bbox 501 1206 722 1241; x_wconf 87' lang='lat' dir='ltr'>notandum</span> <span class='ocrx_word' id='word_1_119' title='bbox 752 1207 859 1254; x_wconf 89' lang='lat' dir='ltr'>quod</span> <span class='ocrx_word' id='word_1_120' title='bbox 888 1206 995 1254; x_wconf 87' lang='lat' dir='ltr'>apud</span> <span class='ocrx_word' id='word_1_121' title='bbox 1016 1207 1163 1242; x_wconf 84' lang='lat' dir='ltr'>Judeos</span> <span class='ocrx_word' id='word_1_122' title='bbox 1187 1204 1468 1242; x_wconf 87' lang='lat' dir='ltr'>denominacio</span> <span class='ocrx_word' id='word_1_123' title='bbox 1501 1205 1544 1242; x_wconf 88' lang='lat' dir='ltr'>fit</span> <span class='ocrx_word' id='word_1_124' title='bbox 1567 1219 1589 1243; x_wconf 88' lang='lat' dir='ltr'>a</span> 
     </span>
     <span class='ocr_line' id='line_1_17' title="bbox 270 1262 1588 1312; baseline 0.002 -14"><span class='ocrx_word' id='word_1_125' title='bbox 270 1262 358 1309; x_wconf 81' lang='lat' dir='ltr'>fine,</span> <span class='ocrx_word' id='word_1_126' title='bbox 395 1262 593 1312; x_wconf 89' lang='lat' dir='ltr'>cumipse</span> <span class='ocrx_word' id='word_1_127' title='bbox 626 1265 846 1300; x_wconf 87' lang='lat' dir='ltr'>secundum</span> <span class='ocrx_word' id='word_1_128' title='bbox 881 1276 948 1301; x_wconf 85' lang='lat' dir='ltr'>eos</span> <span class='ocrx_word' id='word_1_129' title='bbox 980 1263 1029 1300; x_wconf 88' lang='lat' dir='ltr'>sit</span> <span class='ocrx_word' id='word_1_130' title='bbox 1063 1263 1221 1312; x_wconf 82' lang='lat' dir='ltr'>dignior</span> <span class='ocrx_word' id='word_1_131' title='bbox 1242 1272 1362 1312; x_wconf 87' lang='lat' dir='ltr'>atque</span> <span class='ocrx_word' id='word_1_132' title='bbox 1394 1263 1588 1310; x_wconf 88' lang='lat' dir='ltr'>nobilior;</span> 
     </span>
     <span class='ocr_line' id='line_1_18' title="bbox 269 1320 1588 1371; baseline 0 -13"><span class='ocrx_word' id='word_1_133' title='bbox 269 1329 305 1358; x_wconf 89' lang='lat' dir='ltr'>et</span> <span class='ocrx_word' id='word_1_134' title='bbox 350 1320 441 1357; x_wconf 87' lang='lat' dir='ltr'>hinc</span> <span class='ocrx_word' id='word_1_135' title='bbox 478 1330 623 1358; x_wconf 80' lang='lat' dir='ltr'>vocant</span> <span class='ocrx_word' id='word_1_136' title='bbox 660 1330 789 1359; x_wconf 87' lang='lat' dir='ltr'>totam</span> <span class='ocrx_word' id='word_1_137' title='bbox 827 1321 1094 1371; x_wconf 85' lang='lat' dir='ltr'>septimanam</span> <span class='ocrx_word' id='word_1_138' title='bbox 1134 1323 1347 1358; x_wconf 88' lang='lat' dir='ltr'>sabbatum</span> <span class='ocrx_word' id='word_1_139' title='bbox 1382 1331 1418 1358; x_wconf 89' lang='lat' dir='ltr'>et</span> <span class='ocrx_word' id='word_1_140' title='bbox 1451 1335 1588 1370; x_wconf 88' lang='lat' dir='ltr'>quem-</span> 
     </span>
     <span class='ocr_line' id='line_1_19' title="bbox 268 1378 1587 1428; baseline 0.001 -13"><span class='ocrx_word' id='word_1_141' title='bbox 268 1378 363 1415; x_wconf 85' lang='lat' dir='ltr'>libet</span> <span class='ocrx_word' id='word_1_142' title='bbox 397 1379 479 1416; x_wconf 89' lang='lat' dir='ltr'>eius</span> <span class='ocrx_word' id='word_1_143' title='bbox 513 1379 617 1416; x_wconf 87' lang='lat' dir='ltr'>diem</span> <span class='ocrx_word' id='word_1_144' title='bbox 643 1379 905 1417; x_wconf 89' lang='lat' dir='ltr'>denominant</span> <span class='ocrx_word' id='word_1_145' title='bbox 929 1393 951 1417; x_wconf 89' lang='lat' dir='ltr'>a</span> <span class='ocrx_word' id='word_1_146' title='bbox 974 1381 1156 1426; x_wconf 76' lang='lat' dir='ltr'>sabbato,</span> <span class='ocrx_word' id='word_1_147' title='bbox 1190 1388 1232 1416; x_wconf 90' lang='lat' dir='ltr'>ut</span> <span class='ocrx_word' id='word_1_148' title='bbox 1255 1379 1386 1428; x_wconf 87' lang='lat' dir='ltr'>prima</span> <span class='ocrx_word' id='word_1_149' title='bbox 1418 1380 1587 1426; x_wconf 85' lang='lat' dir='ltr'>sabbati,</span> 
     </span>
     <span class='ocr_line' id='line_1_20' title="bbox 267 1437 1588 1487; baseline 0.001 -14"><span class='ocrx_word' id='word_1_150' title='bbox 267 1438 441 1474; x_wconf 88' lang='lat' dir='ltr'>secunda</span> <span class='ocrx_word' id='word_1_151' title='bbox 474 1437 630 1474; x_wconf 86' lang='lat' dir='ltr'>sabbati</span> <span class='ocrx_word' id='word_1_152' title='bbox 663 1447 736 1475; x_wconf 85' lang='lat' dir='ltr'>etc.</span> <span class='ocrx_word' id='word_1_153' title='bbox 761 1439 875 1475; x_wconf 91' lang='lat' dir='ltr'>Unde</span> <span class='ocrx_word' id='word_1_154' title='bbox 909 1437 1084 1487; x_wconf 88' lang='lat' dir='ltr'>quinque</span> <span class='ocrx_word' id='word_1_155' title='bbox 1117 1437 1447 1487; x_wconf 84' lang='lat' dir='ltr'>equivocaciones</span> <span class='ocrx_word' id='word_1_156' title='bbox 1471 1438 1588 1475; x_wconf 83' lang='lat' dir='ltr'>huius</span> 
     </span>
     <span class='ocr_line' id='line_1_21' title="bbox 212 1494 1865 1550; baseline 0.001 -19"><span class='ocrx_word' id='word_1_157' title='bbox 212 1508 253 1531; x_wconf 92' lang='grc' dir='ltr'>2ο</span> <span class='ocrx_word' id='word_1_158' title='bbox 268 1494 442 1532; x_wconf 90' lang='lat' dir='ltr'>nominis</span> <span class='ocrx_word' id='word_1_159' title='bbox 473 1496 673 1532; x_wconf 77' lang='lat' dir='ltr'>sabbatum</span> <span class='ocrx_word' id='word_1_160' title='bbox 707 1496 874 1533; x_wconf 90' lang='lat' dir='ltr'>includit</span> <span class='ocrx_word' id='word_1_161' title='bbox 908 1496 1097 1533; x_wconf 88' lang='lat' dir='ltr'>metricus</span> <span class='ocrx_word' id='word_1_162' title='bbox 1130 1495 1171 1532; x_wconf 90' lang='lat' dir='ltr'>in</span> <span class='ocrx_word' id='word_1_163' title='bbox 1203 1495 1278 1533; x_wconf 87' lang='lat' dir='ltr'>hiis</span> <span class='ocrx_word' id='word_1_164' title='bbox 1310 1496 1508 1533; x_wconf 87' lang='lat' dir='ltr'>versibus:</span> <span class='ocrx_word' id='word_1_165' title='bbox 1610 1501 1685 1550; x_wconf 55' lang='lat' dir='ltr'>Fiyq</span> <span class='ocrx_word' id='word_1_166' title='bbox 1705 1502 1865 1549; x_wconf 64' lang='lat' dir='ltr'>meanings</span> 
     </span>
     <span class='ocr_line' id='line_1_22' title="bbox 325 1537 1848 1604; baseline 0.001 -15"><span class='ocrx_word' id='word_1_167' title='bbox 325 1554 491 1590; x_wconf 80' lang='lat' dir='ltr'>Sabbata</span> <span class='ocrx_word' id='word_1_168' title='bbox 525 1554 705 1590; x_wconf 83' lang='lat' dir='ltr'>dicuntur</span> <span class='ocrx_word' id='word_1_169' title='bbox 736 1555 885 1604; x_wconf 80' lang='lat' dir='ltr'>requies</span> <span class='ocrx_word' id='word_1_170' title='bbox 917 1562 951 1591; x_wconf 90' lang='lat' dir='ltr'>et</span> <span class='ocrx_word' id='word_1_171' title='bbox 984 1555 1059 1590; x_wconf 78' lang='lat' dir='ltr'>vita</span> <span class='ocrx_word' id='word_1_172' title='bbox 1087 1555 1310 1604; x_wconf 77' lang='lat' dir='ltr'>perhennis,</span> <span class='ocrx_word' id='word_1_173' title='bbox 1629 1540 1659 1564; x_wconf 80' lang='lat' dir='ltr'>ot</span> <span class='ocrx_word' id='word_1_174' title='bbox 1691 1537 1848 1566; x_wconf 78' lang='lat' dir='ltr'>Sabbath.</span> 
     </span>
     <span class='ocr_line' id='line_1_23' title="bbox 325 1612 1146 1663; baseline 0.001 -16"><span class='ocrx_word' id='word_1_175' title='bbox 325 1612 560 1662; x_wconf 81' lang='lat' dir='ltr'>Septimana,</span> <span class='ocrx_word' id='word_1_176' title='bbox 594 1612 673 1649; x_wconf 77' lang='lat' dir='ltr'>dies</span> <span class='ocrx_word' id='word_1_177' title='bbox 703 1613 879 1663; x_wconf 76' lang='lat' dir='ltr'>septima,</span> <span class='ocrx_word' id='word_1_178' title='bbox 900 1614 1010 1662; x_wconf 81' lang='lat' dir='ltr'>festa</span> <span class='ocrx_word' id='word_1_179' title='bbox 1044 1613 1146 1648; x_wconf 81' lang='lat' dir='ltr'>data.</span> 
     </span>
     <span class='ocr_line' id='line_1_24' title="bbox 325 1669 1588 1719; baseline 0.002 -14"><span class='ocrx_word' id='word_1_180' title='bbox 325 1669 439 1706; x_wconf 87' lang='lat' dir='ltr'>Dicte</span> <span class='ocrx_word' id='word_1_181' title='bbox 484 1682 577 1718; x_wconf 81' lang='lat' dir='ltr'>ergo</span> <span class='ocrx_word' id='word_1_182' title='bbox 622 1670 808 1707; x_wconf 88' lang='lat' dir='ltr'>mulieres</span> <span class='ocrx_word' id='word_1_183' title='bbox 853 1680 1075 1719; x_wconf 88' lang='lat' dir='ltr'>pausarunt</span> <span class='ocrx_word' id='word_1_184' title='bbox 1118 1670 1158 1706; x_wconf 92' lang='lat' dir='ltr'>in</span> <span class='ocrx_word' id='word_1_185' title='bbox 1202 1671 1370 1707; x_wconf 86' lang='lat' dir='ltr'>sabbato</span> <span class='ocrx_word' id='word_1_186' title='bbox 1422 1680 1588 1719; x_wconf 88' lang='lat' dir='ltr'>propter</span> 
     </span>
     <span class='ocr_line' id='line_1_25' title="bbox 269 1727 1819 1778; baseline 0.002 -15"><span class='ocrx_word' id='word_1_187' title='bbox 269 1727 595 1777; x_wconf 81' lang='lat' dir='ltr'>solempnitatem</span> <span class='ocrx_word' id='word_1_188' title='bbox 636 1728 736 1775; x_wconf 83' lang='lat' dir='ltr'>festi,</span> <span class='ocrx_word' id='word_1_189' title='bbox 776 1738 1083 1777; x_wconf 82' lang='lat' dir='ltr'>verumptamen</span> <span class='ocrx_word' id='word_1_190' title='bbox 1121 1728 1161 1764; x_wconf 94' lang='lat' dir='ltr'>in</span> <span class='ocrx_word' id='word_1_191' title='bbox 1199 1741 1362 1778; x_wconf 88' lang='lat' dir='ltr'>vespere</span> <span class='ocrx_word' id='word_1_192' title='bbox 1394 1742 1465 1765; x_wconf 87' lang='lat' dir='ltr'>sua</span> <span class='ocrx_word' id='word_1_193' title='bbox 1498 1742 1587 1766; x_wconf 89' lang='lat' dir='ltr'>aro·</span> <span class='ocrx_word' id='word_1_194' title='bbox 1660 1734 1819 1771; x_wconf 68' lang='lat' dir='ltr'>Theholy</span> 
     </span>
     <span class='ocr_line' id='line_1_26' title="bbox 212 1779 1848 1835; baseline 0.001 -14"><span class='ocrx_word' id='word_1_195' title='bbox 212 1790 251 1822; x_wconf 79' lang='grc'>25</span> <span class='ocrx_word' id='word_1_196' title='bbox 269 1794 377 1822; x_wconf 87' lang='lat' dir='ltr'>mata</span> <span class='ocrx_word' id='word_1_197' title='bbox 415 1786 558 1835; x_wconf 90' lang='lat' dir='ltr'>quibus</span> <span class='ocrx_word' id='word_1_198' title='bbox 598 1787 807 1824; x_wconf 84' lang='lat' dir='ltr'>condirent</span> <span class='ocrx_word' id='word_1_199' title='bbox 845 1800 990 1835; x_wconf 86' lang='lat' dir='ltr'>corpus</span> <span class='ocrx_word' id='word_1_200' title='bbox 1024 1786 1185 1823; x_wconf 89' lang='lat' dir='ltr'>Domini</span> <span class='ocrx_word' id='word_1_201' title='bbox 1224 1795 1504 1835; x_wconf 86' lang='lat' dir='ltr'>prepararunt.</span> <span class='ocrx_word' id='word_1_202' title='bbox 1539 1789 1587 1823; x_wconf 85' lang='lat' dir='ltr'>Et</span> <span class='ocrx_word' id='word_1_203' title='bbox 1627 1779 1848 1832; x_wconf 45' lang='lat' dir='ltr'>obssgff-ffinfflc</span> 
     </span>
     <span class='ocr_line' id='line_1_27' title="bbox 266 1839 1810 1893; baseline 0.001 -13"><span class='ocrx_word' id='word_1_204' title='bbox 266 1843 322 1880; x_wconf 76' lang='lat' dir='ltr'>sic</span> <span class='ocrx_word' id='word_1_205' title='bbox 356 1853 548 1881; x_wconf 88' lang='lat' dir='ltr'>venerunt</span> <span class='ocrx_word' id='word_1_206' title='bbox 579 1857 715 1881; x_wconf 78' lang='lat' dir='ltr'>versus</span> <span class='ocrx_word' id='word_1_207' title='bbox 748 1846 989 1893; x_wconf 88' lang='lat' dir='ltr'>sepulcrum,</span> <span class='ocrx_word' id='word_1_208' title='bbox 1024 1844 1175 1882; x_wconf 88' lang='lat' dir='ltr'>scilicet</span> <span class='ocrx_word' id='word_1_209' title='bbox 1213 1845 1253 1881; x_wconf 93' lang='lat' dir='ltr'>in</span> <span class='ocrx_word' id='word_1_210' title='bbox 1287 1844 1348 1881; x_wconf 88' lang='lat' dir='ltr'>die</span> <span class='ocrx_word' id='word_1_211' title='bbox 1382 1845 1586 1881; x_wconf 90' lang='lat' dir='ltr'>dominico</span> <span class='ocrx_word' id='word_1_212' title='bbox 1664 1839 1810 1868; x_wconf 75' lang='lat' dir='ltr'>Sabbath.</span> 
     </span>
     <span class='ocr_line' id='line_1_28' title="bbox 268 1902 1585 1952; baseline 0 -13"><span class='ocrx_word' id='word_1_213' title='bbox 268 1915 346 1950; x_wconf 90' lang='lat' dir='ltr'>que</span> <span class='ocrx_word' id='word_1_214' title='bbox 378 1911 545 1939; x_wconf 74' lang='lat' dir='ltr'>vocatur</span> <span class='ocrx_word' id='word_1_215' title='bbox 576 1902 709 1951; x_wconf 88' lang='lat' dir='ltr'>prima</span> <span class='ocrx_word' id='word_1_216' title='bbox 741 1903 898 1940; x_wconf 81' lang='lat' dir='ltr'>sabbati</span> <span class='ocrx_word' id='word_1_217' title='bbox 932 1906 985 1952; x_wconf 85' lang='lat' dir='ltr'>(et</span> <span class='ocrx_word' id='word_1_218' title='bbox 1018 1902 1158 1951; x_wconf 88' lang='lat' dir='ltr'>incipit</span> <span class='ocrx_word' id='word_1_219' title='bbox 1191 1916 1213 1940; x_wconf 86' lang='lat' dir='ltr'>a</span> <span class='ocrx_word' id='word_1_220' title='bbox 1244 1915 1407 1951; x_wconf 85' lang='lat' dir='ltr'>vespere</span> <span class='ocrx_word' id='word_1_221' title='bbox 1430 1902 1470 1939; x_wconf 89' lang='lat' dir='ltr'>in</span> <span class='ocrx_word' id='word_1_222' title='bbox 1499 1904 1585 1939; x_wconf 90' lang='lat' dir='ltr'>luce</span> 
     </span>
     <span class='ocr_line' id='line_1_29' title="bbox 264 1960 1587 2010; baseline 0.001 -14"><span class='ocrx_word' id='word_1_223' title='bbox 264 1960 522 2009; x_wconf 79' lang='lat' dir='ltr'>vespertina),</span> <span class='ocrx_word' id='word_1_224' title='bbox 557 1974 630 2009; x_wconf 87' lang='lat' dir='ltr'>pro</span> <span class='ocrx_word' id='word_1_225' title='bbox 664 1970 777 2010; x_wconf 88' lang='lat' dir='ltr'>parte</span> <span class='ocrx_word' id='word_1_226' title='bbox 814 1970 1016 2007; x_wconf 80' lang='lat' dir='ltr'>venerant,</span> <span class='ocrx_word' id='word_1_227' title='bbox 1056 1963 1124 1998; x_wconf 90' lang='lat' dir='ltr'>sed</span> <span class='ocrx_word' id='word_1_228' title='bbox 1162 1960 1201 1997; x_wconf 91' lang='lat' dir='ltr'>in</span> <span class='ocrx_word' id='word_1_229' title='bbox 1242 1974 1356 1998; x_wconf 89' lang='lat' dir='ltr'>mane</span> <span class='ocrx_word' id='word_1_230' title='bbox 1394 1970 1587 1998; x_wconf 81' lang='lat' dir='ltr'>venerunt</span> 
     </span>
     <span class='ocr_line' id='line_1_30' title="bbox 267 2019 1584 2068; baseline 0.001 -14"><span class='ocrx_word' id='word_1_231' title='bbox 267 2019 466 2067; x_wconf 86' lang='lat' dir='ltr'>complete</span> <span class='ocrx_word' id='word_1_232' title='bbox 510 2020 560 2056; x_wconf 84' lang='lat' dir='ltr'>ad</span> <span class='ocrx_word' id='word_1_233' title='bbox 609 2020 836 2068; x_wconf 82' lang='lat' dir='ltr'>sepulcrum</span> <span class='ocrx_word' id='word_1_234' title='bbox 885 2021 944 2067; x_wconf 81' lang='lat' dir='ltr'>(ut</span> <span class='ocrx_word' id='word_1_235' title='bbox 988 2019 1084 2056; x_wconf 87' lang='lat' dir='ltr'>dicit</span> <span class='ocrx_word' id='word_1_236' title='bbox 1129 2019 1377 2068; x_wconf 80' lang='lat' dir='ltr'>evangelium</span> <span class='ocrx_word' id='word_1_237' title='bbox 1418 2019 1584 2056; x_wconf 87' lang='lat' dir='ltr'>Matthei</span> 
     </span>
     <span class='ocr_line' id='line_1_31' title="bbox 210 2076 1585 2126; baseline 0.001 -15"><span class='ocrx_word' id='word_1_238' title='bbox 210 2080 251 2112; x_wconf 81' lang='lat'>30</span> <span class='ocrx_word' id='word_1_239' title='bbox 266 2076 439 2124; x_wconf 88' lang='lat' dir='ltr'>ultimo).</span> <span class='ocrx_word' id='word_1_240' title='bbox 474 2079 521 2113; x_wconf 83' lang='lat' dir='ltr'>Et</span> <span class='ocrx_word' id='word_1_241' title='bbox 555 2078 630 2114; x_wconf 90' lang='lat' dir='ltr'>hoc</span> <span class='ocrx_word' id='word_1_242' title='bbox 654 2087 784 2126; x_wconf 83' lang='lat' dir='ltr'>potest</span> <span class='ocrx_word' id='word_1_243' title='bbox 808 2078 980 2126; x_wconf 81' lang='lat' dir='ltr'>figurare</span> <span class='ocrx_word' id='word_1_244' title='bbox 1005 2079 1113 2126; x_wconf 86' lang='lat' dir='ltr'>quod</span> <span class='ocrx_word' id='word_1_245' title='bbox 1137 2078 1208 2114; x_wconf 92' lang='lat' dir='ltr'>hee</span> <span class='ocrx_word' id='word_1_246' title='bbox 1233 2087 1368 2114; x_wconf 87' lang='lat' dir='ltr'>sancte</span> <span class='ocrx_word' id='word_1_247' title='bbox 1399 2077 1585 2114; x_wconf 85' lang='lat' dir='ltr'>mulieres</span> 
     </span>
     <span class='ocr_line' id='line_1_32' title="bbox 265 2135 1585 2184; baseline 0 -13"><span class='ocrx_word' id='word_1_248' title='bbox 265 2135 569 2172; x_wconf 84' lang='lat' dir='ltr'>sabbatizabant</span> <span class='ocrx_word' id='word_1_249' title='bbox 603 2149 675 2184; x_wconf 91' lang='lat' dir='ltr'>pro</span> <span class='ocrx_word' id='word_1_250' title='bbox 708 2136 778 2172; x_wconf 90' lang='lat' dir='ltr'>illo</span> <span class='ocrx_word' id='word_1_251' title='bbox 812 2136 874 2172; x_wconf 90' lang='lat' dir='ltr'>die</span> <span class='ocrx_word' id='word_1_252' title='bbox 899 2149 978 2184; x_wconf 91' lang='lat' dir='ltr'>quo</span> <span class='ocrx_word' id='word_1_253' title='bbox 1008 2137 1237 2173; x_wconf 87' lang='lat' dir='ltr'>sacerdotes</span> <span class='ocrx_word' id='word_1_254' title='bbox 1271 2135 1413 2184; x_wconf 85' lang='lat' dir='ltr'>perfidi</span> <span class='ocrx_word' id='word_1_255' title='bbox 1446 2135 1585 2172; x_wconf 82' lang='lat' dir='ltr'>induta</span> 
     </span>
     <span class='ocr_line' id='line_1_33' title="bbox 265 2193 1585 2242; baseline 0.001 -13"><span class='ocrx_word' id='word_1_256' title='bbox 265 2193 514 2241; x_wconf 89' lang='lat' dir='ltr'>blasphemia</span> <span class='ocrx_word' id='word_1_257' title='bbox 561 2195 761 2238; x_wconf 78' lang='lat' dir='ltr'>&lt;sermone</span> <span class='ocrx_word' id='word_1_258' title='bbox 806 2194 1004 2242; x_wconf 83' lang='lat' dir='ltr'>proximo)</span> <span class='ocrx_word' id='word_1_259' title='bbox 1050 2195 1301 2231; x_wconf 86' lang='lat' dir='ltr'>laborabant.</span> <span class='ocrx_word' id='word_1_260' title='bbox 1354 2196 1402 2230; x_wconf 85' lang='lat' dir='ltr'>Et</span> <span class='ocrx_word' id='word_1_261' title='bbox 1454 2203 1585 2242; x_wconf 87' lang='lat' dir='ltr'>potest</span> 
     </span>
     <span class='ocr_line' id='line_1_34' title="bbox 265 2251 1583 2301; baseline 0.001 -14"><span class='ocrx_word' id='word_1_262' title='bbox 265 2260 405 2288; x_wconf 91' lang='lat' dir='ltr'>notare</span> <span class='ocrx_word' id='word_1_263' title='bbox 436 2251 695 2288; x_wconf 73' lang='lat' dir='ltr'>vacacionem</span> <span class='ocrx_word' id='word_1_264' title='bbox 728 2253 789 2289; x_wconf 89' lang='lat' dir='ltr'>vel</span> <span class='ocrx_word' id='word_1_265' title='bbox 812 2252 945 2289; x_wconf 89' lang='lat' dir='ltr'>ocium</span> <span class='ocrx_word' id='word_1_266' title='bbox 971 2265 1050 2301; x_wconf 90' lang='lat' dir='ltr'>quo</span> <span class='ocrx_word' id='word_1_267' title='bbox 1074 2252 1199 2289; x_wconf 82' lang='lat' dir='ltr'>nostri</span> <span class='ocrx_word' id='word_1_268' title='bbox 1224 2251 1434 2300; x_wconf 83' lang='lat' dir='ltr'>presbiteri</span> <span class='ocrx_word' id='word_1_269' title='bbox 1458 2252 1498 2288; x_wconf 92' lang='lat' dir='ltr'>in</span> <span class='ocrx_word' id='word_1_270' title='bbox 1522 2252 1583 2288; x_wconf 88' lang='lat' dir='ltr'>die</span> 
     </span>
     <span class='ocr_line' id='line_1_35' title="bbox 266 2309 1584 2359; baseline 0.001 -14"><span class='ocrx_word' id='word_1_271' title='bbox 266 2309 469 2346; x_wconf 86' lang='lat' dir='ltr'>dominico</span> <span class='ocrx_word' id='word_1_272' title='bbox 488 2319 720 2358; x_wconf 87' lang='lat' dir='ltr'>perpetrant</span> <span class='ocrx_word' id='word_1_273' title='bbox 740 2311 899 2359; x_wconf 89' lang='lat' dir='ltr'>culpam</span> <span class='ocrx_word' id='word_1_274' title='bbox 918 2324 1045 2347; x_wconf 85' lang='lat' dir='ltr'>suam.</span> <span class='ocrx_word' id='word_1_275' title='bbox 1065 2313 1166 2347; x_wconf 85' lang='lat' dir='ltr'>Nam</span> <span class='ocrx_word' id='word_1_276' title='bbox 1186 2310 1403 2347; x_wconf 87' lang='lat' dir='ltr'>inmundus</span> <span class='ocrx_word' id='word_1_277' title='bbox 1421 2310 1584 2358; x_wconf 89' lang='lat' dir='ltr'>spiritus</span> 
     </span>
     <span class='ocr_line' id='line_1_36' title="bbox 209 2367 1584 2406; baseline 0.001 -3"><span class='ocrx_word' id='word_1_278' title='bbox 209 2370 248 2403; x_wconf 77' lang='lat'>35</span> <span class='ocrx_word' id='word_1_279' title='bbox 265 2379 355 2403; x_wconf 89' lang='lat' dir='ltr'>cum</span> <span class='ocrx_word' id='word_1_280' title='bbox 385 2367 520 2404; x_wconf 85' lang='lat' dir='ltr'>exierit</span> <span class='ocrx_word' id='word_1_281' title='bbox 542 2369 591 2404; x_wconf 86' lang='lat' dir='ltr'>ab</span> <span class='ocrx_word' id='word_1_282' title='bbox 616 2368 777 2405; x_wconf 89' lang='lat' dir='ltr'>homine</span> <span class='ocrx_word' id='word_1_283' title='bbox 800 2378 836 2405; x_wconf 92' lang='lat' dir='ltr'>et</span> <span class='ocrx_word' id='word_1_284' title='bbox 863 2368 1012 2406; x_wconf 82' lang='lat' dir='ltr'>invenit</span> <span class='ocrx_word' id='word_1_285' title='bbox 1033 2370 1199 2405; x_wconf 88' lang='lat' dir='ltr'>domum</span> <span class='ocrx_word' id='word_1_286' title='bbox 1226 2378 1434 2406; x_wconf 81' lang='lat' dir='ltr'>vacantem</span> <span class='ocrx_word' id='word_1_287' title='bbox 1458 2368 1584 2405; x_wconf 90' lang='lat' dir='ltr'>credit</span> 
     </span>
     <span class='ocr_line' id='line_1_37' title="bbox 265 2424 1461 2475; baseline 0.003 -15"><span class='ocrx_word' id='word_1_288' title='bbox 265 2424 575 2474; x_wconf 87' lang='lat' dir='ltr'>disposicionem</span> <span class='ocrx_word' id='word_1_289' title='bbox 609 2425 649 2462; x_wconf 91' lang='lat' dir='ltr'>in</span> <span class='ocrx_word' id='word_1_290' title='bbox 682 2439 760 2475; x_wconf 84' lang='lat' dir='ltr'>qua</span> <span class='ocrx_word' id='word_1_291' title='bbox 793 2428 955 2464; x_wconf 87' lang='lat' dir='ltr'>seducet</span> <span class='ocrx_word' id='word_1_292' title='bbox 988 2426 1104 2463; x_wconf 84' lang='lat' dir='ltr'>huius</span> <span class='ocrx_word' id='word_1_293' title='bbox 1138 2427 1247 2463; x_wconf 88' lang='lat' dir='ltr'>modi</span> <span class='ocrx_word' id='word_1_294' title='bbox 1281 2429 1461 2464; x_wconf 86' lang='lat' dir='ltr'>domum.</span> 
     </span>
     <span class='ocr_line' id='line_1_38' title="bbox 332 2512 1582 2550; baseline 0.001 -10"><span class='ocrx_word' id='word_1_295' title='bbox 332 2512 357 2540; x_wconf 76' lang='lat'>3.</span> <span class='ocrx_word' id='word_1_296' title='bbox 379 2514 423 2541; x_wconf 90' lang='lat' dir='ltr'>A:</span> <span class='ocrx_word' id='word_1_297' title='bbox 446 2514 563 2549; x_wconf 68' lang='lat' dir='ltr'>primo:</span> <span class='ocrx_word' id='word_1_298' title='bbox 584 2514 624 2541; x_wconf 85' lang='lat' dir='ltr'>ib.</span> <span class='ocrx_word' id='word_1_299' title='bbox 641 2514 679 2542; x_wconf 87' lang='lat' dir='ltr'>C:</span> <span class='ocrx_word' id='word_1_300' title='bbox 701 2515 872 2550; x_wconf 72' lang='lat' dir='ltr'>Symeone:</span> <span class='ocrx_word' id='word_1_301' title='bbox 899 2515 939 2542; x_wconf 88' lang='lat' dir='ltr'>ib.</span> <span class='ocrx_word' id='word_1_302' title='bbox 955 2515 1027 2542; x_wconf 90' lang='lat' dir='ltr'>AC:</span> <span class='ocrx_word' id='word_1_303' title='bbox 1047 2514 1137 2542; x_wconf 85' lang='lat' dir='ltr'>Juda.</span> <span class='ocrx_word' id='word_1_304' title='bbox 1175 2514 1199 2542; x_wconf 89' lang='lat'>5.</span> <span class='ocrx_word' id='word_1_305' title='bbox 1215 2515 1260 2542; x_wconf 84' lang='lat' dir='ltr'>A:</span> <span class='ocrx_word' id='word_1_306' title='bbox 1282 2515 1414 2542; x_wconf 79' lang='lat' dir='ltr'>ordinat.</span> <span class='ocrx_word' id='word_1_307' title='bbox 1453 2515 1478 2545; x_wconf 79' lang='lat'>5.</span> <span class='ocrx_word' id='word_1_308' title='bbox 1495 2514 1523 2542; x_wconf 79' lang='lat'>6.</span> <span class='ocrx_word' id='word_1_309' title='bbox 1539 2516 1582 2541; x_wconf 83' lang='lat' dir='ltr'>A:</span> 
     </span>
     <span class='ocr_line' id='line_1_39' title="bbox 264 2548 1582 2585; baseline 0 -10"><span class='ocrx_word' id='word_1_310' title='bbox 264 2548 453 2579; x_wconf 78' lang='lat' dir='ltr'>ministerio:</span> <span class='ocrx_word' id='word_1_311' title='bbox 475 2549 513 2575; x_wconf 85' lang='lat' dir='ltr'><strong>B:</strong></span> <span class='ocrx_word' id='word_1_312' title='bbox 536 2549 752 2576; x_wconf 58' lang='lat' dir='ltr'>ministerium.</span> <span class='ocrx_word' id='word_1_313' title='bbox 809 2558 834 2585; x_wconf 81' lang='lat'>7.</span> <span class='ocrx_word' id='word_1_314' title='bbox 856 2550 900 2577; x_wconf 82' lang='lat' dir='ltr'>A:</span> <span class='ocrx_word' id='word_1_315' title='bbox 922 2550 1074 2585; x_wconf 74' lang='lat' dir='ltr'>specialis.</span> <span class='ocrx_word' id='word_1_316' title='bbox 1126 2550 1153 2577; x_wconf 80' lang='lat'>8.</span> <span class='ocrx_word' id='word_1_317' title='bbox 1174 2550 1218 2577; x_wconf 86' lang='lat' dir='ltr'>A:</span> <span class='ocrx_word' id='word_1_318' title='bbox 1240 2550 1320 2577; x_wconf 81' lang='lat' dir='ltr'><strong>XIII.</strong></span> <span class='ocrx_word' id='word_1_319' title='bbox 1372 2559 1412 2577; x_wconf 88' lang='lat'>10.</span> <span class='ocrx_word' id='word_1_320' title='bbox 1435 2551 1479 2577; x_wconf 93' lang='lat' dir='ltr'>A:</span> <span class='ocrx_word' id='word_1_321' title='bbox 1501 2549 1582 2585; x_wconf 77' lang='lat' dir='ltr'>quod</span> 
     </span>
     <span class='ocr_line' id='line_1_40' title="bbox 263 2583 1582 2620; baseline 0.001 -11"><span class='ocrx_word' id='word_1_322' title='bbox 263 2587 396 2617; x_wconf 74' lang='lat' dir='ltr'>quatuor</span> <span class='ocrx_word' id='word_1_323' title='bbox 417 2583 634 2611; x_wconf 81' lang='lat' dir='ltr'>nunciaciones</span> <span class='ocrx_word' id='word_1_324' title='bbox 655 2584 709 2611; x_wconf 85' lang='lat' dir='ltr'>Dei</span> <span class='ocrx_word' id='word_1_325' title='bbox 731 2585 809 2611; x_wconf 84' lang='lat' dir='ltr'>ultra</span> <span class='ocrx_word' id='word_1_326' title='bbox 831 2584 913 2611; x_wconf 85' lang='lat' dir='ltr'>dicit.</span> <span class='ocrx_word' id='word_1_327' title='bbox 954 2592 992 2612; x_wconf 85' lang='lat'>12.</span> <span class='ocrx_word' id='word_1_328' title='bbox 1014 2586 1042 2612; x_wconf 94' lang='lat' dir='ltr'><strong>A</strong></span> <span class='ocrx_word' id='word_1_329' title='bbox 1063 2584 1092 2611; x_wconf 88' lang='lat' dir='ltr'>in</span> <span class='ocrx_word' id='word_1_330' title='bbox 1110 2593 1224 2620; x_wconf 63' lang='lat' dir='ltr'>marg:</span> <span class='ocrx_word' id='word_1_331' title='bbox 1246 2584 1374 2612; x_wconf 80' lang='lat' dir='ltr'>Versus.</span> <span class='ocrx_word' id='word_1_332' title='bbox 1415 2583 1452 2612; x_wconf 82' lang='lat'>13.</span> <span class='ocrx_word' id='word_1_333' title='bbox 1469 2584 1509 2611; x_wconf 89' lang='lat' dir='ltr'>C:</span> <span class='ocrx_word' id='word_1_334' title='bbox 1532 2584 1582 2610; x_wconf 77' lang='lat' dir='ltr'>sed</span> 
     </span>
     <span class='ocr_line' id='line_1_41' title="bbox 264 2617 1582 2655; baseline 0.001 -11"><span class='ocrx_word' id='word_1_335' title='bbox 264 2617 420 2649; x_wconf 80' lang='lat' dir='ltr'>Hebreus;</span> <span class='ocrx_word' id='word_1_336' title='bbox 442 2618 486 2645; x_wconf 88' lang='lat' dir='ltr'>A:</span> <span class='ocrx_word' id='word_1_337' title='bbox 509 2618 584 2645; x_wconf 83' lang='lat' dir='ltr'>lucis</span> <span class='ocrx_word' id='word_1_338' title='bbox 606 2618 749 2653; x_wconf 82' lang='lat' dir='ltr'>gentiles;</span> <span class='ocrx_word' id='word_1_339' title='bbox 770 2619 811 2646; x_wconf 84' lang='lat' dir='ltr'>ib.</span> <span class='ocrx_word' id='word_1_340' title='bbox 833 2619 871 2646; x_wconf 65' lang='lat'>15:</span> <span class='ocrx_word' id='word_1_341' title='bbox 894 2628 1020 2654; x_wconf 73' lang='lat' dir='ltr'>vespere</span> <span class='ocrx_word' id='word_1_342' title='bbox 1041 2623 1157 2646; x_wconf 77' lang='lat' dir='ltr'>sancto.</span> <span class='ocrx_word' id='word_1_343' title='bbox 1209 2628 1247 2655; x_wconf 69' lang='lat'>17.</span> <span class='ocrx_word' id='word_1_344' title='bbox 1269 2620 1313 2646; x_wconf 89' lang='lat' dir='ltr'>A:</span> <span class='ocrx_word' id='word_1_345' title='bbox 1335 2620 1372 2646; x_wconf 88' lang='lat' dir='ltr'>Et</span> <span class='ocrx_word' id='word_1_346' title='bbox 1392 2619 1463 2646; x_wconf 84' lang='lat' dir='ltr'>hinc</span> <span class='ocrx_word' id='word_1_347' title='bbox 1483 2619 1582 2649; x_wconf 65' lang='lat' dir='ltr'>deest:</span> 
     </span>
     <span class='ocr_line' id='line_1_42' title="bbox 262 2652 1581 2693; baseline 0 -14"><span class='ocrx_word' id='word_1_348' title='bbox 262 2652 303 2679; x_wconf 86' lang='lat' dir='ltr'>ib.</span> <span class='ocrx_word' id='word_1_349' title='bbox 319 2654 364 2680; x_wconf 88' lang='lat' dir='ltr'>A:</span> <span class='ocrx_word' id='word_1_350' title='bbox 380 2657 473 2680; x_wconf 83' lang='lat' dir='ltr'>totam</span> <span class='ocrx_word' id='word_1_351' title='bbox 487 2652 581 2680; x_wconf 81' lang='lat' dir='ltr'>deest.</span> <span class='ocrx_word' id='word_1_352' title='bbox 620 2661 666 2680; x_wconf 83' lang='lat'>20.</span> <span class='ocrx_word' id='word_1_353' title='bbox 679 2654 723 2681; x_wconf 87' lang='lat' dir='ltr'>A:</span> <span class='ocrx_word' id='word_1_354' title='bbox 737 2653 796 2680; x_wconf 83' lang='lat' dir='ltr'>hiis</span> <span class='ocrx_word' id='word_1_355' title='bbox 808 2654 926 2687; x_wconf 67' lang='lat' dir='ltr'>verbisg</span> <span class='ocrx_word' id='word_1_356' title='bbox 942 2654 981 2681; x_wconf 87' lang='lat' dir='ltr'>ib.</span> <span class='ocrx_word' id='word_1_357' title='bbox 994 2654 1063 2681; x_wconf 85' lang='lat' dir='ltr'>Ain</span> <span class='ocrx_word' id='word_1_358' title='bbox 1077 2662 1172 2690; x_wconf 80' lang='lat' dir='ltr'>marg.</span> <span class='ocrx_word' id='word_1_359' title='bbox 1185 2664 1190 2681; x_wconf 88' lang='lat'><strong>:</strong></span> <span class='ocrx_word' id='word_1_360' title='bbox 1206 2654 1376 2682; x_wconf 70' lang='lat' dir='ltr'>Sabbatum</span> <span class='ocrx_word' id='word_1_361' title='bbox 1391 2654 1581 2693; x_wconf 75' lang='lat' dir='ltr'>quintuplex.</span> 
     </span>
    </p>
   </div>
   <div class='ocr_carea' id='block_1_6' title="bbox 262 2687 1581 2757">
    <p class='ocr_par' dir='ltr' id='par_1_6' title="bbox 262 2687 1581 2757">
     <span class='ocr_line' id='line_1_43' title="bbox 262 2687 1581 2722; baseline 0.001 -9"><span class='ocrx_word' id='word_1_362' title='bbox 262 2687 390 2714; x_wconf 75' lang='lat' dir='ltr'>Versus.</span> <span class='ocrx_word' id='word_1_363' title='bbox 446 2695 486 2714; x_wconf 85' lang='lat'>21.</span> <span class='ocrx_word' id='word_1_364' title='bbox 508 2688 551 2714; x_wconf 84' lang='lat' dir='ltr'>A:</span> <span class='ocrx_word' id='word_1_365' title='bbox 573 2688 697 2716; x_wconf 82' lang='lat' dir='ltr'>Sabota.</span> <span class='ocrx_word' id='word_1_366' title='bbox 748 2696 792 2715; x_wconf 85' lang='lat'>22.</span> <span class='ocrx_word' id='word_1_367' title='bbox 814 2687 854 2715; x_wconf 92' lang='lat' dir='ltr'><strong>C:</strong></span> <span class='ocrx_word' id='word_1_368' title='bbox 876 2689 952 2715; x_wconf 83' lang='lat' dir='ltr'>festa</span> <span class='ocrx_word' id='word_1_369' title='bbox 968 2689 1044 2716; x_wconf 79' lang='lat' dir='ltr'>dies.</span> <span class='ocrx_word' id='word_1_370' title='bbox 1094 2688 1138 2716; x_wconf 85' lang='lat'>23.</span> <span class='ocrx_word' id='word_1_371' title='bbox 1155 2688 1195 2716; x_wconf 94' lang='lat' dir='ltr'><strong>C:</strong></span> <span class='ocrx_word' id='word_1_372' title='bbox 1217 2689 1246 2716; x_wconf 86' lang='lat' dir='ltr'>in</span> <span class='ocrx_word' id='word_1_373' title='bbox 1264 2689 1358 2716; x_wconf 85' lang='lat' dir='ltr'>deest.</span> <span class='ocrx_word' id='word_1_374' title='bbox 1410 2687 1453 2716; x_wconf 71' lang='lat'>25.</span> <span class='ocrx_word' id='word_1_375' title='bbox 1469 2696 1516 2722; x_wconf 67' lang='lat'>24.</span> <span class='ocrx_word' id='word_1_376' title='bbox 1536 2688 1581 2715; x_wconf 88' lang='lat' dir='ltr'>A:</span> 
     </span>
     <span class='ocr_line' id='line_1_44' title="bbox 264 2721 1581 2757; baseline 0 -8"><span class='ocrx_word' id='word_1_377' title='bbox 264 2726 392 2757; x_wconf 87' lang='lat' dir='ltr'>propter</span> <span class='ocrx_word' id='word_1_378' title='bbox 411 2721 519 2749; x_wconf 69' lang='lat' dir='ltr'>fecisti.</span> <span class='ocrx_word' id='word_1_379' title='bbox 585 2722 632 2750; x_wconf 84' lang='lat'>26.</span> <span class='ocrx_word' id='word_1_380' title='bbox 655 2722 694 2750; x_wconf 90' lang='lat' dir='ltr'><strong>C:</strong></span> <span class='ocrx_word' id='word_1_381' title='bbox 716 2722 881 2750; x_wconf 84' lang='lat' dir='ltr'>dominica.</span> <span class='ocrx_word' id='word_1_382' title='bbox 937 2722 983 2751; x_wconf 83' lang='lat'>30.</span> <span class='ocrx_word' id='word_1_383' title='bbox 1004 2724 1048 2750; x_wconf 92' lang='lat' dir='ltr'>A:</span> <span class='ocrx_word' id='word_1_384' title='bbox 1070 2723 1125 2751; x_wconf 88' lang='lat' dir='ltr'>hec</span> <span class='ocrx_word' id='word_1_385' title='bbox 1146 2723 1240 2751; x_wconf 78' lang='lat' dir='ltr'>deest.</span> <span class='ocrx_word' id='word_1_386' title='bbox 1296 2722 1336 2751; x_wconf 85' lang='lat'>31.</span> <span class='ocrx_word' id='word_1_387' title='bbox 1360 2723 1581 2750; x_wconf 77' lang='lat' dir='ltr'>sabotizabant.</span> 
     </span>
    </p>
   </div>
   <div class='ocr_carea' id='block_1_7' title="bbox 263 2770 1583 2942">
    <p class='ocr_par' dir='ltr' id='par_1_7' title="bbox 263 2770 1583 2942">
     <span class='ocr_line' id='line_1_45' title="bbox 333 2770 1581 2813; baseline 0 -11"><span class='ocrx_word' id='word_1_388' title='bbox 333 2770 349 2802; x_wconf 81' lang='lat'><em>3</em></span> <span class='ocrx_word' id='word_1_389' title='bbox 378 2770 428 2803; x_wconf 87' lang='lat' dir='ltr'>Cf.</span> <span class='ocrx_word' id='word_1_390' title='bbox 456 2772 661 2802; x_wconf 83' lang='lat' dir='ltr'>Sermonem</span> <span class='ocrx_word' id='word_1_391' title='bbox 679 2771 848 2803; x_wconf 75' lang='lat' dir='ltr'>JohanniS</span> <span class='ocrx_word' id='word_1_392' title='bbox 862 2772 1001 2803; x_wconf 85' lang='lat' dir='ltr'>Gerson</span> <span class='ocrx_word' id='word_1_393' title='bbox 1029 2772 1071 2803; x_wconf 93' lang='lat' dir='ltr'>de</span> <span class='ocrx_word' id='word_1_394' title='bbox 1091 2771 1275 2804; x_wconf 80' lang='lat' dir='ltr'>Nativitate</span> <span class='ocrx_word' id='word_1_395' title='bbox 1292 2773 1328 2803; x_wconf 82' lang='lat' dir='ltr'>B.</span> <span class='ocrx_word' id='word_1_396' title='bbox 1343 2772 1471 2803; x_wconf 80' lang='lat' dir='ltr'>Mariae</span> <span class='ocrx_word' id='word_1_397' title='bbox 1491 2771 1581 2813; x_wconf 85' lang='lat' dir='ltr'>Opp.</span> 
     </span>
     <span class='ocr_line' id='line_1_46' title="bbox 265 2816 1583 2860; baseline -0.001 -12"><span class='ocrx_word' id='word_1_398' title='bbox 265 2824 349 2849; x_wconf 87' lang='lat' dir='ltr'>tom.</span> <span class='ocrx_word' id='word_1_399' title='bbox 375 2818 430 2849; x_wconf 90' lang='lat'>111.</span> <span class='ocrx_word' id='word_1_400' title='bbox 459 2818 525 2849; x_wconf 86' lang='lat' dir='ltr'>col.</span> <span class='ocrx_word' id='word_1_401' title='bbox 557 2817 612 2849; x_wconf 82' lang='lat'>131</span> <span class='ocrx_word' id='word_1_402' title='bbox 645 2817 714 2859; x_wconf 88' lang='lat' dir='ltr'>(ed.</span> <span class='ocrx_word' id='word_1_403' title='bbox 741 2818 838 2849; x_wconf 78' lang='lat' dir='ltr'>Paris</span> <span class='ocrx_word' id='word_1_404' title='bbox 869 2816 981 2860; x_wconf 82' lang='lat'>1606).</span> <span class='ocrx_word' id='word_1_405' title='bbox 1010 2818 1097 2850; x_wconf 79' lang='lat' dir='ltr'>This</span> <span class='ocrx_word' id='word_1_406' title='bbox 1124 2819 1266 2850; x_wconf 89' lang='lat' dir='ltr'>curious</span> <span class='ocrx_word' id='word_1_407' title='bbox 1292 2818 1487 2860; x_wconf 84' lang='lat' dir='ltr'>genealogy</span> <span class='ocrx_word' id='word_1_408' title='bbox 1511 2827 1583 2849; x_wconf 64' lang='lat' dir='ltr'>was</span> 
     </span>
     <span class='ocr_line' id='line_1_47' title="bbox 263 2863 1583 2908; baseline 0 -14"><span class='ocrx_word' id='word_1_409' title='bbox 263 2864 415 2906; x_wconf 86' lang='lat' dir='ltr'>popular</span> <span class='ocrx_word' id='word_1_410' title='bbox 441 2871 473 2895; x_wconf 86' lang='lat' dir='ltr'>at</span> <span class='ocrx_word' id='word_1_411' title='bbox 498 2863 558 2895; x_wconf 88' lang='lat' dir='ltr'>the</span> <span class='ocrx_word' id='word_1_412' title='bbox 575 2864 659 2896; x_wconf 86' lang='lat' dir='ltr'>time</span> <span class='ocrx_word' id='word_1_413' title='bbox 679 2864 747 2896; x_wconf 91' lang='lat' dir='ltr'>and</span> <span class='ocrx_word' id='word_1_414' title='bbox 769 2865 796 2896; x_wconf 85' lang='lat' dir='ltr'>is</span> <span class='ocrx_word' id='word_1_415' title='bbox 814 2871 850 2896; x_wconf 93' lang='lat' dir='ltr'>to</span> <span class='ocrx_word' id='word_1_416' title='bbox 869 2863 912 2896; x_wconf 90' lang='lat' dir='ltr'>be</span> <span class='ocrx_word' id='word_1_417' title='bbox 933 2864 1039 2896; x_wconf 83' lang='lat' dir='ltr'>found</span> <span class='ocrx_word' id='word_1_418' title='bbox 1061 2866 1094 2896; x_wconf 85' lang='lat' dir='ltr'>in</span> <span class='ocrx_word' id='word_1_419' title='bbox 1112 2864 1284 2908; x_wconf 86' lang='lat' dir='ltr'>Higden&#39;s</span> <span class='ocrx_word' id='word_1_420' title='bbox 1303 2863 1583 2907; x_wconf 83' lang='lat' dir='ltr'>Polychronicon</span> 
     </span>
     <span class='ocr_line' id='line_1_48' title="bbox 263 2907 563 2942; baseline 0 -1"><span class='ocrx_word' id='word_1_421' title='bbox 263 2910 330 2942; x_wconf 91' lang='lat' dir='ltr'>and</span> <span class='ocrx_word' id='word_1_422' title='bbox 359 2907 563 2942; x_wconf 84' lang='lat' dir='ltr'>elsewhere.</span> 
     </span>
    </p>
   </div>
   <div class='ocr_carea' id='block_1_8' title="bbox 1404 2979 1437 3000">
    <p class='ocr_par' dir='ltr' id='par_1_8' title="bbox 1404 2979 1437 3000">
     <span class='ocr_line' id='line_1_49' title="bbox 1404 2979 1437 3000; baseline 0 0"><span class='ocrx_word' id='word_1_423' title='bbox 1404 2979 1437 3000; x_wconf 93' lang='lat'>11</span> 
     </span>
    </p>
   </div>
  </div>
 </body>
</html>
