2017 3353
245 247 323 294 374

830 254 1054 286 υιΟΗΑΝΝΙε
1076 253 1256 286 WYCLIF
1275 253 1531 286 SERMONUM
1586 242 1736 300 [samio
1758 254 1850 281 rvn.

531 371 738 410 tamquam
773 373 896 409 panes
931 369 967 397 et
1000 372 1157 396 sensum
1194 359 1396 396 misticum
1430 361 1600 410 duplicis
1622 363 1850 400 testamenti

530 428 738 468 tamquam
773 418 970 464 edulium;
1016 419 1124 467 quod
1161 426 1290 454 toturn
1333 417 1483 455 dictum
1523 420 1751 468 quinarium
1790 435 1850 459 sa-

241 484 307 512 The
329 485 384 512 five
405 485 509 512 loaves
531 477 661 514 ciavit.
707 478 755 513 Ut
786 485 911 513 autem
945 476 1092 526 impleti
1121 483 1220 522 sunt,
1249 477 1424 526 precepit
1455 479 1640 527 apostolis
1672 487 1710 515 ut
1743 480 1848 516 colli-

317 528 366 546 are
387 519 436 546 the

276 554 469 582 l‘cntateuch.

271 1054 347 1082 How
370 1055 415 1081 sar
435 1054 485 1081 the

260 1089 444 1116 l‘eutateuch
465 1089 491 1116 is

240 1129 270 1151 to
293 1124 327 1151 be
349 1123 495 1151 received.

292 2048 408 2076 Nature
428 2050 462 2077 of

251 2083 378 2118 English
400 2084 500 2111 whcat

241 2118 299 2145 und
321 2118 356 2145 of
372 2119 498 2154 English

293 2153 446 2190 theology.

528 543 668 586 gerent
688 537 924 586 fragmenta
958 533 1251 571 sentenciarum
1277 546 1353 582 que
1385 536 1675 583 superfuerant,
1710 550 1755 574 ne
1781 550 1848 587 pe-

530 594 664 629 rirent.
710 594 762 629 Et
800 593 1041 643 collegerunt
1079 603 1124 627 ac
1162 591 1418 641 impleverunt
1462 594 1725 642 multiplicem
1765 595 1850 631 uni—

528 651 758 688 versitatem
793 652 1111 698 fragmentorum
1146 662 1189 686 ex
1222 649 1399 699 quinque
1439 651 1549 688 libris
1583 653 1780 701 Mosaycis
1814 662 1850 690 et

529 722 665 746 sensus
681 708 850 757 duplicis
873 707 1114 745 testamenti.
1138 707 1334 744 Dicuntur
1349 718 1483 745 autem
1507 723 1629 758 panes
1651 711 1849 757 ordeacei,

530 767 623 816 quia
662 767 837 816 quinque
876 765 967 803 libri
1000 765 1230 802 Pentateuci
1264 775 1354 802 sunt
1391 780 1528 815 graves
1562 777 1599 805 et
1632 769 1762 817 asperi
1801 771 1849 806 ad

530 827 784 862 servandum.
839 825 914 860 Sed
967 823 1233 872 percipientes
1285 836 1443 861 sensum
1498 826 1614 862 huius
1667 826 1850 864 miraculi

531 883 665 919 vident
703 895 746 919 ex
785 882 961 931 quinque
1000 881 1110 918 libris
1149 882 1345 930 Mosaycis
1384 892 1421 919 et
1460 883 1601 921 ceteris
1643 885 1850 933 prophetis

533 940 626 989 quia
658 942 768 977 Jesus
800 949 934 977 noster
967 939 1016 976 sit
1049 952 1183 976 servus
1216 941 1415 988 propheta
1448 941 1514 990 qui
1547 941 1587 978 in
1619 943 1704 991 lege
1727 943 1849 980 veteri

534 1008 590 1036 est
623 998 859 1047 promissus.

591 1057 707 1093 Circa
729 1058 805 1094 hoc
829 1055 1075 1105 evangelium
1103 1055 1234 1103 primo
1258 1055 1464 1092 dubitatur
1488 1066 1623 1094 utrum
1648 1058 1703 1094 illi
1727 1072 1849 1107 panes

531 1115 715 1152 ordeacei
760 1115 837 1151 sint
877 1114 996 1151 hodie
1036 1126 1057 1150 a
1097 1113 1281 1149 fidelibus
1323 1115 1573 1162 comedendi,
1620 1125 1657 1153 et
1693 1116 1850 1153 videtur

530 1174 637 1222 quod
678 1186 770 1217 non,
817 1172 911 1221 quia
956 1172 1035 1208 iam
1081 1172 1226 1219 legalia
1260 1182 1526 1210 cessaverunt.
1573 1175 1650 1211 Sed
1695 1183 1848 1211 certum

528 1231 684 1268 videtur
718 1244 760 1267 ex
807 1231 884 1267 fide
930 1231 1038 1279 quod
1085 1242 1222 1266 sensus
1268 1229 1447 1267 misticus
1492 1231 1687 1268 librorum
1722 1233 1848 1280 Moysi

527 1289 576 1325 sit
609 1288 649 1325 in
681 1298 919 1337 perpetuum
955 1289 1238 1324 comedendus.
1264 1289 1468 1336 Asperitas
1496 1298 1629 1326 autem
1653 1292 1848 1328 ordeacea

528 1347 774 1384 cessantibus
815 1346 1044 1383 cerimoniis
1090 1346 1208 1383 hodie
1241 1355 1298 1383 est
1348 1346 1482 1384 lenita.
1535 1349 1612 1384 Sed
1657 1349 1733 1385 heu
1777 1361 1847 1397 per

527 1404 818 1441 Antichristum
852 1414 942 1441 sunt
975 1403 1220 1440 tradiciones
1260 1413 1340 1441 tam
1378 1417 1517 1453 aspere
1551 1415 1587 1442 et
1619 1407 1735 1455 longe
1769 1407 1846 1443 dis-

528 1475 641 1511 perse
686 1464 794 1511 quod
843 1464 902 1499 lex
948 1461 1075 1509 Moysi
1124 1462 1196 1498 fuit
1244 1462 1378 1498 „Iudeis
1430 1464 1680 1500 tolerabilior
1725 1478 1844 1513 quam

528 1520 647 1557 hodie
680 1529 737 1557 est
777 1521 838 1557 lex
886 1519 1033 1557 Christi
1081 1529 1116 1555 et
1162 1520 1217 1556 sic
1262 1532 1332 1568 per
1378 1521 1694 1558 inculcacionem
1741 1532 1844 1559 terre

527 1580 692 1615 serende
725 1592 894 1626 granum
929 1578 1119 1615 frumenti
1160 1587 1216 1615 est
1255 1590 1413 1614 versum
1447 1578 1486 1614 in
1520 1581 1686 1616 ordeum
1727 1590 1846 1629 atque

527 1636 723 1684 siliginem
784 1646 820 1672 et
865 1637 1145 1687 refrigescente
1198 1636 1360 1672 caritate
1410 1637 1620 1673 multorzmz
1673 1640 1842 1687 quedam

527 1694 680 1742 species
726 1694 836 1731 ordei
883 1695 1084 1731 frumento
1129 1693 1269 1730 similis
1308 1693 1348 1730 in
1387 1694 1513 1743 figura
1545 1707 1615 1743 per
1647 1696 1845 1745 sophistas

527 1752 688 1800 dyaboli
718 1761 776 1789 est
805 1762 976 1801 reperta.
1011 1755 1100 1788 Non
1134 1751 1236 1789 enim
1273 1761 1329 1788 est
1362 1752 1496 1801 aliqua
1528 1766 1620 1801 pars
1654 1754 1844 1803 evangelii

528 1810 624 1859 quin
658 1823 701 1847 ex
733 1811 864 1858 glossa
897 1811 1057 1848 sinistra
1090 1810 1139 1847 sit
1172 1819 1214 1847 ut
1248 1810 1497 1859 evangelium
1532 1811 1697 1859 palliata
1730 1821 1766 1849 et
1790 1812 1844 1849 sic

527 1868 635 1916 spice
659 1868 860 1916 longiores
885 1878 1004 1918 atque
1029 1869 1253 1917 asperiores
1271 1868 1475 1905 communi
1500 1870 1623 1906 ordeo
1647 1870 1845 1918 germina-

528 1934 632 1962 runt.
679 1929 761 1963 Nec
800 1926 967 1964 dubium
1008 1927 1102 1974 quin
1142 1926 1460 1975 apostolicorum
1500 1926 1734 1975 ignorancia
1778 1937 1845 1965 aut

528 1983 772 2032 negligencia
804 1984 854 2021 sit
886 1984 926 2021 in
962 1997 1094 2021 causa.

585 2043 632 2078 Et
665 2043 886 2079 notandum
923 2051 980 2079 est
1014 2044 1121 2091 quod
1155 2043 1399 2078 frumentum
1434 2042 1573 2090 Anglie
1606 2044 1693 2091 plus
1727 2044 1844 2080 habet

529 2100 575 2135 de
620 2100 790 2148 spinosis
842 2101 1054 2150 superfluis
1101 2113 1145 2137 ac
1193 2099 1317 2148 paleis
1363 2113 1384 2136 a
1429 2100 1629 2137 frumento
1680 2101 1844 2138 remotis

528 2170 648 2206 quam
684 2159 802 2195 habet
836 2160 1082 2195 frumentum
1117 2157 1279 2195 alterius
1319 2157 1464 2206 gentis:
1504 2160 1572 2194 sed
1613 2158 1748 2195 utilius
1789 2168 1844 2195 est

528 2228 601 2263 pro
636 2216 815 2253 faccione
849 2217 976 2265 panis.
1012 2216 1383 2264 Correspondenter
1414 2215 1571 2252 videtur
1603 2218 1710 2264 quod
1734 2218 1844 2253 theo-

529 2273 634 2320 logia
672 2283 806 2310 nostre
853 2274 978 2323 gentis
1019 2274 1067 2310 sit
1107 2274 1392 2310 concordando
1433 2273 1540 2310 curie
1579 2274 1845 2323 propinquior

529 2331 767 2367 ceremoniis
801 2332 1006 2369 ordeaceis
1040 2333 1107 2368 sed
1141 2331 1303 2368 racione
1336 2330 1566 2367 subtilitatis
1600 2341 1636 2368 et
1661 2333 1844 2380 explana-

530 2388 656 2424 cionis
690 2402 779 2425 cum
815 2390 933 2426 fuerit
966 2398 1137 2437 purgata
1170 2388 1218 2424 sit
1251 2388 1410 2436 planior
1450 2402 1495 2425 ac
1534 2389 1665 2437 pastui
1704 2390 1843 2438 populi

529 2447 747 2482 secundum
782 2460 927 2495 panem
960 2447 1038 2483 vite
1073 2446 1219 2483 clarior
1253 2455 1372 2494 atque
1404 2446 1584 2483 fertilior.
1632 2449 1707 2484 Sed
1741 2447 1843 2484 sicut

529 2503 710 2541 veniente
744 2505 831 2542 luce
864 2514 901 2542 et
934 2505 1066 2542 calore
1107 2503 1284 2541 caritatis
1324 2504 1470 2541 Christi
1509 2504 1651 2552 legalia
1691 2517 1843 2542 cessare

530 2563 762 2609 debuerant,
822 2562 878 2600 sic
930 2564 1153 2600 lucescente
1210 2563 1343 2599 calore
1395 2562 1491 2611 legis
1541 2562 1703 2599 Domini
1753 2572 1843 2599 sunt

597 2715 621 2734 2.
646 2706 709 2735 BC:
730 2708 820 2735 talem
843 2707 1030 2742 quinarium.
1096 2715 1121 2742 7.
1143 2708 1186 2735 A:
1209 2708 1344 2735 ordeicii.
1412 2708 1448 2735 13.
1470 2709 1498 2735 A
1518 2708 1548 2735 in
1569 2716 1682 2743 marg:
1705 2709 1839 2736 Dubium

530 2742 674 2776 primum.
767 2751 808 2776 14.
830 2744 873 2770 A:
897 2746 977 2769 sunt.
1070 2742 1106 2770 15.
1129 2742 1168 2769 C:
1190 2747 1394 2769 cessaverant.
1486 2742 1525 2769 18.
1550 2742 1613 2770 BC:
1636 2744 1726 2771 hodie
1747 2744 1838 2770 deest.

530 2784 570 2810 ις),
594 2784 639 2803 20,
663 2777 699 2803 15:
722 2777 871 2812 disparse.
933 2777 975 2804 25.
997 2778 1040 2804 A:
1062 2777 1129 2804 alia.
1197 2777 1243 2804 26.
1266 2776 1332 2804 BC:
1360 2777 1389 2804 in
1411 2777 1612 2812 evangelium.
1676 2786 1719 2813 27,
1736 2778 1780 2804 28.
1798 2778 1837 2805 C:

526 2811 746 2848 germinantur·
814 2810 860 2841 28,
881 2819 928 2846 29.
949 2812 992 2838 A:
1015 2816 1065 2838 aut
1087 2820 1121 2838 ne
1145 2811 1272 2845 ligencia
1294 2811 1386 2838 deest.
1454 2819 1501 2846 29.
1524 2812 1564 2838 C:
1587 2812 1656 2839 sint.
1724 2811 1770 2839 30.
1792 2814 1836 2839 A:

526 2848 638 2872 iactum
660 2846 778 2880 Anglie,
844 2844 886 2872 32.
909 2846 951 2873 A:
975 2846 1086 2873 factum
1108 2854 1123 2872 a
1139 2846 1240 2873 lesiiis.
1305 2845 1350 2879 34.
1375 2846 1439 2873 BC:
1461 2847 1686 2874 concordanda.
1751 2846 1792 2874 35.
1809 2848 1835 2874 A

523 2879 567 2914 (ut
587 2882 706 2915 supra):
727 2880 885 2908 ordeiceis.
958 2879 1004 2908 36.
1026 2880 1064 2907 B:
1087 2880 1207 2908 fuerint.
1281 2879 1325 2908 35.
1348 2880 1388 2908 C:
1410 2889 1444 2908 ac
1465 2881 1575 2908 calore.

1868 598 1882 630 5

1870 899 1909 921 10

1871 1180 1905 1212 15

1863 1479 1904 1500 20

1861 1758 1900 1791 25

1863 2047 1902 2079 30

1861 2335 1899 2367 35
