2017 3353
82 309 161 344 216
667 312 887 344 ⁴IOHANNIS
906 311 1088 342 WYCLIF
1107 309 1362 341 SERMONUM
1393 293 1544 351 [SERMO
1560 302 1681 331 XXXII-

371 433 618 469 consequens
665 431 758 454 vera
803 416 1032 453 humanitas
1076 415 1150 452 sibi
1196 415 1300 451 insit.
1365 414 1546 451 Christus
1592 426 1684 461 ergo

370 480 489 516 simul
512 476 671 514 instruit
693 475 959 512 Nicodemum
984 475 1031 509 de
1058 472 1256 521 spirituali
1281 471 1488 508 nativitate
1513 470 1686 507 hominis

100 546 203 585 (jin-ist
225 545 345 585 reaches
372 551 441 586 per
474 535 719 584 baptismum
753 546 831 582 qua
865 532 907 568 fit
940 533 1071 568 denuo
1095 531 1166 567 Dei
1201 530 1305 566 filius
1338 539 1374 566 et
1400 531 1447 566 de
1481 529 1686 565 divinitate

96 580 347 651 SIJ}}-¹i¹1¹[1‡'1¹ss¹j¹s“{1„
372 594 519 633 Christi
550 593 695 630 virtute
729 591 839 628 cuius
872 589 1120 638 originaliter
1153 588 1227 625 ista
1260 588 1377 624 fiunt:
1411 588 1530 623 Amen
1554 587 1687 632 Amen,

372 652 514 702 inquit,
568 652 652 687 dico
704 650 789 686 tihi.-
840 649 913 684 nisi
963 647 1045 696 quis
1096 654 1207 683 uatus
1254 646 1385 695 fuerit
1438 646 1560 681 denuo
1613 657 1685 681 uon
1706 646 1721 677 5

368 718 495 761 potest
539 710 669 746 videre
708 720 871 757 regnum
912 706 1007 750 Dei5
1049 718 1095 742 ac
1139 704 1170 741 si
1215 704 1383 741 diceret:
1428 702 1687 740 Nativitatem

373 769 598 806 naturalem
632 767 754 803 habes
788 774 825 801 et
858 763 1086 800 rudimenta
1119 762 1211 798 fidei
1245 763 1293 798 de
1326 774 1415 798 mea
1439 760 1689 797 humanitate

375 840 417 864 ex
450 825 576 875 priori
609 823 805 860 miraculo
839 823 1132 870 cognoscenda,
1172 822 1241 857 sed
1274 832 1393 868 super
1426 821 1497 856 hec
1530 827 1690 866 oportet

375 886 483 934 quod
521 883 573 920 sis
613 884 744 919 denuo
788 879 1050 929 spiritualiter
1093 887 1304 927 generatus
1349 886 1386 914 et
1429 876 1691 926 spiritualiter

375 941 586 990 adoptivus
619 939 723 976 filius
756 938 828 975 Dei
861 939 999 974 factus,
1055 937 1172 982 Quod
1206 949 1296 973 cum
1329 948 1411 972 non
1442 944 1573 984 potest
1607 934 1692 971 fieri
1714 946 1751 967 10

375 1000 450 1037 nisi
483 1013 505 1036 a
528 1001 625 1044 Deo,
659 1006 769 1046 patet
792 998 899 1045 quod
925 1008 997 1043 ego
1021 995 1205 1032 faciendo
1228 993 1534 1042 generacionem
1559 992 1693 1028 huius-

378 1057 486 1095 modi
511 1070 629 1106 super
651 1055 856 1092 hominem
882 1054 956 1090 sim
981 1056 1099 1089 Deus.
1134 1054 1226 1089 Ideo
1258 1053 1345 1088 Joh.
1380 1054 1429 1098 10,
1471 1061 1515 1087 12
1547 1050 1693 1087 dicitur

383 1118 577 1165 Quotquot
608 1122 734 1151 autem
759 1119 986 1162 receperunt
1018 1124 1101 1147 eum
1127 1111 1231 1146 dedit
1254 1111 1306 1146 eis
1333 1117 1562 1160 potestatem
1583 1109 1694 1159 filios

377 1175 453 1210 Dei
471 1173 579 1223 fieri.
632 1174 681 1208 Et
714 1180 771 1208 est
809 1183 879 1219 per
918 1182 958 1206 se
996 1178 1136 1206 notum
1176 1167 1428 1217 philosophis
1465 1166 1505 1203 in
1545 1166 1694 1203 lumine

377 1231 552 1269 naturali
586 1231 693 1279 quod
727 1229 954 1278 quicunque
996 1226 1149 1264 dederit
1191 1234 1432 1275 potestatem
1467 1224 1620 1260 homini
1653 1233 1695 1260 ut
1718 1225 1752 1257 15

378 1290 428 1327 sit
462 1289 565 1326 filius
588 1287 660 1324 Dei
693 1296 853 1336 oportet
887 1288 1049 1322 dantem
1082 1293 1323 1333 potestatem
1348 1282 1579 1319 huiusmodi
1608 1294 1695 1318 esse

378 1350 520 1384 Deum.
575 1348 677 1384 Cum
717 1345 821 1382 enim
867 1357 948 1381 non
988 1343 1037 1379 sit
1076 1342 1154 1380 alia
1193 1341 1340 1379 filiacio
1379 1340 1582 1389 pertinens
1620 1339 1695 1377 nisi

380 1404 628 1454 adopcioniS‚
664 1412 774 1452 patet
807 1403 914 1451 quod
948 1402 1176 1450 quicunque
1215 1401 1382 1448 adoptat
1414 1399 1620 1435 hominem
1653 1406 1696 1434 ut

380 1464 429 1500 sit
453 1463 525 1500 Dei
549 1462 652 1499 filius
676 1461 785 1510 prius
816 1459 1054 1497 naturaliter
1080 1459 1152 1495 erit
1176 1461 1293 1494 Deus.
1329 1458 1545 1503 Quomodo
1570 1459 1695 1504 (rogo)

382 1531 438 1558 est
470 1534 568 1569 pure
593 1519 766 1556 hominis
789 1518 1025 1566 adopcionis
1058 1517 1260 1565 pertinens
1293 1524 1335 1551 ut
1359 1515 1459 1552 alius
1483 1516 1697 1562 adoptetur
1714 1527 1754 1548 20

381 1580 421 1616 in
453 1579 525 1615 Dei
558 1578 698 1623 filium,
734 1590 824 1614 cum
857 1576 1026 1625 ipsemet
1064 1588 1144 1612 non
1190 1575 1308 1610 hahet
1347 1581 1587 1621 potestatem
1621 1571 1696 1608 nisi

381 1650 480 1686 pure
525 1649 568 1673 ex
611 1636 728 1672 titulo
767 1634 898 1684 gracie
936 1642 980 1670 ut
1019 1633 1067 1670 sit
1100 1632 1171 1669 Dei
1211 1631 1314 1668 filius
1353 1630 1589 1679 adoptivus?
1634 1629 1698 1666 Sic

383 1695 489 1732 enim
522 1703 657 1743 posset
689 1706 788 1742 pure
821 1701 1006 1729 creatura
1039 1693 1133 1727 dare
1158 1689 1272 1727 alteri
1302 1702 1505 1726 summum
1529 1689 1697 1736 gradum

384 1752 517 1802 gracie
561 1752 663 1788 sicut
704 1753 821 1787 Deus.
874 1753 955 1786 Nec
998 1750 1132 1786 valent
1176 1747 1444 1784 hereticorum
1485 1745 1698 1782 instancie:

95 1820 234 1849 Heretics
256 1818 358 1854 assign
382 1811 599 1860 Apostolus
623 1810 663 1846 in
679 1809 839 1846 Christo
861 1810 952 1844 Jesu
975 1807 1110 1856 genuit
1133 1807 1269 1843 fideles
1290 1804 1499 1842 nativitate
1525 1804 1701 1840 secunda
1718 1806 1755 1837 25

98 1854 425 1926 poxtxPei·1i¹<i¹C1ii-.111,llt
457 1877 567 1917 patet
597 1881 629 1904 1.
656 1870 747 1905 Cor.
774 1869 857 1913 IVO,
889 1875 925 1902 et
950 1878 1020 1914 per
1043 1877 1290 1913 consequens
1317 1863 1409 1900 fecit
1433 1875 1500 1899 eos
1523 1874 1606 1898 esse
1630 1860 1701 1897 Dei

384 1927 487 1964 filios
520 1925 744 1974 adoptivos.
770 1924 911 1971 (Aliter
941 1924 1046 1960 enim
1079 1923 1354 1959 verificaretur
1377 1920 1528 1957 dictum
1553 1919 1700 1957 Christi

383 1984 551 2022 Matthei
568 1985 672 2020 XIIO.
703 1984 925 2031 Quicunque
936 1981 1083 2032 fecerit
1105 1982 1337 2017 voluntatem
1366 1975 1371 2031 Ι
1394 1978 1524 2029 patris
1545 1978 1620 2014 mei
1641 1977 1705 2026 qui
1717 1957 1799 2035 Ῑῖὲἐζ,

384 2045 419 2080 in
443 2043 533 2079 celis
557 2050 625 2089 est,
658 2042 738 2091 ipse
758 2042 898 2090 frater
920 2052 1038 2085 meus,
1070 2052 1186 2075 soror
1216 2051 1298 2075 mea
1322 2045 1357 2074 et
1379 2044 1505 2072 mater
1536 2043 1601 2072 est.
1637 2036 1701 2071 Sic

385 2100 490 2138 enim
515 2099 610 2136 dicit
626 2100 842 2147 Apostolus
865 2100 915 2135 ad
939 2099 1101 2134 Galatas
1125 2098 1209 2142 IV0,
1231 2110 1252 2144 9
1278 2108 1357 2132 esse
1378 2094 1588 2143 suosfilios
1610 2105 1702 2142 quos
1717 2095 1760 2127 30

386 2160 524 2195 iterum
543 2158 731 2207 parturit,
755 2158 873 2193 donec
884 2157 1091 2205 formetur
1118 2155 1153 2190 in
1177 2155 1230 2191 eis
1249 2153 1457 2200 Christus).
1492 2154 1534 2188 In
1557 2151 1702 2187 talibus

385 2217 693 2265 supponendum
734 2224 791 2251 est
828 2214 1005 2251 heretico
1037 2221 1166 2249 totum
1201 2209 1448 2258 evangelium
1482 2208 1703 2257 infringibi-

387 2275 476 2311 liter
506 2285 588 2310 esse
612 2286 763 2319 verum,
797 2274 866 2309 sed
897 2273 1002 2308 ultra
1034 2278 1193 2319 oportet
1227 2269 1357 2317 ipsum
1392 2266 1703 2315 consequencias

388 2344 478 2369 suas
502 2331 720 2368 addiscere.
747 2330 787 2366 Si
812 2329 939 2366 fidelis
962 2328 1055 2366 facit
1088 2327 1210 2364 aliurn
1236 2339 1319 2363 esse
1341 2325 1413 2362 Dei
1437 2324 1576 2370 filium,
1602 2324 1703 2361 sicut

388 2389 483 2427 facit
521 2388 594 2425 rite
639 2388 846 2436 baptizans
887 2388 949 2424 vel
992 2386 1122 2435 ipsum
1166 2384 1289 2433 gignit
1331 2382 1592 2431 spiritualiter
1633 2394 1704 2430 per
1720 2384 1760 2418 35

389 2446 652 2495 evangelium,
687 2445 788 2482 sicut
811 2444 905 2482 facit
935 2443 1158 2492 evangelice
1191 2441 1426 2487 cateeizans,
1461 2453 1554 2489 ergo
1579 2441 1647 2477 dat
1669 2439 1703 2476 ei

389 2513 629 2554 potestatem
655 2503 781 2540 filium
805 2502 877 2539 Dei
907 2501 991 2539 fieri
1021 2502 1082 2539 vel
1111 2502 1278 2549 adoptat
1300 2512 1388 2537 eum
1414 2499 1455 2536 in
1473 2498 1545 2535 Dei
1563 2497 1703 2534 filiurn.

458 2626 483 2654 3.
505 2628 548 2654 A:
570 2635 629 2665 qua
649 2626 721 2658 fuit:
748 2626 788 2653 ib.
804 2625 875 2652 AC:
898 2625 933 2652 de
954 2625 1046 2652 deest.
1108 2634 1137 2659 4.
1159 2625 1202 2651 A:
1224 2624 1264 2651 ita
1285 2624 1368 2650 fiunt.
1428 2630 1453 2657 7.
1475 2621 1513 2648 B:
1535 2621 1704 2648 naturalem

390 2662 548 2691 homines:
577 2661 616 2688 ib.
639 2660 679 2688 C:
701 2660 846 2687 hominis.
914 2660 939 2686 8.
956 2661 999 2687 A:
1015 2659 1280 2694 cognoscendum:
1302 2658 1342 2684 C:
1363 2656 1577 2691 cognoscenda
1598 2654 1704 2682 nostis.

392 2708 419 2727 ι).
443 2696 508 2723 HC:
536 2695 716 2730 specialiter.
826 2703 865 2721 10.
888 2694 909 2721 15
932 2695 959 2721 in
984 2703 1095 2729 marga
1124 2694 1242 2728 l‘mplex
1269 2692 1412 2719 nativitas
1439 2690 1618 2725 spiritualis.
1646 2698 1705 2716 una

394 2730 595 2765 baptismalis,
617 2731 710 2757 altera
731 2729 899 2764 spiritualis
921 2729 1034 2756 diviua.
1100 2728 1137 2757 1'3'.
1155 2736 1195 2762 14.
1212 2728 1254 2754 A:
1278 2730 1455 2761 receperunt
1473 2741 1507 2744 -—
1528 2724 1589 2751 lieri
1611 2725 1703 2751 deest.

394 2774 434 2801 ις).
456 2767 499 2792 A:
521 2765 576 2792 erit
597 2765 678 2791 Deus
699 2764 792 2791 deest.
892 2771 937 2790 20.
958 2764 1002 2790 A:
1025 2764 1067 2790 vel
1090 2763 1184 2790 alius:
1211 2762 1250 2788 ib.
1273 2762 1294 2788 Β
1315 2761 1344 2788 in
1366 2769 1479 2795 marga
1502 2759 1593 2794 Quod
1615 2766 1704 2785 nemo

395 2805 491 2835 potest
513 2801 640 2826 alterum
662 2799 807 2834 adoptare
837 2797 895 2824 uisi
926 2798 1015 2824 suerit
1045 2799 1128 2824 solus
1150 2797 1231 2823 Deus
1252 2801 1279 2823 et
1299 2796 1356 2822 hoc
1377 2800 1421 2821 est
1441 2798 1546 2821 contra
1566 2792 1705 2820 fraterni—

393 2839 478 2861 tates.
552 2842 598 2868 24.
614 2835 657 2861 A:
678 2833 826 2860 instancia
847 2833 938 2859 deest.
963 2833 992 2859 [ιι
1015 2832 1082 2859 cod.
1105 2833 1176 2862 lae:
1204 2831 1243 2857 ib.
1266 2831 1287 2857 B
1308 2830 1338 2857 in
1360 2837 1472 2864 marg:
1494 2827 1647 2855 Instancia
1668 2827 1704 2854 de

395 2874 499 2895 sancto
521 2869 613 2895 Paulo
635 2868 768 2895 dicente:
788 2866 860 2902 Ego
879 2875 932 2903 uos
951 2867 1057 2903 genui.
1107 2874 1152 2897 20.
1174 2866 1217 2892 A:
1238 2873 1305 2892 mea
1326 2864 1418 2891 deest.
1469 2861 1514 2890 30.
1537 2862 1602 2889 BC:
1624 2861 1703 2888 enirn

394 2904 492 2930 deest:
523 2903 561 2930 ib.
584 2903 627 2929 A:
649 2903 685 2929 ad
707 2902 800 2929 deest.
868 2901 913 2928 30.
931 2902 973 2928 A:
995 2899 1173 2928 eaterizahs.
1236 2898 1280 2934 37.
1298 2899 1319 2926 B
1340 2899 1370 2926 in
1392 2906 1504 2932 marg:
1524 2897 1639 2924 Verum
1662 2901 1706 2922 est

394 2938 475 2973 quod
498 2937 548 2964 dat
568 2942 595 2964 et
615 2937 741 2972 adoptat
761 2944 828 2963 rere
849 2936 1118 2963 administratorie.
