2017 3353
173 1598 254 1630 235⁰

267 242 401 270 semro
423 230 546 287 [vnn]
764 243 911 275 PRIMA
939 242 1062 274 PARS.

1789 238 1859 275 381

259 352 392 387 solum
438 348 701 397 dampnificat
746 349 879 396 quoad
924 347 992 384 illa
1037 349 1106 383 sed
1152 347 1193 383 fit
1227 349 1311 384 Deo
1356 347 1501 383 iniuria
1541 356 1578 383 et
1595 358 1679 395 Why
1695 359 1868 397 Zacchaeus

260 409 404 445 iterum
438 406 665 444 subtraccio
704 419 797 443 usus
837 414 873 442 et
913 405 1119 453 temporis,
1154 405 1356 453 signanter
1395 405 1561 453 promisi

260 467 551 516 quadruplum:
587 478 708 501 unam
731 473 887 513 partem
911 465 1132 500 secundum
1166 465 1274 511 quod
1308 463 1508 499 commisit
1541 463 1580 499 in

261 527 389 561 Deum
442 523 643 569 iniuriam,
705 523 922 559 secundam
981 530 1137 569 partem
1195 522 1416 558 secundum
1474 523 1581 570 quod

227 582 449 621 §iniuriam
495 580 696 618 commisit
740 580 781 616 in
824 579 1064 628 proximum,
1110 579 1276 616 terciam
1323 588 1479 628 partem
1524 592 1581 615 se-

262 642 439 677 cundum
472 639 676 676 racionem
715 652 793 687 qua
832 637 993 674 interim
1028 637 1222 674 subtraxit
1255 651 1371 674 usum
1409 637 1581 674 fraudati

263 708 299 735 et
333 707 519 747 quartam
552 706 709 746 partem
742 698 964 733 secundum
996 696 1201 733 racionem
1226 709 1305 745 qua
1337 704 1450 732 tanto
1484 705 1583 733 tem-

262 770 359 805 pore
405 755 558 792 distulit
603 768 703 803 opus
748 764 831 791 tam
872 754 1066 791 meritorii
1106 753 1374 800 instrumenti,
1420 763 1457 790 et
1496 755 1583 790 red-

263 814 464 851 dicionem
517 813 788 850 restitucionis
853 812 944 849 talis
998 813 1222 861 quadruple
1283 813 1407 849 dictat
1459 812 1583 849 virtus

210 890 248 911 ιο
263 873 512 921 quadruplex
550 871 778 908 cardinalis.
818 873 867 907 Et
899 871 1053 907 utinam
1091 884 1164 907 nos
1198 872 1426 907 sacerdotes
1466 870 1583 906 istarn

263 930 468 967 racionem
507 931 641 979 quoad
681 929 984 966 fraudacionem
1023 942 1045 966 a
1079 929 1227 965 Christi
1266 928 1433 965 servicio
1471 937 1585 965 nota-

264 1001 397 1025 remus
450 997 486 1025 et
538 997 632 1024 tunc
687 988 788 1025 forte
840 988 1061 1024 secundum
1114 987 1301 1023 ultimum
1353 996 1583 1024 nostrarum

262 1047 407 1084 virium
459 1046 781 1083 satisfaceremus
821 1048 905 1082 Deo
957 1045 997 1081 in
1048 1045 1196 1082 nostris
1249 1045 1418 1082 subditis
1464 1054 1501 1081 et
1545 1044 1585 1080 in

265 1105 380 1142 donis
419 1104 490 1141 Dei
535 1104 651 1141 nobis
696 1104 871 1153 propriis
915 1104 1192 1140 laboraremus
1238 1103 1438 1150 continue,
1484 1103 1585 1139 sicut

213 1168 248 1200 15
265 1176 401 1200 sumus
434 1162 597 1199 indubie
630 1163 843 1199 debitores.
886 1163 1000 1198 Unde
1034 1161 1127 1210 quia
1165 1161 1373 1198 fraudacio
1407 1161 1585 1210 episcopi

266 1232 323 1258 est
356 1223 473 1270 longe
501 1220 779 1269 periculosior,
805 1222 920 1257 debet
945 1221 1166 1256 secundum
1190 1221 1369 1268 regulam
1394 1219 1585 1268 apostoli-

267 1293 355 1317 cam
381 1282 485 1317 Luce
507 1281 594 1316 XIV
626 1280 856 1316 renunciare
885 1279 1029 1315 cunctis
1057 1290 1127 1327 que
1153 1279 1340 1328 possidet,
1374 1280 1421 1314 de
1455 1277 1586 1326 parcis

266 1338 344 1375 vite
382 1337 618 1374 necessariis
658 1346 926 1382 contentatus,
969 1337 1015 1373 de
1055 1349 1126 1373 sua
1165 1336 1328 1385 quidem
1375 1337 1586 1373 defrauda-

268 1397 381 1433 cione
413 1396 529 1432 iudex
567 1395 748 1432 striccius
781 1394 947 1444 requirit
980 1394 1187 1431 iudicium.
1227 1393 1415 1443 Sequitur
1453 1404 1587 1431 autem

1566 414 1579 441 t
1621 402 1695 432 gave
1716 394 1850 421 tourfold

1629 431 1676 455 tor
1696 429 1779 455 what
1802 428 1837 456 he

1648 463 1707 490 had
1729 463 1816 490 taken

1640 506 1665 523 w
1672 498 1834 533 rougfully.

209 1469 251 1492 20
267 1455 308 1491 in
345 1463 471 1491 textu:
510 1454 574 1490 Ait
609 1454 720 1491 Jesus
758 1455 810 1489 ad
847 1466 953 1490 eum:
1003 1453 1101 1497 Quia
1147 1453 1260 1489 hodie
1303 1453 1410 1489 salus
1460 1453 1591 1489 domui
1620 1461 1717 1489 What
1736 1461 1759 1488 it
1778 1460 1804 1488 is
1824 1464 1855 1487 to

267 1513 354 1549 huic
375 1514 491 1562 facta
524 1520 591 1558 est,
626 1524 668 1548 eo
701 1513 803 1561 quod
834 1512 913 1561 ipse
945 1511 993 1548 sit
1019 1511 1133 1561 filius
1163 1511 1340 1557 Abrahe;
1378 1511 1445 1547 ubi
1479 1519 1588 1560 patet

269 1573 378 1620 quod
402 1570 585 1607 Christus
614 1568 618 1621 Ι
647 1570 827 1619 loquitur
861 1571 908 1606 de
942 1569 1025 1605 filio
1059 1568 1303 1606 imitacionis
1336 1569 1376 1605 in
1410 1569 1588 1606 moribus

270 1638 306 1666 et
345 1642 427 1665 non
466 1628 744 1677 principaliter
784 1629 831 1664 de
871 1627 953 1664 filio
993 1627 1181 1673 naturali,
1222 1627 1316 1676 quia
1354 1627 1470 1664 aliter
1508 1641 1589 1664 non

269 1688 418 1725 valeret
452 1686 635 1732 causalis,
677 1699 767 1722 cum
808 1685 921 1722 multi
954 1686 1157 1722 naturales
1197 1685 1266 1721 filii
1299 1687 1459 1722 Abrahe
1498 1695 1589 1722 sunt

214 1747 253 1780 25
271 1744 498 1794 dampnati3
553 1744 643 1781 ideo
696 1744 807 1780 illam
859 1745 1085 1780 naturalem
1144 1743 1386 1781 filiacionem
1430 1746 1589 1781 Abrahe

271 1805 404 1853 quoad
454 1803 576 1839 istum
620 1804 822 1839 Zacheum
873 1802 1121 1850 superfluum
1173 1811 1229 1839 est
1281 1815 1433 1838 curare.
1480 1802 1589 1838 Sicut

271 1861 376 1899 enim
414 1863 619 1898 Abraham
673 1862 720 1897 de
772 1862 889 1908 longe
942 1860 1039 1896 vidit
1092 1869 1242 1897 terram
1295 1860 1588 1908 promissionis,

271 1919 535 1968 relinquendo
575 1920 740 1956 domum
780 1918 905 1967 patris
944 1918 1003 1954 sui
1040 1920 1097 1966 (ut
1131 1928 1239 1966 patet
1273 1918 1436 1955 Genesis
1469 1921 1589 1966 X110)‚

272 1978 327 2014 sic
360 1978 433 2014 iste
466 1978 645 2014 Zacheus
679 1990 769 2014 cum
803 1977 877 2013 sibi
911 1976 1109 2013 similibus
1142 1976 1239 2013 vidit
1272 1985 1421 2013 terram
1460 1977 1590 2014 viven-

215 2041 256 2073 30
273 2036 379 2072 cium
413 2037 460 2072 de
492 2036 610 2084 longe
642 2048 712 2084 per
745 2035 864 2072 fidem
903 2035 1167 2084 relinquendo
1205 2034 1327 2072 vitam
1368 2036 1589 2077 carnalem:

272 2094 362 2131 ideo
387 2094 532 2130 dicitur
564 2093 808 2130 imitatorius
832 2093 936 2129 filius
957 2095 1129 2130 Abrahe.
1155 2093 1452 2141 Cognacionem
1486 2093 1589 2129 enim

274 2162 310 2189 et
363 2152 605 2189 filiacionem
660 2151 909 2200 spiritualem
963 2152 1050 2199 plus
1101 2151 1357 2200 appreciatur
1397 2151 1591 2188 Dominus

273 2223 394 2259 quarn
429 2210 682 2258 corporalem
719 2211 777 2258 (ut
810 2218 918 2258 patet
953 2212 1058 2246 Luce
1090 2211 1123 2245 X
1157 2219 1193 2246 et
1226 2210 1367 2246 Matth.
1402 2207 1519 2261 XIII).

332 2271 379 2304 Et
419 2270 538 2305 credo
580 2270 688 2317 quod
728 2269 804 2305 hoc
847 2269 1013 2305 verbum
1054 2269 1238 2305 movebat
1285 2267 1495 2305 ecclesiam
1541 2268 1590 2304 ad

218 2327 485 2374 Rblegendum
519 2328 594 2363 hoc
628 2326 877 2375 evangelium
909 2326 950 2363 in
981 2326 1081 2362 festo
1097 2325 1378 2363 Dedicacionis
1412 2326 1590 2371 ecclesie,

275 2384 367 2433 quia
398 2397 489 2421 vere
514 2394 550 2421 et
573 2385 817 2433 pertinenter
841 2384 920 2422 dici
943 2385 1069 2433 possit
1093 2386 1140 2421 de
1173 2384 1260 2433 ipsa
1284 2384 1451 2421 ecclesia
1484 2385 1592 2433 quod

177 1552 252 1583 For

346 2515 364 2545 ¹:
387 2508 430 2535 A:
453 2507 526 2539 ista:
557 2508 596 2535 ib.
620 2508 639 2534 Β
662 2509 691 2535 iu
713 2517 778 2536 mar
804 2519 825 2536 ,ς
856 2509 938 2545 Quid
960 2513 1004 2535 est
1026 2508 1152 2535 reddere
1173 2508 1391 2544 quadruplum.
1500 2515 1524 2534 2.
1546 2508 1590 2534 A:

275 2542 413 2574 iuterim:
437 2543 474 2569 B:
496 2543 639 2570 interum.
731 2551 757 2573 2,
778 2517 802 2571 ἔ
825 2544 867 2570 D:
890 2548 917 2570 et
937 2560 970 2563 -
991 2548 1107 2578 partem
1129 2543 1221 2570 deest.
1308 2552 1336 2576 4.
1359 2543 1401 2569 A:
1425 2542 1590 2569 secundam

276 2581 392 2611 partem
421 2577 514 2604 deest.
623 2577 649 2607 3,
670 2587 698 2612 4.
726 2578 794 2606 DE:
823 2587 914 2605 uuam
943 2583 1060 2613 partem
1083 2578 1248 2605 secundam
1278 2582 1393 2612 partem
1423 2576 1591 2603 secuudum

277 2619 368 2646 quam
390 2611 545 2639 iniuriam.
597 2612 621 2643 5.
638 2612 665 2639 6.
683 2613 727 2640 A:
751 2613 919 2640 secundum
943 2613 1107 2640 racionem.
1158 2621 1183 2647 7.
1209 2614 1244 2639 ss:
1268 2613 1297 2639 iu
1319 2616 1413 2638 tauto.
1464 2619 1490 2646 7,
1507 2612 1532 2637 S.
1550 2610 1590 2638 C:

276 2650 339 2672 toto
360 2650 508 2681 tempore.
583 2650 608 2674 ὅ.
631 2647 700 2674 Cb:
723 2656 801 2682 opus
822 2652 934 2674 tamen.
1009 2656 1036 2679 Q.
1054 2647 1122 2674 DE:
1140 2647 1329 2686 quadruplo.
1405 2654 1445 2673 10.
1462 2647 1504 2673 D:
1526 2654 1592 2673 cor-

277 2680 383 2714 diulis;
406 2681 444 2707 ib.
463 2682 482 2707 Β
504 2681 533 2708 iu
556 2690 668 2717 marg:
690 2681 771 2709 Nota
794 2683 876 2709 bene.
952 2691 990 2711 12,
1009 2680 1049 2709 325.
1073 2683 1115 2708 A:
1138 2686 1266 2708 istarum
1289 2681 1417 2711 mium:
1439 2681 1508 2708 DE:
1531 2681 1593 2707 viu-

277 2723 344 2753 rum
366 2720 552 2744 nostrarum.
640 2716 676 2744 15.
698 2717 741 2743 A:
765 2717 918 2744 debitores
939 2717 1102 2744 debitores.
1196 2724 1238 2743 22.
1261 2717 1305 2743 A:
1329 2715 1529 2747 mutaciouis:
1552 2716 1591 2742 ib.

277 2749 298 2776 B
319 2758 349 2776 111
371 2758 483 2785 marg:
546 2751 595 2778 uid
624 2756 669 2778 est
695 2760 761 2778 esse
787 2751 883 2778 filium
904 2752 1038 2778 Abrahe.
1068 2751 1138 2778 Nou
1165 2759 1273 2777 omues
1301 2751 1351 2778 filii
1372 2750 1496 2777 Abrahe
1518 2751 1591 2777 salx-i

277 2789 356 2811 suut.
455 2793 501 2819 24.
541 2790 565 2812 ):
587 2785 638 2813 fflii
660 2786 760 2815 deest:
791 2786 830 2813 ib.
852 2787 896 2813 A:
919 2787 988 2813 siut.
1087 2785 1132 2812 20.
1156 2786 1198 2812 A:
1222 2786 1282 2812 bie.
1381 2784 1426 2812 30.
1449 2785 1516 2812 DE:
1540 2793 1592 2820 per

277 2819 366 2846 tidem
388 2819 480 2856 deest.
556 2820 593 2847 31.
615 2820 710 2848 BCD:
733 2821 813 2847 euim
835 2821 935 2849 deest:
957 2821 994 2848 E:
1017 2820 1097 2847 euim
1120 2820 1189 2847 add.
1263 2819 1305 2847 33.
1321 2822 1365 2847 A:
1387 2820 1590 2855 corporalem.

276 2853 322 2887 34.
346 2854 465 2881 BCDE:
487 2855 645 2882 ecclesiam
667 2855 767 2884 deest:
789 2856 827 2882 ib.
846 2855 866 2881 B
882 2855 910 2881 iu
933 2864 1045 2888 marg-..t
1069 2855 1172 2888 Quare
1194 2855 1251 2882 hoc
1271 2855 1460 2889 evangelium
1483 2855 1592 2888 legitur

278 2889 305 2915 iu
330 2889 531 2916 Dedicacioue
553 2890 686 2917 ecclesie.

1640 1496 1675 1523 be
1695 1504 1711 1523 a
1732 1504 1786 1523 sou
1808 1495 1843 1523 of

1656 1531 1826 1559 Abraham.
