<?xml version="1.0" encoding="UTF-8"?>
<!DOCTYPE html PUBLIC "-//W3C//DTD XHTML 1.0 Transitional//EN"
    "http://www.w3.org/TR/xhtml1/DTD/xhtml1-transitional.dtd">
<html xmlns="http://www.w3.org/1999/xhtml" xml:lang="en" lang="en">
 <head>
  <title>
</title>
<meta http-equiv="Content-Type" content="text/html;charset=utf-8" />
  <meta name='ocr-system' content='tesseract 3.04.00' />
  <meta name='ocr-capabilities' content='ocr_page ocr_carea ocr_par ocr_line ocrx_word'/>
</head>
<body>
  <div class='ocr_page' id='page_1' title='image "./iohanniswyclifse0701wycl_0171.png"; bbox 0 0 2017 3353; ppageno 0'>
   <div class='ocr_carea' id='block_1_1' title="bbox 241 260 1846 317">
    <p class='ocr_par' dir='ltr' id='par_1_1' title="bbox 241 260 1846 317">
     <span class='ocr_line' id='line_1_1' title="bbox 241 260 1846 317; baseline 0.008 -18"><span class='ocrx_word' id='word_1_1' title='bbox 241 270 376 299; x_wconf 67' lang='lat' dir='ltr'>smum</span> <span class='ocrx_word' id='word_1_2' title='bbox 395 260 506 317; x_wconf 65' lang='lat' dir='ltr'>xvir]</span> <span class='ocrx_word' id='word_1_3' title='bbox 742 273 881 304; x_wconf 79' lang='lat' dir='ltr'>PRIMA</span> <span class='ocrx_word' id='word_1_4' title='bbox 909 273 1033 304; x_wconf 70' lang='lat' dir='ltr'>PARS.</span> <span class='ocrx_word' id='word_1_5' title='bbox 1771 277 1781 300; x_wconf 87' lang='lat'><em>1</em></span> <span class='ocrx_word' id='word_1_6' title='bbox 1800 276 1846 312; x_wconf 80' lang='lat'>¹9</span> 
     </span>
    </p>
   </div>
   <div class='ocr_carea' id='block_1_2' title="bbox 141 379 1848 2400">
    <p class='ocr_par' dir='ltr' id='par_1_2' title="bbox 141 379 1848 2400">
     <span class='ocr_line' id='line_1_2' title="bbox 299 379 1557 427; baseline 0.001 -12"><span class='ocrx_word' id='word_1_7' title='bbox 299 382 379 416; x_wconf 79' lang='lat' dir='ltr'>Nec</span> <span class='ocrx_word' id='word_1_8' title='bbox 416 379 570 415; x_wconf 72' lang='lat' dir='ltr'>&#39;scimus</span> <span class='ocrx_word' id='word_1_9' title='bbox 615 380 722 427; x_wconf 89' lang='lat' dir='ltr'>quod</span> <span class='ocrx_word' id='word_1_10' title='bbox 762 388 819 415; x_wconf 85' lang='lat' dir='ltr'>est</span> <span class='ocrx_word' id='word_1_11' title='bbox 858 379 912 415; x_wconf 87' lang='lat' dir='ltr'>eis</span> <span class='ocrx_word' id='word_1_12' title='bbox 952 379 1087 415; x_wconf 85' lang='lat' dir='ltr'>utilius</span> <span class='ocrx_word' id='word_1_13' title='bbox 1127 388 1247 426; x_wconf 81' lang='lat' dir='ltr'>atque</span> <span class='ocrx_word' id='word_1_14' title='bbox 1293 379 1457 415; x_wconf 74' lang='lat' dir='ltr'>ecclesie</span> <span class='ocrx_word' id='word_1_15' title='bbox 1502 380 1557 416; x_wconf 84' lang='lat' dir='ltr'>sic</span> 
     </span>
     <span class='ocr_line' id='line_1_3' title="bbox 240 436 1557 485; baseline 0.001 -13"><span class='ocrx_word' id='word_1_16' title='bbox 240 437 369 473; x_wconf 81' lang='lat' dir='ltr'>occidi</span> <span class='ocrx_word' id='word_1_17' title='bbox 404 449 523 485; x_wconf 89' lang='lat' dir='ltr'>quam</span> <span class='ocrx_word' id='word_1_18' title='bbox 558 445 765 485; x_wconf 82' lang='lat' dir='ltr'>tamquam</span> <span class='ocrx_word' id='word_1_19' title='bbox 800 436 980 473; x_wconf 85' lang='lat' dir='ltr'>ethnicos</span> <span class='ocrx_word' id='word_1_20' title='bbox 1014 436 1218 473; x_wconf 88' lang='lat' dir='ltr'>declinari.</span> <span class='ocrx_word' id='word_1_21' title='bbox 1253 438 1301 473; x_wconf 87' lang='lat' dir='ltr'>Et</span> <span class='ocrx_word' id='word_1_22' title='bbox 1332 450 1422 474; x_wconf 89' lang='lat' dir='ltr'>cum</span> <span class='ocrx_word' id='word_1_23' title='bbox 1447 437 1557 484; x_wconf 79' lang='lat' dir='ltr'>igno-</span> 
     </span>
     <span class='ocr_line' id='line_1_4' title="bbox 242 494 1558 542; baseline 0.001 -12"><span class='ocrx_word' id='word_1_24' title='bbox 242 508 375 531; x_wconf 81' lang='lat' dir='ltr'>ramus</span> <span class='ocrx_word' id='word_1_25' title='bbox 408 495 655 531; x_wconf 72' lang='lat' dir='ltr'>voluntatem</span> <span class='ocrx_word' id='word_1_26' title='bbox 681 495 752 530; x_wconf 91' lang='lat' dir='ltr'>Dei</span> <span class='ocrx_word' id='word_1_27' title='bbox 786 495 825 530; x_wconf 85' lang='lat' dir='ltr'>in</span> <span class='ocrx_word' id='word_1_28' title='bbox 849 494 994 531; x_wconf 87' lang='lat' dir='ltr'>talibus</span> <span class='ocrx_word' id='word_1_29' title='bbox 1018 507 1090 531; x_wconf 85' lang='lat' dir='ltr'>nec</span> <span class='ocrx_word' id='word_1_30' title='bbox 1114 495 1241 542; x_wconf 85' lang='lat' dir='ltr'>legem</span> <span class='ocrx_word' id='word_1_31' title='bbox 1266 494 1338 531; x_wconf 91' lang='lat' dir='ltr'>Dei</span> <span class='ocrx_word' id='word_1_32' title='bbox 1363 496 1558 531; x_wconf 85' lang='lat' dir='ltr'>habemus</span> 
     </span>
     <span class='ocr_line' id='line_1_5' title="bbox 241 552 1555 601; baseline -0.001 -12"><span class='ocrx_word' id='word_1_33' title='bbox 241 565 316 600; x_wconf 87' lang='lat' dir='ltr'>que</span> <span class='ocrx_word' id='word_1_34' title='bbox 349 552 593 589; x_wconf 87' lang='lat' dir='ltr'>occisionem</span> <span class='ocrx_word' id='word_1_35' title='bbox 627 553 747 589; x_wconf 89' lang='lat' dir='ltr'>talem</span> <span class='ocrx_word' id='word_1_36' title='bbox 782 552 1011 598; x_wconf 81' lang='lat' dir='ltr'>autenticet,</span> <span class='ocrx_word' id='word_1_37' title='bbox 1046 561 1155 600; x_wconf 90' lang='lat' dir='ltr'>patet</span> <span class='ocrx_word' id='word_1_38' title='bbox 1188 554 1394 601; x_wconf 86' lang='lat' dir='ltr'>quomodo</span> <span class='ocrx_word' id='word_1_39' title='bbox 1425 552 1465 588; x_wconf 89' lang='lat' dir='ltr'>in</span> <span class='ocrx_word' id='word_1_40' title='bbox 1489 553 1555 589; x_wconf 88' lang='lat' dir='ltr'>tali</span> 
     </span>
     <span class='ocr_line' id='line_1_6' title="bbox 206 610 1848 661; baseline 0.001 -15"><span class='ocrx_word' id='word_1_41' title='bbox 206 610 459 646; x_wconf 71' lang='lat' dir='ltr'>§homicidio</span> <span class='ocrx_word' id='word_1_42' title='bbox 493 611 588 646; x_wconf 88' lang='lat' dir='ltr'>latet</span> <span class='ocrx_word' id='word_1_43' title='bbox 621 619 855 659; x_wconf 78' lang='lat' dir='ltr'>presumpta</span> <span class='ocrx_word' id='word_1_44' title='bbox 888 610 1150 659; x_wconf 89' lang='lat' dir='ltr'>blasphemia.</span> <span class='ocrx_word' id='word_1_45' title='bbox 1204 613 1306 647; x_wconf 89' lang='lat' dir='ltr'>Nam</span> <span class='ocrx_word' id='word_1_46' title='bbox 1346 611 1597 659; x_wconf 68' lang='lat' dir='ltr'>propriumn</span> <span class='ocrx_word' id='word_1_47' title='bbox 1630 625 1655 652; x_wconf 50' lang='lat' dir='ltr'>j⁵</span> <span class='ocrx_word' id='word_1_48' title='bbox 1688 625 1848 661; x_wconf 49' lang='lat' dir='ltr'>assuming</span> 
     </span>
     <span class='ocr_line' id='line_1_7' title="bbox 240 659 1847 723; baseline 0.001 -19"><span class='ocrx_word' id='word_1_49' title='bbox 240 678 297 704; x_wconf 86' lang='lat' dir='ltr'>est</span> <span class='ocrx_word' id='word_1_50' title='bbox 330 670 414 705; x_wconf 90' lang='lat' dir='ltr'>Deo</span> <span class='ocrx_word' id='word_1_51' title='bbox 447 668 624 705; x_wconf 88' lang='lat' dir='ltr'>animam</span> <span class='ocrx_word' id='word_1_52' title='bbox 658 681 793 705; x_wconf 85' lang='lat' dir='ltr'>creare</span> <span class='ocrx_word' id='word_1_53' title='bbox 827 677 863 704; x_wconf 91' lang='lat' dir='ltr'>et</span> <span class='ocrx_word' id='word_1_54' title='bbox 896 670 1115 705; x_wconf 87' lang='lat' dir='ltr'>secundum</span> <span class='ocrx_word' id='word_1_55' title='bbox 1147 668 1459 716; x_wconf 80' lang='lat' dir='ltr'>disposicionem</span> <span class='ocrx_word' id='word_1_56' title='bbox 1484 669 1555 705; x_wconf 91' lang='lat' dir='ltr'>soli</span> <span class='ocrx_word' id='word_1_57' title='bbox 1573 659 1622 686; x_wconf 67' lang='lat'>¹¹¹⁶</span> <span class='ocrx_word' id='word_1_58' title='bbox 1642 660 1847 723; x_wconf 47' lang='grc' dir='ltr'>(ξῗξὲξῇὓω</span> 
     </span>
     <span class='ocr_line' id='line_1_8' title="bbox 240 726 1555 775; baseline 0.001 -13"><span class='ocrx_word' id='word_1_59' title='bbox 240 729 323 763; x_wconf 81' lang='lat' dir='ltr'>Deo</span> <span class='ocrx_word' id='word_1_60' title='bbox 357 726 559 774; x_wconf 82' lang='lat' dir='ltr'>cognitam</span> <span class='ocrx_word' id='word_1_61' title='bbox 592 726 721 774; x_wconf 86' lang='lat' dir='ltr'>ipsam</span> <span class='ocrx_word' id='word_1_62' title='bbox 755 726 916 775; x_wconf 84' lang='lat' dir='ltr'>corpori</span> <span class='ocrx_word' id='word_1_63' title='bbox 940 727 1130 775; x_wconf 88' lang='lat' dir='ltr'>copulare</span> <span class='ocrx_word' id='word_1_64' title='bbox 1154 735 1191 763; x_wconf 91' lang='lat' dir='ltr'>et</span> <span class='ocrx_word' id='word_1_65' title='bbox 1214 726 1312 763; x_wconf 89' lang='lat' dir='ltr'>alias</span> <span class='ocrx_word' id='word_1_66' title='bbox 1336 728 1555 763; x_wconf 88' lang='lat' dir='ltr'>secundum</span> 
     </span>
     <span class='ocr_line' id='line_1_9' title="bbox 239 783 1554 833; baseline 0.001 -13"><span class='ocrx_word' id='word_1_67' title='bbox 239 783 594 832; x_wconf 86' lang='lat' dir='ltr'>indisposicionem</span> <span class='ocrx_word' id='word_1_68' title='bbox 634 784 708 820; x_wconf 90' lang='lat' dir='ltr'>sibi</span> <span class='ocrx_word' id='word_1_69' title='bbox 747 784 821 821; x_wconf 93' lang='lat' dir='ltr'>soli</span> <span class='ocrx_word' id='word_1_70' title='bbox 861 784 1063 832; x_wconf 79' lang='lat' dir='ltr'>cognitam</span> <span class='ocrx_word' id='word_1_71' title='bbox 1098 797 1120 821; x_wconf 92' lang='lat' dir='ltr'>a</span> <span class='ocrx_word' id='word_1_72' title='bbox 1153 797 1322 833; x_wconf 87' lang='lat' dir='ltr'>corpore</span> <span class='ocrx_word' id='word_1_73' title='bbox 1355 797 1554 833; x_wconf 86' lang='lat' dir='ltr'>separare.</span> 
     </span>
     <span class='ocr_line' id='line_1_10' title="bbox 240 841 1554 891; baseline 0.001 -13"><span class='ocrx_word' id='word_1_74' title='bbox 240 842 437 878; x_wconf 82' lang='lat' dir='ltr'>Occidens</span> <span class='ocrx_word' id='word_1_75' title='bbox 476 855 569 890; x_wconf 88' lang='lat' dir='ltr'>ergo</span> <span class='ocrx_word' id='word_1_76' title='bbox 607 841 663 879; x_wconf 86' lang='lat' dir='ltr'>sic</span> <span class='ocrx_word' id='word_1_77' title='bbox 696 851 1003 891; x_wconf 81' lang='lat' dir='ltr'>presumptuose</span> <span class='ocrx_word' id='word_1_78' title='bbox 1036 843 1202 879; x_wconf 85' lang='lat' dir='ltr'>assumit</span> <span class='ocrx_word' id='word_1_79' title='bbox 1234 842 1554 880; x_wconf 75' lang='lat' dir='ltr'>vindicacionem</span> 
     </span>
     <span class='ocr_line' id='line_1_11' title="bbox 185 899 1556 949; baseline 0 -13"><span class='ocrx_word' id='word_1_80' title='bbox 185 913 224 936; x_wconf 85' lang='lat'>10</span> <span class='ocrx_word' id='word_1_81' title='bbox 240 909 359 949; x_wconf 85' lang='lat' dir='ltr'>atque</span> <span class='ocrx_word' id='word_1_82' title='bbox 391 899 584 936; x_wconf 83' lang='lat' dir='ltr'>noticiam</span> <span class='ocrx_word' id='word_1_83' title='bbox 620 913 695 949; x_wconf 89' lang='lat' dir='ltr'>que</span> <span class='ocrx_word' id='word_1_84' title='bbox 729 903 812 937; x_wconf 90' lang='lat' dir='ltr'>Deo</span> <span class='ocrx_word' id='word_1_85' title='bbox 847 910 904 937; x_wconf 92' lang='lat' dir='ltr'>est</span> <span class='ocrx_word' id='word_1_86' title='bbox 926 901 1104 949; x_wconf 82' lang='lat' dir='ltr'>propria.</span> <span class='ocrx_word' id='word_1_87' title='bbox 1140 902 1231 937; x_wconf 87' lang='lat' dir='ltr'>Ideo</span> <span class='ocrx_word' id='word_1_88' title='bbox 1255 900 1358 937; x_wconf 90' lang='lat' dir='ltr'>inter</span> <span class='ocrx_word' id='word_1_89' title='bbox 1383 910 1556 949; x_wconf 83' lang='lat' dir='ltr'>quatuor</span> 
     </span>
     <span class='ocr_line' id='line_1_12' title="bbox 240 958 1554 1007; baseline 0.001 -13"><span class='ocrx_word' id='word_1_90' title='bbox 240 967 405 1006; x_wconf 87' lang='lat' dir='ltr'>peccata</span> <span class='ocrx_word' id='word_1_91' title='bbox 449 959 498 994; x_wconf 86' lang='lat' dir='ltr'>ad</span> <span class='ocrx_word' id='word_1_92' title='bbox 532 960 660 994; x_wconf 92' lang='lat' dir='ltr'>Deum</span> <span class='ocrx_word' id='word_1_93' title='bbox 706 959 929 995; x_wconf 90' lang='lat' dir='ltr'>clamancia</span> <span class='ocrx_word' id='word_1_94' title='bbox 974 958 1237 996; x_wconf 82' lang='lat' dir='ltr'>homicidium</span> <span class='ocrx_word' id='word_1_95' title='bbox 1283 968 1340 995; x_wconf 91' lang='lat' dir='ltr'>est</span> <span class='ocrx_word' id='word_1_96' title='bbox 1378 959 1554 1007; x_wconf 89' lang='lat' dir='ltr'>primum</span> 
     </span>
     <span class='ocr_line' id='line_1_13' title="bbox 239 1015 1555 1065; baseline 0.001 -13"><span class='ocrx_word' id='word_1_97' title='bbox 239 1026 358 1065; x_wconf 88' lang='lat' dir='ltr'>atque</span> <span class='ocrx_word' id='word_1_98' title='bbox 392 1015 641 1064; x_wconf 84' lang='lat' dir='ltr'>precipuum.</span> <span class='ocrx_word' id='word_1_99' title='bbox 676 1019 777 1053; x_wconf 91' lang='lat' dir='ltr'>Nam</span> <span class='ocrx_word' id='word_1_100' title='bbox 803 1016 966 1053; x_wconf 86' lang='lat' dir='ltr'>Genesis</span> <span class='ocrx_word' id='word_1_101' title='bbox 990 1018 1073 1063; x_wconf 82' lang='lat' dir='ltr'>IV0‚</span> <span class='ocrx_word' id='word_1_102' title='bbox 1114 1030 1160 1054; x_wconf 91' lang='lat'>10</span> <span class='ocrx_word' id='word_1_103' title='bbox 1183 1016 1327 1065; x_wconf 85' lang='lat' dir='ltr'>legitur</span> <span class='ocrx_word' id='word_1_104' title='bbox 1349 1019 1555 1065; x_wconf 88' lang='lat' dir='ltr'>quomodo</span> 
     </span>
     <span class='ocr_line' id='line_1_14' title="bbox 145 1074 1556 1132; baseline 0.001 -22"><span class='ocrx_word' id='word_1_105' title='bbox 145 1100 206 1132; x_wconf 57' lang='lat'><em>1:0¹</em></span> <span class='ocrx_word' id='word_1_106' title='bbox 240 1074 437 1110; x_wconf 87' lang='lat' dir='ltr'>Dominus</span> <span class='ocrx_word' id='word_1_107' title='bbox 470 1074 565 1110; x_wconf 86' lang='lat' dir='ltr'>dixit</span> <span class='ocrx_word' id='word_1_108' title='bbox 598 1075 647 1111; x_wconf 89' lang='lat' dir='ltr'>ad</span> <span class='ocrx_word' id='word_1_109' title='bbox 672 1076 817 1122; x_wconf 87' lang='lat' dir='ltr'>Caym:</span> <span class='ocrx_word' id='word_1_110' title='bbox 850 1075 927 1121; x_wconf 83' lang='lat' dir='ltr'>En,</span> <span class='ocrx_word' id='word_1_111' title='bbox 960 1075 1121 1125; x_wconf 76' lang='lat' dir='ltr'>sanguis</span> <span class='ocrx_word' id='word_1_112' title='bbox 1142 1076 1295 1124; x_wconf 77' lang='lat' dir='ltr'>fratris</span> <span class='ocrx_word' id='word_1_113' title='bbox 1326 1076 1383 1111; x_wconf 84' lang='lat' dir='ltr'>tui</span> <span class='ocrx_word' id='word_1_114' title='bbox 1413 1076 1556 1111; x_wconf 76' lang='lat' dir='ltr'>clamat</span> 
     </span>
     <span class='ocr_line' id='line_1_15' title="bbox 141 1124 1556 1187; baseline 0.002 -20"><span class='ocrx_word' id='word_1_115' title='bbox 141 1124 219 1187; x_wconf 55' lang='lat'>1541?</span> <span class='ocrx_word' id='word_1_116' title='bbox 239 1134 290 1168; x_wconf 76' lang='lat' dir='ltr'>ad</span> <span class='ocrx_word' id='word_1_117' title='bbox 322 1145 381 1168; x_wconf 84' lang='lat' dir='ltr'>me</span> <span class='ocrx_word' id='word_1_118' title='bbox 413 1133 459 1168; x_wconf 79' lang='lat' dir='ltr'>de</span> <span class='ocrx_word' id='word_1_119' title='bbox 482 1140 611 1177; x_wconf 76' lang='lat' dir='ltr'>term,-</span> <span class='ocrx_word' id='word_1_120' title='bbox 641 1134 745 1169; x_wconf 91' lang='lat' dir='ltr'>unde</span> <span class='ocrx_word' id='word_1_121' title='bbox 768 1132 808 1169; x_wconf 92' lang='lat' dir='ltr'>in</span> <span class='ocrx_word' id='word_1_122' title='bbox 832 1133 1003 1170; x_wconf 87' lang='lat' dir='ltr'>Secretis</span> <span class='ocrx_word' id='word_1_123' title='bbox 1025 1133 1260 1170; x_wconf 85' lang='lat' dir='ltr'>Aristoteles</span> <span class='ocrx_word' id='word_1_124' title='bbox 1289 1128 1294 1186; x_wconf 78' lang='grc' dir='ltr'>Ι</span> <span class='ocrx_word' id='word_1_125' title='bbox 1323 1143 1556 1170; x_wconf 89' lang='lat' dir='ltr'>commonet</span> 
     </span>
     <span class='ocr_line' id='line_1_16' title="bbox 186 1190 1554 1239; baseline 0.002 -14"><span class='ocrx_word' id='word_1_126' title='bbox 186 1193 222 1225; x_wconf 79' lang='lat'>15</span> <span class='ocrx_word' id='word_1_127' title='bbox 238 1191 508 1227; x_wconf 82' lang='lat' dir='ltr'>Alexandrum</span> <span class='ocrx_word' id='word_1_128' title='bbox 542 1199 585 1226; x_wconf 87' lang='lat' dir='ltr'>ut</span> <span class='ocrx_word' id='word_1_129' title='bbox 619 1199 755 1227; x_wconf 79' lang='lat' dir='ltr'>caveat</span> <span class='ocrx_word' id='word_1_130' title='bbox 787 1192 837 1227; x_wconf 89' lang='lat' dir='ltr'>ab</span> <span class='ocrx_word' id='word_1_131' title='bbox 870 1191 1063 1228; x_wconf 86' lang='lat' dir='ltr'>effusione</span> <span class='ocrx_word' id='word_1_132' title='bbox 1096 1190 1300 1239; x_wconf 78' lang='lat' dir='ltr'>sanguinis</span> <span class='ocrx_word' id='word_1_133' title='bbox 1331 1191 1554 1228; x_wconf 87' lang='lat' dir='ltr'>hominum.</span> 
     </span>
     <span class='ocr_line' id='line_1_17' title="bbox 245 1248 1554 1299; baseline 0.002 -16"><span class='ocrx_word' id='word_1_134' title='bbox 245 1249 422 1295; x_wconf 78' lang='lat' dir='ltr'>Quando,</span> <span class='ocrx_word' id='word_1_135' title='bbox 455 1248 597 1296; x_wconf 84' lang='lat' dir='ltr'>inquit,</span> <span class='ocrx_word' id='word_1_136' title='bbox 632 1256 813 1285; x_wconf 77' lang='lat' dir='ltr'>creatura</span> <span class='ocrx_word' id='word_1_137' title='bbox 846 1249 1026 1299; x_wconf 81' lang='lat' dir='ltr'>interficit</span> <span class='ocrx_word' id='word_1_138' title='bbox 1057 1250 1246 1285; x_wconf 79' lang='lat' dir='ltr'>hominem</span> <span class='ocrx_word' id='word_1_139' title='bbox 1279 1249 1351 1285; x_wconf 77' lang='lat' dir='ltr'>sihi</span> <span class='ocrx_word' id='word_1_140' title='bbox 1377 1250 1554 1296; x_wconf 80' lang='lat' dir='ltr'>similem,</span> 
     </span>
     <span class='ocr_line' id='line_1_18' title="bbox 241 1307 1556 1353; baseline 0.002 -12"><span class='ocrx_word' id='word_1_141' title='bbox 241 1307 401 1343; x_wconf 74' lang='lat' dir='ltr'>virtutes</span> <span class='ocrx_word' id='word_1_142' title='bbox 440 1307 609 1343; x_wconf 81' lang='lat' dir='ltr'>celorum</span> <span class='ocrx_word' id='word_1_143' title='bbox 649 1307 869 1342; x_wconf 78' lang='lat' dir='ltr'>clamabunt</span> <span class='ocrx_word' id='word_1_144' title='bbox 906 1308 958 1343; x_wconf 78' lang='lat' dir='ltr'>ad</span> <span class='ocrx_word' id='word_1_145' title='bbox 989 1308 1115 1344; x_wconf 79' lang='lat' dir='ltr'>Deum</span> <span class='ocrx_word' id='word_1_146' title='bbox 1154 1307 1341 1343; x_wconf 75' lang='lat' dir='ltr'>dicentes:</span> <span class='ocrx_word' id='word_1_147' title='bbox 1377 1308 1556 1353; x_wconf 79' lang='lat' dir='ltr'>Domine,</span> 
     </span>
     <span class='ocr_line' id='line_1_19' title="bbox 237 1364 1555 1402; baseline 0.001 -2"><span class='ocrx_word' id='word_1_148' title='bbox 237 1377 374 1401; x_wconf 75' lang='lat' dir='ltr'>servus</span> <span class='ocrx_word' id='word_1_149' title='bbox 406 1372 492 1400; x_wconf 82' lang='lat' dir='ltr'>tuus</span> <span class='ocrx_word' id='word_1_150' title='bbox 525 1364 606 1400; x_wconf 77' lang='lat' dir='ltr'>vult</span> <span class='ocrx_word' id='word_1_151' title='bbox 637 1377 717 1401; x_wconf 76' lang='lat' dir='ltr'>esse</span> <span class='ocrx_word' id='word_1_152' title='bbox 748 1365 815 1400; x_wconf 79' lang='lat' dir='ltr'>tibi</span> <span class='ocrx_word' id='word_1_153' title='bbox 843 1365 991 1401; x_wconf 77' lang='lat' dir='ltr'>similis.</span> <span class='ocrx_word' id='word_1_154' title='bbox 1045 1367 1093 1401; x_wconf 89' lang='lat' dir='ltr'>Et</span> <span class='ocrx_word' id='word_1_155' title='bbox 1133 1366 1204 1402; x_wconf 86' lang='lat' dir='ltr'>hec</span> <span class='ocrx_word' id='word_1_156' title='bbox 1238 1365 1414 1402; x_wconf 86' lang='lat' dir='ltr'>creditur</span> <span class='ocrx_word' id='word_1_157' title='bbox 1446 1365 1555 1402; x_wconf 91' lang='lat' dir='ltr'>racio</span> 
     </span>
     <span class='ocr_line' id='line_1_20' title="bbox 239 1422 1556 1470; baseline 0.002 -12"><span class='ocrx_word' id='word_1_158' title='bbox 239 1435 362 1470; x_wconf 89' lang='lat' dir='ltr'>quare</span> <span class='ocrx_word' id='word_1_159' title='bbox 395 1422 508 1470; x_wconf 88' lang='lat' dir='ltr'>signa</span> <span class='ocrx_word' id='word_1_160' title='bbox 540 1422 579 1458; x_wconf 88' lang='lat' dir='ltr'>in</span> <span class='ocrx_word' id='word_1_161' title='bbox 613 1431 731 1469; x_wconf 79' lang='lat' dir='ltr'>terra,</span> <span class='ocrx_word' id='word_1_162' title='bbox 765 1422 806 1458; x_wconf 87' lang='lat' dir='ltr'>in</span> <span class='ocrx_word' id='word_1_163' title='bbox 840 1423 953 1469; x_wconf 85' lang='lat' dir='ltr'>mari,</span> <span class='ocrx_word' id='word_1_164' title='bbox 987 1423 1027 1459; x_wconf 91' lang='lat' dir='ltr'>in</span> <span class='ocrx_word' id='word_1_165' title='bbox 1060 1423 1247 1460; x_wconf 86' lang='lat' dir='ltr'>fluctibus</span> <span class='ocrx_word' id='word_1_166' title='bbox 1287 1436 1331 1459; x_wconf 89' lang='lat' dir='ltr'>ex</span> <span class='ocrx_word' id='word_1_167' title='bbox 1364 1423 1556 1460; x_wconf 83' lang='lat' dir='ltr'>effusione</span> 
     </span>
     <span class='ocr_line' id='line_1_21' title="bbox 183 1480 1555 1528; baseline 0.001 -12"><span class='ocrx_word' id='word_1_168' title='bbox 183 1493 224 1515; x_wconf 83' lang='lat'>20</span> <span class='ocrx_word' id='word_1_169' title='bbox 241 1480 405 1517; x_wconf 87' lang='lat' dir='ltr'>humani</span> <span class='ocrx_word' id='word_1_170' title='bbox 445 1480 648 1528; x_wconf 84' lang='lat' dir='ltr'>sanguinis</span> <span class='ocrx_word' id='word_1_171' title='bbox 685 1482 833 1517; x_wconf 85' lang='lat' dir='ltr'>nedum</span> <span class='ocrx_word' id='word_1_172' title='bbox 875 1481 1013 1518; x_wconf 89' lang='lat' dir='ltr'>dicunt</span> <span class='ocrx_word' id='word_1_173' title='bbox 1050 1481 1268 1518; x_wconf 76' lang='lat' dir='ltr'>vindictam</span> <span class='ocrx_word' id='word_1_174' title='bbox 1306 1482 1480 1518; x_wconf 87' lang='lat' dir='ltr'>futuram</span> <span class='ocrx_word' id='word_1_175' title='bbox 1515 1482 1555 1518; x_wconf 86' lang='lat' dir='ltr'>in</span> 
     </span>
     <span class='ocr_line' id='line_1_22' title="bbox 239 1538 1555 1588; baseline 0.002 -14"><span class='ocrx_word' id='word_1_176' title='bbox 239 1538 485 1575; x_wconf 85' lang='lat' dir='ltr'>occisoribus</span> <span class='ocrx_word' id='word_1_177' title='bbox 523 1540 592 1575; x_wconf 88' lang='lat' dir='ltr'>sed</span> <span class='ocrx_word' id='word_1_178' title='bbox 631 1548 887 1575; x_wconf 74' lang='lat' dir='ltr'>commovent</span> <span class='ocrx_word' id='word_1_179' title='bbox 925 1552 1050 1588; x_wconf 87' lang='lat' dir='ltr'>aquas</span> <span class='ocrx_word' id='word_1_180' title='bbox 1089 1548 1126 1576; x_wconf 91' lang='lat' dir='ltr'>et</span> <span class='ocrx_word' id='word_1_181' title='bbox 1164 1552 1311 1585; x_wconf 88' lang='lat' dir='ltr'>aerem,</span> <span class='ocrx_word' id='word_1_182' title='bbox 1351 1541 1555 1576; x_wconf 86' lang='lat' dir='ltr'>causando</span> 
     </span>
     <span class='ocr_line' id='line_1_23' title="bbox 239 1596 1555 1645; baseline 0.002 -13"><span class='ocrx_word' id='word_1_183' title='bbox 239 1596 492 1645; x_wconf 86' lang='lat' dir='ltr'>pestilencias</span> <span class='ocrx_word' id='word_1_184' title='bbox 525 1605 562 1633; x_wconf 91' lang='lat' dir='ltr'>et</span> <span class='ocrx_word' id='word_1_185' title='bbox 595 1596 694 1634; x_wconf 87' lang='lat' dir='ltr'>alios</span> <span class='ocrx_word' id='word_1_186' title='bbox 727 1606 888 1634; x_wconf 87' lang='lat' dir='ltr'>eventus</span> <span class='ocrx_word' id='word_1_187' title='bbox 911 1597 1106 1643; x_wconf 89' lang='lat' dir='ltr'>insolitos,</span> <span class='ocrx_word' id='word_1_188' title='bbox 1135 1597 1240 1634; x_wconf 88' lang='lat' dir='ltr'>diem</span> <span class='ocrx_word' id='word_1_189' title='bbox 1265 1597 1395 1634; x_wconf 89' lang='lat' dir='ltr'>finalis</span> <span class='ocrx_word' id='word_1_190' title='bbox 1418 1598 1555 1635; x_wconf 86' lang='lat' dir='ltr'>iudicii</span> 
     </span>
     <span class='ocr_line' id='line_1_24' title="bbox 240 1655 1555 1704; baseline 0.002 -14"><span class='ocrx_word' id='word_1_191' title='bbox 240 1655 455 1702; x_wconf 82' lang='lat' dir='ltr'>figurantes</span> <span class='ocrx_word' id='word_1_192' title='bbox 490 1656 549 1701; x_wconf 79' lang='lat' dir='ltr'>(ut</span> <span class='ocrx_word' id='word_1_193' title='bbox 582 1664 691 1703; x_wconf 89' lang='lat' dir='ltr'>patet</span> <span class='ocrx_word' id='word_1_194' title='bbox 725 1657 830 1692; x_wconf 90' lang='lat' dir='ltr'>Luce</span> <span class='ocrx_word' id='word_1_195' title='bbox 861 1657 979 1703; x_wconf 82' lang='lat' dir='ltr'><strong>XXI).</strong></span> <span class='ocrx_word' id='word_1_196' title='bbox 1013 1658 1081 1692; x_wconf 88' lang='lat' dir='ltr'>Est</span> <span class='ocrx_word' id='word_1_197' title='bbox 1104 1664 1237 1692; x_wconf 89' lang='lat' dir='ltr'>autem</span> <span class='ocrx_word' id='word_1_198' title='bbox 1262 1655 1404 1704; x_wconf 86' lang='lat' dir='ltr'>triplex</span> <span class='ocrx_word' id='word_1_199' title='bbox 1427 1656 1555 1692; x_wconf 83' lang='lat' dir='ltr'>homi-</span> 
     </span>
     <span class='ocr_line' id='line_1_25' title="bbox 239 1713 1555 1762; baseline 0.002 -14"><span class='ocrx_word' id='word_1_200' title='bbox 239 1713 388 1749; x_wconf 89' lang='lat' dir='ltr'>cidium</span> <span class='ocrx_word' id='word_1_201' title='bbox 434 1713 725 1761; x_wconf 82' lang='lat' dir='ltr'>increpandum</span> <span class='ocrx_word' id='word_1_202' title='bbox 767 1715 823 1759; x_wconf 90' lang='lat' dir='ltr'>(ut</span> <span class='ocrx_word' id='word_1_203' title='bbox 862 1722 972 1762; x_wconf 90' lang='lat' dir='ltr'>patet</span> <span class='ocrx_word' id='word_1_204' title='bbox 1017 1716 1210 1750; x_wconf 85' lang='lat' dir='ltr'>Sermone</span> <span class='ocrx_word' id='word_1_205' title='bbox 1248 1715 1369 1761; x_wconf 83' lang='lat' dir='ltr'>VIII):</span> <span class='ocrx_word' id='word_1_206' title='bbox 1416 1715 1555 1751; x_wconf 89' lang='lat' dir='ltr'>Homi-</span> 
     </span>
     <span class='ocr_line' id='line_1_26' title="bbox 182 1771 1556 1819; baseline 0.002 -14"><span class='ocrx_word' id='word_1_207' title='bbox 182 1773 221 1805; x_wconf 83' lang='lat'>25</span> <span class='ocrx_word' id='word_1_208' title='bbox 239 1771 387 1808; x_wconf 86' lang='lat' dir='ltr'>cidium</span> <span class='ocrx_word' id='word_1_209' title='bbox 421 1784 443 1807; x_wconf 90' lang='lat' dir='ltr'>a</span> <span class='ocrx_word' id='word_1_210' title='bbox 477 1784 612 1816; x_wconf 80' lang='lat' dir='ltr'>manu,</span> <span class='ocrx_word' id='word_1_211' title='bbox 647 1784 669 1807; x_wconf 89' lang='lat' dir='ltr'>a</span> <span class='ocrx_word' id='word_1_212' title='bbox 701 1771 836 1819; x_wconf 87' lang='lat' dir='ltr'>lingua</span> <span class='ocrx_word' id='word_1_213' title='bbox 870 1780 907 1808; x_wconf 88' lang='lat' dir='ltr'>et</span> <span class='ocrx_word' id='word_1_214' title='bbox 940 1781 1091 1817; x_wconf 78' lang='lat' dir='ltr'>mente3</span> <span class='ocrx_word' id='word_1_215' title='bbox 1130 1784 1267 1819; x_wconf 86' lang='lat' dir='ltr'>ymmo</span> <span class='ocrx_word' id='word_1_216' title='bbox 1301 1785 1390 1808; x_wconf 91' lang='lat' dir='ltr'>cum</span> <span class='ocrx_word' id='word_1_217' title='bbox 1428 1773 1556 1808; x_wconf 88' lang='lat' dir='ltr'>homi-</span> 
     </span>
     <span class='ocr_line' id='line_1_27' title="bbox 238 1829 1554 1874; baseline 0.002 -10"><span class='ocrx_word' id='word_1_218' title='bbox 238 1829 387 1865; x_wconf 85' lang='lat' dir='ltr'>cidium</span> <span class='ocrx_word' id='word_1_219' title='bbox 422 1838 609 1865; x_wconf 85' lang='lat' dir='ltr'>causatur</span> <span class='ocrx_word' id='word_1_220' title='bbox 632 1841 676 1865; x_wconf 86' lang='lat' dir='ltr'>ex</span> <span class='ocrx_word' id='word_1_221' title='bbox 699 1829 994 1866; x_wconf 88' lang='lat' dir='ltr'>inmisericordi</span> <span class='ocrx_word' id='word_1_222' title='bbox 1023 1829 1304 1866; x_wconf 88' lang='lat' dir='ltr'>subtraccione</span> <span class='ocrx_word' id='word_1_223' title='bbox 1327 1830 1554 1874; x_wconf 80' lang='lat' dir='ltr'>iuvaminis,</span> 
     </span>
     <span class='ocr_line' id='line_1_28' title="bbox 237 1887 1555 1936; baseline 0.002 -14"><span class='ocrx_word' id='word_1_224' title='bbox 237 1895 346 1936; x_wconf 84' lang='lat' dir='ltr'>patet</span> <span class='ocrx_word' id='word_1_225' title='bbox 379 1895 421 1922; x_wconf 89' lang='lat' dir='ltr'>ut</span> <span class='ocrx_word' id='word_1_226' title='bbox 453 1887 682 1935; x_wconf 86' lang='lat' dir='ltr'>quicunque</span> <span class='ocrx_word' id='word_1_227' title='bbox 716 1896 773 1923; x_wconf 93' lang='lat' dir='ltr'>est</span> <span class='ocrx_word' id='word_1_228' title='bbox 804 1887 995 1923; x_wconf 89' lang='lat' dir='ltr'>immunis</span> <span class='ocrx_word' id='word_1_229' title='bbox 1036 1889 1084 1924; x_wconf 89' lang='lat' dir='ltr'>ab</span> <span class='ocrx_word' id='word_1_230' title='bbox 1119 1887 1351 1929; x_wconf 75' lang='lat' dir='ltr'>homicidio,</span> <span class='ocrx_word' id='word_1_231' title='bbox 1393 1897 1449 1924; x_wconf 91' lang='lat' dir='ltr'>est</span> <span class='ocrx_word' id='word_1_232' title='bbox 1482 1889 1555 1924; x_wconf 90' lang='lat' dir='ltr'>im-</span> 
     </span>
     <span class='ocr_line' id='line_1_29' title="bbox 238 1944 1843 1998; baseline 0.001 -18"><span class='ocrx_word' id='word_1_233' title='bbox 238 1944 369 1981; x_wconf 91' lang='lat' dir='ltr'>munis</span> <span class='ocrx_word' id='word_1_234' title='bbox 402 1945 638 1993; x_wconf 86' lang='lat' dir='ltr'>simpliciter</span> <span class='ocrx_word' id='word_1_235' title='bbox 670 1958 692 1981; x_wconf 92' lang='lat' dir='ltr'>a</span> <span class='ocrx_word' id='word_1_236' title='bbox 724 1954 904 1993; x_wconf 87' lang='lat' dir='ltr'>peccato.</span> <span class='ocrx_word' id='word_1_237' title='bbox 939 1945 987 1981; x_wconf 87' lang='lat' dir='ltr'>Et</span> <span class='ocrx_word' id='word_1_238' title='bbox 1015 1945 1083 1987; x_wconf 84' lang='lat' dir='ltr'>sic,</span> <span class='ocrx_word' id='word_1_239' title='bbox 1118 1945 1148 1981; x_wconf 87' lang='lat' dir='ltr'>si</span> <span class='ocrx_word' id='word_1_240' title='bbox 1174 1945 1437 1982; x_wconf 87' lang='lat' dir='ltr'>homicidium</span> <span class='ocrx_word' id='word_1_241' title='bbox 1462 1946 1555 1983; x_wconf 86' lang='lat' dir='ltr'>facit</span> <span class='ocrx_word' id='word_1_242' title='bbox 1614 1949 1801 1988; x_wconf 29' lang='lat' dir='ltr'>‚lu-iests‘not</span> <span class='ocrx_word' id='word_1_243' title='bbox 1837 1993 1843 1998; x_wconf 81' lang='lat'><em>.</em></span> 
     </span>
     <span class='ocr_line' id='line_1_30' title="bbox 237 1983 1838 2053; baseline 0.002 -15"><span class='ocrx_word' id='word_1_244' title='bbox 237 2003 498 2051; x_wconf 79' lang='lat' dir='ltr'>irregularem</span> <span class='ocrx_word' id='word_1_245' title='bbox 544 2004 835 2051; x_wconf 80' lang='lat' dir='ltr'>presbyterum,</span> <span class='ocrx_word' id='word_1_246' title='bbox 881 2013 990 2051; x_wconf 89' lang='lat' dir='ltr'>patet</span> <span class='ocrx_word' id='word_1_247' title='bbox 1043 2003 1182 2052; x_wconf 90' lang='lat' dir='ltr'>quanti</span> <span class='ocrx_word' id='word_1_248' title='bbox 1236 2005 1465 2040; x_wconf 84' lang='lat' dir='ltr'>sacerdotes</span> <span class='ocrx_word' id='word_1_249' title='bbox 1518 2013 1555 2041; x_wconf 93' lang='lat' dir='ltr'>et</span> <span class='ocrx_word' id='word_1_250' title='bbox 1570 1983 1838 2053; x_wconf 28' lang='lat' dir='ltr'>dqflpeggiffizrydgti)</span> 
     </span>
     <span class='ocr_line' id='line_1_31' title="bbox 179 2053 1844 2116; baseline 0.003 -22"><span class='ocrx_word' id='word_1_251' title='bbox 179 2063 222 2095; x_wconf 81' lang='lat'>30</span> <span class='ocrx_word' id='word_1_252' title='bbox 237 2060 379 2109; x_wconf 88' lang='lat' dir='ltr'>prelati</span> <span class='ocrx_word' id='word_1_253' title='bbox 411 2060 638 2109; x_wconf 90' lang='lat' dir='ltr'>specialiter</span> <span class='ocrx_word' id='word_1_254' title='bbox 670 2070 761 2097; x_wconf 88' lang='lat' dir='ltr'>sunt</span> <span class='ocrx_word' id='word_1_255' title='bbox 794 2061 1043 2109; x_wconf 70' lang='lat' dir='ltr'>irregulares,</span> <span class='ocrx_word' id='word_1_256' title='bbox 1085 2075 1175 2098; x_wconf 90' lang='lat' dir='ltr'>cum</span> <span class='ocrx_word' id='word_1_257' title='bbox 1209 2074 1231 2098; x_wconf 90' lang='lat' dir='ltr'>a</span> <span class='ocrx_word' id='word_1_258' title='bbox 1264 2061 1397 2110; x_wconf 89' lang='lat' dir='ltr'>primo</span> <span class='ocrx_word' id='word_1_259' title='bbox 1429 2076 1554 2111; x_wconf 86' lang='lat' dir='ltr'>usque</span> <span class='ocrx_word' id='word_1_260' title='bbox 1570 2053 1844 2116; x_wconf 43' lang='lat' dir='ltr'>spiriucqtgclionu-</span> 
     </span>
     <span class='ocr_line' id='line_1_32' title="bbox 237 2111 1747 2168; baseline 0 -12"><span class='ocrx_word' id='word_1_261' title='bbox 237 2121 287 2156; x_wconf 88' lang='lat' dir='ltr'>ad</span> <span class='ocrx_word' id='word_1_262' title='bbox 337 2119 523 2155; x_wconf 90' lang='lat' dir='ltr'>ultimum</span> <span class='ocrx_word' id='word_1_263' title='bbox 575 2131 715 2155; x_wconf 84' lang='lat' dir='ltr'>omnes</span> <span class='ocrx_word' id='word_1_264' title='bbox 768 2121 1008 2156; x_wconf 89' lang='lat' dir='ltr'>subtrahunt</span> <span class='ocrx_word' id='word_1_265' title='bbox 1060 2119 1268 2168; x_wconf 85' lang='lat' dir='ltr'>spirituale</span> <span class='ocrx_word' id='word_1_266' title='bbox 1320 2119 1553 2168; x_wconf 87' lang='lat' dir='ltr'>suffragium</span> <span class='ocrx_word' id='word_1_267' title='bbox 1741 2111 1747 2122; x_wconf 66' lang='lat'><strong><em>⁹</em></strong></span> 
     </span>
     <span class='ocr_line' id='line_1_33' title="bbox 236 2176 1552 2225; baseline 0.001 -12"><span class='ocrx_word' id='word_1_268' title='bbox 236 2176 420 2225; x_wconf 89' lang='lat' dir='ltr'>nequiter</span> <span class='ocrx_word' id='word_1_269' title='bbox 452 2176 687 2214; x_wconf 87' lang='lat' dir='ltr'>occidendo.</span> <span class='ocrx_word' id='word_1_270' title='bbox 741 2179 790 2213; x_wconf 86' lang='lat' dir='ltr'>Et</span> <span class='ocrx_word' id='word_1_271' title='bbox 828 2179 899 2214; x_wconf 90' lang='lat' dir='ltr'>hec</span> <span class='ocrx_word' id='word_1_272' title='bbox 932 2177 1081 2214; x_wconf 90' lang='lat' dir='ltr'>occisio</span> <span class='ocrx_word' id='word_1_273' title='bbox 1115 2186 1251 2214; x_wconf 89' lang='lat' dir='ltr'>causat</span> <span class='ocrx_word' id='word_1_274' title='bbox 1284 2179 1392 2225; x_wconf 86' lang='lat' dir='ltr'>apud</span> <span class='ocrx_word' id='word_1_275' title='bbox 1425 2180 1552 2214; x_wconf 88' lang='lat' dir='ltr'>Deum</span> 
     </span>
     <span class='ocr_line' id='line_1_34' title="bbox 236 2235 1554 2285; baseline 0.002 -14"><span class='ocrx_word' id='word_1_276' title='bbox 236 2235 573 2283; x_wconf 85' lang='lat' dir='ltr'>irregularitatem</span> <span class='ocrx_word' id='word_1_277' title='bbox 621 2235 746 2283; x_wconf 89' lang='lat' dir='ltr'>magis</span> <span class='ocrx_word' id='word_1_278' title='bbox 786 2235 1027 2284; x_wconf 82' lang='lat' dir='ltr'>culpabilem</span> <span class='ocrx_word' id='word_1_279' title='bbox 1068 2249 1187 2284; x_wconf 88' lang='lat' dir='ltr'>quam</span> <span class='ocrx_word' id='word_1_280' title='bbox 1228 2235 1377 2272; x_wconf 87' lang='lat' dir='ltr'>occisio</span> <span class='ocrx_word' id='word_1_281' title='bbox 1412 2249 1554 2285; x_wconf 88' lang='lat' dir='ltr'>corpo-</span> 
     </span>
     <span class='ocr_line' id='line_1_35' title="bbox 236 2292 1554 2342; baseline 0.002 -13"><span class='ocrx_word' id='word_1_282' title='bbox 236 2292 342 2330; x_wconf 89' lang='lat' dir='ltr'>ralis.</span> <span class='ocrx_word' id='word_1_283' title='bbox 376 2295 424 2329; x_wconf 88' lang='lat' dir='ltr'>Et</span> <span class='ocrx_word' id='word_1_284' title='bbox 447 2302 556 2341; x_wconf 91' lang='lat' dir='ltr'>patet</span> <span class='ocrx_word' id='word_1_285' title='bbox 580 2295 785 2341; x_wconf 91' lang='lat' dir='ltr'>quomodo</span> <span class='ocrx_word' id='word_1_286' title='bbox 810 2307 951 2330; x_wconf 90' lang='lat' dir='ltr'>manus</span> <span class='ocrx_word' id='word_1_287' title='bbox 975 2293 1181 2342; x_wconf 91' lang='lat' dir='ltr'>utriusque</span> <span class='ocrx_word' id='word_1_288' title='bbox 1212 2293 1365 2330; x_wconf 87' lang='lat' dir='ltr'>brachii</span> <span class='ocrx_word' id='word_1_289' title='bbox 1390 2294 1554 2331; x_wconf 86' lang='lat' dir='ltr'>ecclesie</span> 
     </span>
     <span class='ocr_line' id='line_1_36' title="bbox 180 2351 1550 2400; baseline 0.001 -13"><span class='ocrx_word' id='word_1_290' title='bbox 180 2364 220 2398; x_wconf 83' lang='lat'>35</span> <span class='ocrx_word' id='word_1_291' title='bbox 237 2352 352 2400; x_wconf 86' lang='lat' dir='ltr'>plene</span> <span class='ocrx_word' id='word_1_292' title='bbox 385 2360 476 2388; x_wconf 89' lang='lat' dir='ltr'>sunt</span> <span class='ocrx_word' id='word_1_293' title='bbox 508 2351 713 2399; x_wconf 84' lang='lat' dir='ltr'>sanguine.</span> <span class='ocrx_word' id='word_1_294' title='bbox 768 2353 898 2388; x_wconf 88' lang='lat' dir='ltr'>Omne</span> <span class='ocrx_word' id='word_1_295' title='bbox 929 2364 1104 2400; x_wconf 90' lang='lat' dir='ltr'>namque</span> <span class='ocrx_word' id='word_1_296' title='bbox 1137 2364 1260 2400; x_wconf 85' lang='lat' dir='ltr'>genus</span> <span class='ocrx_word' id='word_1_297' title='bbox 1293 2361 1550 2399; x_wconf 83' lang='lat' dir='ltr'>peccatorum</span> 
     </span>
    </p>
   </div>
   <div class='ocr_carea' id='block_1_3' title="bbox 237 2409 1552 2458">
    <p class='ocr_par' dir='ltr' id='par_1_3' title="bbox 237 2409 1552 2458">
     <span class='ocr_line' id='line_1_37' title="bbox 237 2409 1552 2458; baseline 0.002 -13"><span class='ocrx_word' id='word_1_298' title='bbox 237 2418 327 2445; x_wconf 87' lang='lat' dir='ltr'>sunt</span> <span class='ocrx_word' id='word_1_299' title='bbox 360 2409 415 2446; x_wconf 89' lang='lat' dir='ltr'>rei</span> <span class='ocrx_word' id='word_1_300' title='bbox 449 2409 488 2445; x_wconf 85' lang='lat' dir='ltr'>in</span> <span class='ocrx_word' id='word_1_301' title='bbox 521 2409 596 2445; x_wconf 88' lang='lat' dir='ltr'>isto</span> <span class='ocrx_word' id='word_1_302' title='bbox 631 2409 810 2455; x_wconf 84' lang='lat' dir='ltr'>crimine,</span> <span class='ocrx_word' id='word_1_303' title='bbox 845 2419 886 2445; x_wconf 93' lang='lat' dir='ltr'>ut</span> <span class='ocrx_word' id='word_1_304' title='bbox 922 2409 1083 2458; x_wconf 90' lang='lat' dir='ltr'>superbi</span> <span class='ocrx_word' id='word_1_305' title='bbox 1108 2409 1292 2446; x_wconf 91' lang='lat' dir='ltr'>manibus</span> <span class='ocrx_word' id='word_1_306' title='bbox 1316 2410 1552 2450; x_wconf 75' lang='lat' dir='ltr'>occidendo,</span> 
     </span>
    </p>
   </div>
   <div class='ocr_carea' id='block_1_4' title="bbox 237 2531 1554 2672">
    <p class='ocr_par' dir='ltr' id='par_1_4' title="bbox 237 2531 1554 2672">
     <span class='ocr_line' id='line_1_38' title="bbox 306 2531 1553 2568; baseline 0 -9"><span class='ocrx_word' id='word_1_307' title='bbox 306 2539 331 2559; x_wconf 75' lang='lat'>2.</span> <span class='ocrx_word' id='word_1_308' title='bbox 355 2531 376 2559; x_wconf 85' lang='grc' dir='ltr'><strong><em>Β</em></strong></span> <span class='ocrx_word' id='word_1_309' title='bbox 398 2531 427 2558; x_wconf 86' lang='lat' dir='ltr'>in</span> <span class='ocrx_word' id='word_1_310' title='bbox 449 2539 563 2566; x_wconf 64' lang='lat' dir='ltr'>marg:</span> <span class='ocrx_word' id='word_1_311' title='bbox 592 2531 673 2559; x_wconf 84' lang='lat' dir='ltr'>Nota</span> <span class='ocrx_word' id='word_1_312' title='bbox 699 2531 735 2558; x_wconf 83' lang='lat' dir='ltr'>de</span> <span class='ocrx_word' id='word_1_313' title='bbox 762 2532 927 2560; x_wconf 81' lang='lat' dir='ltr'>occisione.</span> <span class='ocrx_word' id='word_1_314' title='bbox 1073 2540 1111 2560; x_wconf 81' lang='lat'>12.</span> <span class='ocrx_word' id='word_1_315' title='bbox 1134 2532 1174 2560; x_wconf 91' lang='lat' dir='ltr'>C:</span> <span class='ocrx_word' id='word_1_316' title='bbox 1197 2537 1225 2559; x_wconf 78' lang='lat' dir='ltr'>et</span> <span class='ocrx_word' id='word_1_317' title='bbox 1252 2532 1453 2568; x_wconf 80' lang='lat' dir='ltr'>precipuum:</span> <span class='ocrx_word' id='word_1_318' title='bbox 1474 2534 1502 2560; x_wconf 80' lang='lat' dir='ltr'><strong>A</strong></span> <span class='ocrx_word' id='word_1_319' title='bbox 1524 2533 1553 2560; x_wconf 87' lang='lat' dir='ltr'>iu</span> 
     </span>
     <span class='ocr_line' id='line_1_39' title="bbox 237 2566 1554 2604; baseline 0.002 -11"><span class='ocrx_word' id='word_1_320' title='bbox 237 2574 352 2602; x_wconf 66' lang='lat' dir='ltr'>marg:</span> <span class='ocrx_word' id='word_1_321' title='bbox 376 2566 497 2594; x_wconf 80' lang='lat' dir='ltr'>Creare.</span> <span class='ocrx_word' id='word_1_322' title='bbox 534 2599 539 2604; x_wconf 38' lang='lat'><em>¹</em></span> <span class='ocrx_word' id='word_1_323' title='bbox 608 2566 646 2594; x_wconf 81' lang='lat'>13.</span> <span class='ocrx_word' id='word_1_324' title='bbox 669 2566 735 2593; x_wconf 83' lang='lat' dir='ltr'>BC:</span> <span class='ocrx_word' id='word_1_325' title='bbox 758 2567 794 2594; x_wconf 86' lang='lat' dir='ltr'>ad</span> <span class='ocrx_word' id='word_1_326' title='bbox 818 2568 912 2594; x_wconf 69' lang='lat' dir='ltr'>deest.</span> <span class='ocrx_word' id='word_1_327' title='bbox 1022 2576 1063 2601; x_wconf 68' lang='lat'>¹4-</span> <span class='ocrx_word' id='word_1_328' title='bbox 1086 2568 1129 2594; x_wconf 72' lang='lat' dir='ltr'>A:</span> <span class='ocrx_word' id='word_1_329' title='bbox 1154 2567 1183 2594; x_wconf 87' lang='lat' dir='ltr'>iu</span> <span class='ocrx_word' id='word_1_330' title='bbox 1207 2567 1251 2594; x_wconf 80' lang='lat' dir='ltr'>De</span> <span class='ocrx_word' id='word_1_331' title='bbox 1271 2567 1403 2596; x_wconf 82' lang='lat' dir='ltr'>Secretis</span> <span class='ocrx_word' id='word_1_332' title='bbox 1425 2572 1554 2596; x_wconf 69' lang='lat' dir='ltr'>secrete:</span> 
     </span>
     <span class='ocr_line' id='line_1_40' title="bbox 237 2601 1554 2635; baseline 0 -6"><span class='ocrx_word' id='word_1_333' title='bbox 237 2601 303 2629; x_wconf 73' lang='lat' dir='ltr'>BC:</span> <span class='ocrx_word' id='word_1_334' title='bbox 325 2601 361 2628; x_wconf 85' lang='lat' dir='ltr'>de</span> <span class='ocrx_word' id='word_1_335' title='bbox 382 2601 412 2628; x_wconf 85' lang='lat' dir='ltr'>in</span> <span class='ocrx_word' id='word_1_336' title='bbox 434 2604 558 2628; x_wconf 72' lang='lat' dir='ltr'>sem-ens</span> <span class='ocrx_word' id='word_1_337' title='bbox 578 2601 772 2632; x_wconf 72' lang='lat' dir='ltr'>Aristotelis:</span> <span class='ocrx_word' id='word_1_338' title='bbox 793 2601 834 2629; x_wconf 90' lang='lat' dir='ltr'>ib.</span> <span class='ocrx_word' id='word_1_339' title='bbox 854 2603 898 2629; x_wconf 76' lang='lat' dir='ltr'>A:</span> <span class='ocrx_word' id='word_1_340' title='bbox 920 2602 1105 2635; x_wconf 49' lang='lat' dir='ltr'>Commorim</span> <span class='ocrx_word' id='word_1_341' title='bbox 1126 2603 1154 2629; x_wconf 70' lang='lat' dir='ltr'><strong>A</strong></span> <span class='ocrx_word' id='word_1_342' title='bbox 1174 2601 1204 2629; x_wconf 86' lang='lat' dir='ltr'>iu</span> <span class='ocrx_word' id='word_1_343' title='bbox 1225 2610 1340 2629; x_wconf 55' lang='lat' dir='ltr'>marm:</span> <span class='ocrx_word' id='word_1_344' title='bbox 1361 2601 1554 2629; x_wconf 75' lang='lat' dir='ltr'>Aristoteles.</span> 
     </span>
     <span class='ocr_line' id='line_1_41' title="bbox 238 2622 1553 2672; baseline 0 -9"><span class='ocrx_word' id='word_1_345' title='bbox 238 2636 279 2663; x_wconf 75' lang='lat'>16.</span> <span class='ocrx_word' id='word_1_346' title='bbox 301 2637 345 2663; x_wconf 82' lang='lat' dir='ltr'>A:</span> <span class='ocrx_word' id='word_1_347' title='bbox 369 2635 458 2670; x_wconf 84' lang='lat' dir='ltr'>Cum,</span> <span class='ocrx_word' id='word_1_348' title='bbox 479 2635 589 2671; x_wconf 84' lang='lat' dir='ltr'>inquit.</span> <span class='ocrx_word' id='word_1_349' title='bbox 682 2644 721 2671; x_wconf 79' lang='lat'>17.</span> <span class='ocrx_word' id='word_1_350' title='bbox 742 2637 770 2663; x_wconf 88' lang='lat' dir='ltr'><strong>A</strong></span> <span class='ocrx_word' id='word_1_351' title='bbox 791 2636 820 2663; x_wconf 86' lang='lat' dir='ltr'>in</span> <span class='ocrx_word' id='word_1_352' title='bbox 843 2645 958 2671; x_wconf 61' lang='lat' dir='ltr'>marg:</span> <span class='ocrx_word' id='word_1_353' title='bbox 987 2637 1068 2664; x_wconf 81' lang='lat' dir='ltr'>Nota</span> <span class='ocrx_word' id='word_1_354' title='bbox 1090 2645 1145 2672; x_wconf 83' lang='lat' dir='ltr'>pro</span> <span class='ocrx_word' id='word_1_355' title='bbox 1166 2622 1345 2664; x_wconf 66' lang='lat' dir='ltr'>homicidio.</span> <span class='ocrx_word' id='word_1_356' title='bbox 1448 2637 1487 2663; x_wconf 57' lang='lat'>18.</span> <span class='ocrx_word' id='word_1_357' title='bbox 1510 2638 1553 2664; x_wconf 67' lang='lat' dir='ltr'>A:</span> 
     </span>
    </p>
   </div>
   <div class='ocr_carea' id='block_1_5' title="bbox 237 2670 1555 2845">
    <p class='ocr_par' dir='ltr' id='par_1_5' title="bbox 237 2670 1555 2845">
     <span class='ocr_line' id='line_1_42' title="bbox 237 2670 1552 2704; baseline 0.001 -7"><span class='ocrx_word' id='word_1_358' title='bbox 237 2671 292 2698; x_wconf 80' lang='lat' dir='ltr'>hec</span> <span class='ocrx_word' id='word_1_359' title='bbox 313 2671 408 2698; x_wconf 79' lang='lat' dir='ltr'>deest.</span> <span class='ocrx_word' id='word_1_360' title='bbox 493 2678 535 2704; x_wconf 70' lang='grc' dir='ltr'>ις).</span> <span class='ocrx_word' id='word_1_361' title='bbox 558 2672 602 2698; x_wconf 73' lang='lat' dir='ltr'>A:</span> <span class='ocrx_word' id='word_1_362' title='bbox 625 2675 653 2697; x_wconf 89' lang='lat' dir='ltr'>et</span> <span class='ocrx_word' id='word_1_363' title='bbox 673 2670 750 2697; x_wconf 87' lang='lat' dir='ltr'>mari</span> <span class='ocrx_word' id='word_1_364' title='bbox 771 2676 799 2698; x_wconf 80' lang='lat' dir='ltr'>ct</span> <span class='ocrx_word' id='word_1_365' title='bbox 820 2671 973 2698; x_wconf 79' lang='lat' dir='ltr'>fluctibus.</span> <span class='ocrx_word' id='word_1_366' title='bbox 1054 2680 1101 2698; x_wconf 79' lang='lat'>20.</span> <span class='ocrx_word' id='word_1_367' title='bbox 1122 2672 1167 2698; x_wconf 72' lang='lat' dir='ltr'>A:</span> <span class='ocrx_word' id='word_1_368' title='bbox 1188 2670 1352 2700; x_wconf 54' lang='lat' dir='ltr'>vit-lictum:</span> <span class='ocrx_word' id='word_1_369' title='bbox 1375 2671 1414 2698; x_wconf 83' lang='lat' dir='ltr'>ib.</span> <span class='ocrx_word' id='word_1_370' title='bbox 1438 2672 1502 2698; x_wconf 64' lang='lat' dir='ltr'>luj:</span> <span class='ocrx_word' id='word_1_371' title='bbox 1526 2671 1552 2698; x_wconf 90' lang='lat' dir='ltr'>iu</span> 
     </span>
     <span class='ocr_line' id='line_1_43' title="bbox 237 2705 1555 2741; baseline -0.001 -8"><span class='ocrx_word' id='word_1_372' title='bbox 237 2706 331 2733; x_wconf 80' lang='lat' dir='ltr'>deest.</span> <span class='ocrx_word' id='word_1_373' title='bbox 405 2713 444 2732; x_wconf 78' lang='lat'>21.</span> <span class='ocrx_word' id='word_1_374' title='bbox 467 2705 533 2733; x_wconf 84' lang='lat' dir='ltr'>BC:</span> <span class='ocrx_word' id='word_1_375' title='bbox 555 2705 712 2732; x_wconf 81' lang='lat' dir='ltr'>causando</span> <span class='ocrx_word' id='word_1_376' title='bbox 733 2706 827 2732; x_wconf 80' lang='lat' dir='ltr'>deest.</span> <span class='ocrx_word' id='word_1_377' title='bbox 875 2714 922 2740; x_wconf 71' lang='lat'>24.</span> <span class='ocrx_word' id='word_1_378' title='bbox 945 2707 988 2733; x_wconf 58' lang='lat' dir='ltr'>A:</span> <span class='ocrx_word' id='word_1_379' title='bbox 1012 2710 1042 2732; x_wconf 84' lang='lat' dir='ltr'>ut</span> <span class='ocrx_word' id='word_1_380' title='bbox 1063 2706 1163 2735; x_wconf 74' lang='lat' dir='ltr'>deest:</span> <span class='ocrx_word' id='word_1_381' title='bbox 1187 2710 1266 2740; x_wconf 72' lang='lat' dir='ltr'>patet</span> <span class='ocrx_word' id='word_1_382' title='bbox 1287 2705 1394 2741; x_wconf 82' lang='lat' dir='ltr'>igitur:</span> <span class='ocrx_word' id='word_1_383' title='bbox 1418 2706 1555 2740; x_wconf 70' lang='lat' dir='ltr'>sequitur</span> 
     </span>
     <span class='ocr_line' id='line_1_44' title="bbox 237 2739 1555 2775; baseline 0 -8"><span class='ocrx_word' id='word_1_384' title='bbox 237 2741 365 2768; x_wconf 83' lang='lat' dir='ltr'>lacuna:</span> <span class='ocrx_word' id='word_1_385' title='bbox 404 2740 426 2767; x_wconf 89' lang='lat' dir='ltr'>B</span> <span class='ocrx_word' id='word_1_386' title='bbox 456 2739 485 2766; x_wconf 93' lang='lat' dir='ltr'>iu</span> <span class='ocrx_word' id='word_1_387' title='bbox 509 2748 622 2775; x_wconf 63' lang='lat' dir='ltr'>marg:</span> <span class='ocrx_word' id='word_1_388' title='bbox 654 2740 866 2767; x_wconf 85' lang='lat' dir='ltr'>Homicidium</span> <span class='ocrx_word' id='word_1_389' title='bbox 898 2749 951 2775; x_wconf 83' lang='lat' dir='ltr'>per</span> <span class='ocrx_word' id='word_1_390' title='bbox 980 2745 1089 2767; x_wconf 85' lang='lat' dir='ltr'>totum.</span> <span class='ocrx_word' id='word_1_391' title='bbox 1121 2740 1333 2767; x_wconf 84' lang='lat' dir='ltr'>Homicidium</span> <span class='ocrx_word' id='word_1_392' title='bbox 1367 2740 1477 2775; x_wconf 73' lang='lat' dir='ltr'>triplex</span> <span class='ocrx_word' id='word_1_393' title='bbox 1511 2740 1555 2767; x_wconf 92' lang='lat' dir='ltr'>iu-</span> 
     </span>
     <span class='ocr_line' id='line_1_45' title="bbox 237 2774 1552 2810; baseline 0 -9"><span class='ocrx_word' id='word_1_394' title='bbox 237 2775 426 2810; x_wconf 77' lang='lat' dir='ltr'>culpandum</span> <span class='ocrx_word' id='word_1_395' title='bbox 448 2779 475 2801; x_wconf 82' lang='lat' dir='ltr'>et</span> <span class='ocrx_word' id='word_1_396' title='bbox 496 2774 731 2810; x_wconf 79' lang='lat' dir='ltr'>increpandum.</span> <span class='ocrx_word' id='word_1_397' title='bbox 806 2774 853 2802; x_wconf 79' lang='lat'>26.</span> <span class='ocrx_word' id='word_1_398' title='bbox 876 2783 920 2810; x_wconf 77' lang='lat'>27.</span> <span class='ocrx_word' id='word_1_399' title='bbox 943 2776 986 2802; x_wconf 72' lang='lat' dir='ltr'>A:</span> <span class='ocrx_word' id='word_1_400' title='bbox 1009 2775 1038 2802; x_wconf 92' lang='lat' dir='ltr'>iu</span> <span class='ocrx_word' id='word_1_401' title='bbox 1061 2775 1147 2801; x_wconf 74' lang='lat' dir='ltr'>vanis</span> <span class='ocrx_word' id='word_1_402' title='bbox 1171 2780 1251 2809; x_wconf 66' lang='lat' dir='ltr'>patet</span> <span class='ocrx_word' id='word_1_403' title='bbox 1271 2775 1365 2810; x_wconf 79' lang='lat' dir='ltr'>quod.</span> <span class='ocrx_word' id='word_1_404' title='bbox 1440 2783 1486 2806; x_wconf 63' lang='lat'>20-</span> <span class='ocrx_word' id='word_1_405' title='bbox 1510 2776 1552 2803; x_wconf 65' lang='lat' dir='ltr'>A:</span> 
     </span>
     <span class='ocr_line' id='line_1_46' title="bbox 237 2809 457 2845; baseline -0.005 -8"><span class='ocrx_word' id='word_1_406' title='bbox 237 2809 457 2845; x_wconf 81' lang='lat' dir='ltr'>irregularitas.</span> 
     </span>
    </p>
   </div>
   <div class='ocr_carea' id='block_1_6' title="bbox 311 2904 1104 2948">
    <p class='ocr_par' dir='ltr' id='par_1_6' title="bbox 311 2904 1104 2948">
     <span class='ocr_line' id='line_1_47' title="bbox 311 2904 1104 2948; baseline 0 -12"><span class='ocrx_word' id='word_1_407' title='bbox 311 2916 360 2945; x_wconf 74' lang='lat'>14.</span> <span class='ocrx_word' id='word_1_408' title='bbox 388 2905 451 2937; x_wconf 83' lang='lat' dir='ltr'>Hic</span> <span class='ocrx_word' id='word_1_409' title='bbox 479 2905 577 2936; x_wconf 85' lang='lat' dir='ltr'>locus</span> <span class='ocrx_word' id='word_1_410' title='bbox 604 2904 826 2948; x_wconf 85' lang='lat' dir='ltr'>apocryphus</span> <span class='ocrx_word' id='word_1_411' title='bbox 853 2915 930 2936; x_wconf 87' lang='lat' dir='ltr'>esse</span> <span class='ocrx_word' id='word_1_412' title='bbox 956 2905 1104 2937; x_wconf 80' lang='lat' dir='ltr'>videtur.</span> 
     </span>
    </p>
   </div>
  </div>
 </body>
</html>
