2017 3353
207 268 340 296 SERMO
364 255 470 311 LVII-l
706 266 847 297 PRIMA
875 265 1002 296 PARS.

207 387 412 425 tamquam
446 374 649 424 superflua
683 381 719 410 et
752 370 878 408 fidelis
911 370 950 407 in
983 369 1100 407 certis
1133 368 1322 417 operibus
1355 381 1521 417 evange—

207 435 292 472 licis
325 443 557 483 occupetur.

264 495 312 529 Et
346 493 450 529 istud
490 500 547 528 est
587 488 705 526 hodie
744 500 789 525 eo
829 485 1064 534 diligencius
1108 484 1402 521 observandum
1443 497 1522 532 quo

209 551 528 599 multiplicantur
560 545 795 585 Antichristi
819 543 1006 592 discipuli
1029 543 1113 579 sine
1137 541 1377 579 auctoritate
1400 541 1523 589 scrip-

174 612 307 654 5ture,
341 609 402 645 vel
435 621 477 645 ex
510 607 592 644 eius
625 603 961 653 sophisticacione
993 600 1236 638 seminantes
1271 600 1416 636 multas
1439 612 1525 636 sen-

177 667 357 704 ·tencias
401 677 633 710 venenosas,
679 671 721 698 ut
761 670 870 710 patet
918 673 961 697 ex
1012 658 1277 696 decretalibus
1328 671 1524 706 paparum

209 735 245 762 et
270 724 425 761 ficticiis
448 724 641 760 falsorum
666 721 848 765 fratrum,
883 719 949 768 qui
974 718 1093 755 hodie
1122 725 1291 754 onerant
1316 715 1525 752 ecclesiam

209 793 245 820 et
268 781 534 831 sophisticant
557 780 777 817 secundum
817 785 1046 814 commenta
1079 775 1240 823 dyaboli
1264 783 1397 823 partes
1421 787 1525 810 suas.

208 844 257 877 Et
288 840 343 877 sic
377 839 503 877 fidelis
536 851 617 875 non
650 837 780 874 solum
805 835 974 872 attendit
998 833 1233 874 sentencias,
1268 841 1310 869 ut
1334 831 1373 868 in
1397 832 1528 880 prima

1730 252 1806 298 377

1554 491 1641 519 Faise
1663 490 1800 524 leacliing

1539 527 1567 554 in
1586 526 1734 553 decretals
1754 529 1810 552 etc.

156 899 373 936 ioveritate
419 898 611 942 relucent,
657 896 725 931 sed
768 903 810 930 ut
855 893 1165 942 promulgantur
1204 892 1252 927 ab
1295 890 1541 932 auctoribus,

209 956 380 1005 duplicis
413 954 656 1000 testamenti,
703 952 847 1002 quibus
882 964 926 988 ex
959 951 1035 988 fide
1070 951 1260 987 debemus
1295 949 1457 985 credere
1492 956 1528 985 et

209 1024 251 1052 ut
284 1014 576 1051 necessariores
615 1020 706 1049 sunt
739 1012 789 1047 ad
828 1009 1081 1057 dirigendum
1126 1007 1167 1044 in
1198 1007 1261 1044 via
1295 1006 1458 1043 Domini
1492 1015 1528 1042 et

211 1072 499 1110 beatitudinem
534 1070 840 1119 capescendum,
874 1068 929 1105 sic
962 1076 999 1104 et
1031 1067 1253 1115 fragmenta
1286 1074 1376 1101 sunt
1399 1077 1421 1101 a
1445 1067 1527 1101 Deo

212 1131 451 1179 colligenda.

159 1191 195 1224 15
269 1188 413 1226 Tercio
447 1186 652 1224 dubitatur
685 1184 716 1222 si
750 1185 1006 1222 sacerdotum
1040 1183 1089 1220 sit
1121 1194 1267 1231 panem
1301 1180 1527 1229 predictum

212 1248 394 1295 frangere
427 1255 464 1283 et
496 1245 628 1294 ipsum
671 1256 761 1280 cum
800 1241 1033 1291 fragmentis
1078 1241 1231 1289 populo
1276 1238 1526 1275 distribuere.

213 1307 261 1342 Et
309 1314 462 1342 certum
503 1311 560 1340 est
592 1303 701 1352 quod
745 1301 814 1347 sic,
865 1313 956 1337 cum
1002 1300 1107 1335 istud
1152 1298 1330 1335 officium
1377 1296 1529 1333 excedit

213 1362 531 1401 celebracionem
585 1369 622 1397 et
669 1372 789 1397 omne
834 1359 941 1395 aliud
994 1357 1216 1394 misterium
1274 1354 1529 1392 sacramenti.

213 1423 290 1459 Sed
324 1422 400 1458 heu
433 1419 552 1457 hodie
586 1431 656 1467 per
695 1416 931 1454 Antichristi
972 1415 1190 1464 discipulos
1230 1413 1297 1462 qui
1336 1421 1531 1450 vocantur

154 1492 195 1516 20
212 1479 356 1529 prelati
379 1478 542 1516 ecclesie
566 1485 720 1513 artatur
744 1484 781 1512 et
804 1473 1061 1512 confunditur
1084 1473 1189 1509 istud
1213 1471 1404 1517 officium,
1440 1483 1530 1507 cum

212 1551 283 1587 per
314 1537 422 1586 ipsos
455 1545 492 1573 et
523 1536 643 1573 falsos
667 1534 807 1571 fratres
830 1533 1082 1570 introductos
1105 1529 1341 1579 predicandi
1364 1528 1532 1566 licencia

212 1596 262 1633 sit
293 1594 456 1632 venalis.
490 1595 568 1631 Sed
601 1593 783 1629 mittente
816 1592 971 1640 prelato
1011 1601 1252 1639 quocunque
1284 1587 1437 1624 litteras
1471 1599 1532 1623 ex-

215 1652 541 1691 communicandi
574 1651 773 1688 subiectos
805 1650 866 1686 vel
900 1649 1168 1698 quodcunque
1209 1646 1360 1683 dictum
1395 1644 1533 1682 altrin-

216 1724 329 1749 secus
382 1712 537 1748 lucrum
593 1708 751 1757 sapiens
796 1707 836 1743 in
879 1707 1000 1744 verba
1044 1705 1113 1742 illa
1157 1717 1251 1753 sepe
1298 1703 1533 1740 festinanter

158 1774 197 1807 25
214 1769 505 1819 prorumpitur,
565 1776 608 1804 ut
662 1766 753 1803 licet
811 1763 1159 1802 excommunicare
1221 1762 1427 1799 hominem
1485 1761 1534 1797 sit

215 1828 464 1877 periculosus
497 1835 608 1863 actus
650 1834 769 1873 atque
814 1823 1025 1871 ambiguus
1064 1822 1165 1858 inter
1205 1833 1358 1866 omnes,
1398 1830 1534 1856 tamen

216 1886 397 1922 mittente
428 1885 566 1933 ydiota
599 1885 764 1928 decano,
798 1881 973 1927 officiali,
1008 1879 1294 1917 archidiacono
1333 1878 1413 1915 sive
1453 1877 1535 1926 epi-

126 1971 199 2004 Fol·
215 1957 339 1993 scopo
382 1952 424 1980 ut
457 1942 547 1980 talis
592 1940 961 1979 excommunicetur
993 1939 1228 1975 mandatum
1268 1944 1535 1985 properanter

124 2015 200 2058 184¹⁰
217 2002 443 2051 completur
488 2010 525 2037 et
569 2013 716 2048 negans
756 1992 1146 2050 quantumcunque}
1176 1994 1422 2032 racionabile
1474 2006 1534 2030 ex-

159 2064 202 2097 30
217 2059 552 2105 communicatur,
586 2057 842 2107 suspenditur
873 2057 934 2093 vel
966 2055 1081 2092 aliter
1120 2053 1334 2099 cruciatur,
1375 2061 1412 2089 et
1444 2065 1534 2089 cum

218 2128 371 2156 certum
404 2117 452 2154 sit
486 2118 594 2166 quod
627 2116 701 2153 ista
740 2115 789 2152 sit
828 2115 938 2151 scola
975 2112 1135 2162 dyaboli
1175 2111 1288 2161 peior
1326 2110 1534 2159 phariseis,

218 2177 285 2226 qui
318 2177 451 2213 colant
484 2175 665 2216 culicem,
700 2185 838 2211 omnes
871 2173 1099 2209 sacerdotes
1129 2171 1265 2207 fideles
1288 2170 1432 2206 debent
1455 2181 1536 2205 non

219 2234 471 2272 obstantibus
505 2233 624 2270 cartis
658 2232 733 2269 hiis
766 2231 916 2268 frivolis
950 2232 998 2267 ab
1031 2229 1107 2266 illis
1147 2226 1536 2265 excommunicacio-

218 2293 334 2330 nibus
369 2291 580 2329 abstinere.
615 2292 664 2327 Et
696 2302 766 2339 per
799 2289 904 2326 idem
945 2301 1026 2325 non
1065 2289 1182 2324 debet
1222 2285 1296 2323 sibi
1335 2284 1537 2333 incognite

163 2356 202 2390 35
221 2349 588 2388 excommunicatos
621 2348 878 2395 denunciare,
913 2359 1003 2384 cum
1038 2359 1111 2394 pro
1145 2354 1230 2382 toto
1271 2345 1422 2380 mundo
1462 2343 1537 2379 sal-

220 2410 350 2446 vando
390 2421 471 2445 non
509 2407 558 2444 sit
599 2406 852 2444 mendacium
899 2405 1138 2450 faciendum,
1185 2412 1227 2439 ut
1265 2402 1321 2439 sic
1366 2401 1537 2438 finaliter

221 2466 441 2516 gradiendo
475 2478 565 2503 cum
600 2464 759 2502 Christo
792 2464 856 2514 qui
885 2471 940 2501 est
972 2464 1045 2510 via,
1079 2462 1221 2499 veritas
1253 2468 1288 2497 et
1320 2461 1396 2497 vita
1431 2456 1535 2513 (Joh.

220 2526 341 2573 XIV0‚
375 2522 417 2571 6)
451 2523 705 2574 perveniatur
737 2524 787 2559 ad
819 2534 986 2571 regnum
1019 2519 1321 2569 sempiternum.

292 2703 324 2721 11.
346 2694 390 2721 A:
419 2692 543 2720 secundi
571 2691 762 2722 testamenti:
792 2692 831 2719 ib.
853 2690 918 2718 BC:
950 2695 977 2718 et
997 2690 1090 2718 deest.
1201 2696 1237 2715 12.
1260 2687 1298 2714 B:
1330 2686 1537 2717 necessarios:

221 2730 260 2757 ib.
279 2729 318 2756 C:
342 2728 410 2755 sint.
486 2735 523 2761 12,
541 2726 577 2754 13.
597 2726 660 2754 1-sz
684 2728 720 2754 ad
743 2726 972 2754 beatitudinem.
1048 2724 1084 2752 13.
1100 2725 1143 2751 A:
1167 2723 1210 2750 sic
1231 2722 1323 2749 deest.
1399 2721 1435 2749 15.
1458 2722 1487 2748 A
1507 2721 1536 2747 in

222 2772 334 2798 marg:
357 2762 492 2790 Dubium
513 2762 651 2789 tercium.
744 2770 781 2796 17.
805 2762 832 2788 A
853 2761 882 2788 in
905 2769 1017 2795 marg:
1040 2758 1222 2793 Responsio.
1317 2764 1357 2791 ¹9·
1380 2757 1423 2783 A:
1447 2755 1537 2782 hodie

221 2799 314 2826 deest.
399 2797 445 2824 26.
467 2798 496 2825 A
515 2797 545 2824 in
567 2805 679 2832 marg:
702 2795 792 2823 Nota.
878 2796 922 2822 28.
946 2795 984 2822 C:
1008 2797 1175 2829 sperantcr.
1261 2799 1308 2826 29.
1332 2792 1375 2818 A:
1399 2790 1537 2818 raciona-

220 2833 335 2863 biliter:
357 2833 396 2859 C:
420 2831 647 2859 racionabilern.
750 2838 797 2866 29.
819 2829 863 2857 30,
887 2830 926 2857 C:
949 2835 975 2856 et
996 2827 1308 2861 excommunicatur„
1397 2824 1440 2853 32.
1466 2824 1530 2852 BC:

218 2868 321 2895 omnis
342 2866 486 2894 sacerdos
505 2866 601 2894 fidelis
622 2865 719 2893 debet.
792 2864 836 2900 37,
858 2864 902 2892 35.
925 2866 967 2892 A:
989 2862 1137 2890 Johannis
1158 2861 1210 2889 IV.
1283 2859 1327 2887 33.
1350 2861 1393 2887 A:
1417 2859 1533 2895 sempi-

217 2907 338 2930 ternum
359 2903 475 2936 Amen3
504 2901 544 2929 ib.
566 2902 609 2928 A:
632 2900 763 2936 Explicit
784 2908 855 2936 pars
877 2899 985 2935 prima.
1007 2897 1119 2933 Incipit
1141 2904 1212 2933 pars
1234 2895 1378 2923 secunda.

1562 1186 1585 1213 11
1606 1186 1632 1213 is
1653 1186 1702 1212 tlic
1724 1185 1797 1220 duty

1544 1221 1578 1248 of
1596 1221 1631 1247 all
1655 1220 1766 1255 priests
1787 1224 1817 1246 to

1625 1255 1746 1290 preach.

1575 1534 1698 1561 Abuscs
1719 1542 1752 1559 as
1773 1536 1803 1559 to

1605 1578 1621 1603 p
1627 1567 1769 1602 reaching

1618 1603 1755 1630 lic-enses.
