2017 3353
197 627 212 658 5

237 282 374 311 sfflmo
395 273 494 330 xm]
754 288 895 320 PRIMA
918 289 1041 324 PARS.

290 391 536 428 Conceditur
574 401 710 429 tamen
756 394 865 441 quod
911 393 1004 432 licet
1047 395 1296 434 secularibus
1343 398 1546 436 eradicare

230 449 454 486 zizanniam
504 450 698 487 consultis
737 452 953 500 theologiS‚
999 453 1075 490 hoc
1121 462 1256 491 tamen
1301 457 1418 492 debet
1461 456 1546 494 fieri

231 507 509 544 moderamine
533 508 632 556 legis
657 508 742 547 Dei.
778 511 879 546 Nam
905 511 1025 558 pauci
1049 511 1108 548 vel
1132 513 1232 549 nulli
1256 513 1386 550 sciunt
1409 523 1543 551 utrum

231 565 320 613 plus
364 567 572 613 prodesset
619 567 785 603 ecclesie
830 569 941 616 quod
986 570 1086 606 tales
1133 580 1366 618 peccatores
1415 572 1547 610 forent

231 623 467 672 superstites
512 636 634 672 quam
683 626 791 673 quod
837 627 1105 674 corporaliter
1150 629 1401 670 occidantur.
1451 632 1543 668 Ideo

231 693 322 717 cum
356 680 408 718 sit
442 682 679 719 mandatum
714 683 786 720 Dei
827 692 865 720 et
897 685 1114 722 consilium
1150 687 1299 725 Christi
1332 701 1411 725 non
1455 688 1546 726 illos

230 738 428 785 occidere,
469 749 579 788 patet
623 741 733 789 quod
777 742 880 779 foret
926 752 1162 792 presumpta
1207 745 1280 782 Dei
1325 747 1544 796 temptacio

229 806 267 833 et
299 797 457 834 consilii
491 797 640 835 Christi
675 799 838 837 reliccio
872 800 978 849 leges
1011 815 1134 839 novas
1167 811 1345 841 statuere
1369 814 1406 842 et
1431 805 1542 853 ipsos

229 867 272 891 ex
306 854 568 893 institucione
600 857 777 895 humana
810 858 1007 898 occidere.
1042 862 1128 897 Hoc
1161 861 1266 898 enim
1299 862 1400 899 foret
1433 876 1544 912 rega-

174 912 323 949 toliam
358 915 442 950 Deo
488 915 696 962 propriam
744 929 953 965 usurpare,
999 927 1036 955 et
1079 919 1137 956 sic
1181 932 1203 956 a
1242 929 1425 969 tempore
1464 934 1544 971 quo

173 1203 208 1235 15

228 971 303 1007 fuit
341 971 521 1009 seculare
561 973 786 1011 dominium
827 988 848 1012 a
887 976 1165 1014 sacerdotibus
1211 978 1382 1016 cesareis
1427 992 1544 1016 usur-

228 1037 366 1077 patum
407 1029 575 1068 invaluit
615 1030 656 1067 in
689 1033 796 1069 clero
829 1033 1116 1081 homicidium,
1155 1035 1250 1084 quia
1289 1036 1389 1073 illud
1430 1050 1543 1074 mon-

227 1096 431 1124 struosum
455 1088 698 1137 dominium,
723 1103 814 1128 cum
839 1100 968 1128 cessat
990 1092 1031 1129 in
1053 1092 1219 1141 prelatis
1235 1095 1541 1144 evangelizacio‚

226 1155 390 1193 oportet
424 1158 496 1194 per
527 1147 798 1186 homicidium
832 1150 1080 1187 diabolicum
1115 1152 1316 1189 roborari.
1351 1154 1444 1191 Ideo
1482 1155 1542 1202 (ut

226 1203 395 1252 fingunt)
431 1217 512 1241 non
545 1214 668 1243 restat
700 1207 924 1244 remedium
959 1211 1167 1258 quomodo
1200 1209 1390 1248 inimicos
1413 1212 1542 1249 crucis

227 1261 375 1299 Christi
410 1262 589 1301 delerent
621 1264 699 1301 nisi
733 1265 844 1313 ipsos
880 1267 1150 1315 corporaliter
1172 1269 1411 1306 occidendo.
1440 1272 1542 1307 Sunt

227 1319 332 1356 enim
372 1322 420 1357 ab
460 1322 807 1370 evangelizacione
847 1334 884 1361 et
915 1325 1107 1362 oracione
1140 1325 1267 1363 vivaci
1301 1327 1542 1376 simpliciter

227 1377 360 1427 alieni,
397 1388 433 1415 et
467 1379 526 1416 sic
559 1381 606 1416 de
636 1393 705 1418 ore
731 1382 900 1430 proprio
934 1382 1140 1421 iudicandi
1173 1393 1265 1421 sunt
1298 1395 1429 1422 morte
1453 1399 1541 1434 per-

226 1445 349 1483 petua
383 1438 722 1486 condempnandi.
756 1441 827 1477 Vel
852 1440 1043 1478 inimicus
1067 1442 1190 1480 homo
1215 1451 1347 1491 potest
1371 1443 1540 1493 intelligi

170 1504 211 1525 20
225 1494 501 1532 Antichristus
525 1496 592 1545 qui
617 1509 706 1533 cum
739 1498 821 1534 suis
853 1498 1065 1547 discipulis
1096 1513 1216 1549 supra
1239 1501 1365 1550 legem
1394 1503 1541 1540 Christi

108 1785 183 1817 Fol.

109 1833 185 1864 152a

165 2087 207 2119 30

165 2377 205 2410 35

225 1553 520 1600 superseminat
562 1554 787 1592 zizanniam
834 1557 1049 1605 multiplici
1083 1559 1286 1596 discordia
1325 1559 1539 1608 irretitam,

226 1621 261 1646 et
303 1610 391 1648 illas
437 1612 684 1650 tradiciones
731 1615 941 1653 hominum
984 1625 1145 1664 oportet
1182 1630 1309 1666 usque
1347 1620 1396 1655 ad
1433 1619 1539 1655 diem

225 1668 363 1705 iudicii
398 1683 603 1707 remanere
636 1681 673 1708 et
697 1682 790 1709 tunc
814 1673 1042 1711 inventores
1066 1675 1186 1712 huius
1210 1676 1308 1724 legis
1336 1676 1541 1714 zizannice

224 1737 316 1764 sunt
352 1737 547 1776 perpetuo
581 1731 860 1768 comburendi.

282 1786 359 1821 Sed
394 1786 612 1824 mussitant
645 1789 809 1836 quidam
843 1791 1054 1838 quomodo
1090 1791 1198 1828 racio
1227 1791 1231 1842 1
1261 1801 1305 1828 ut
1326 1792 1386 1828 vir
1409 1802 1542 1840 potest

222 1844 477 1881 sensualitati
519 1854 562 1882 ut
601 1846 749 1882 femine
787 1848 1026 1888 consentire.
1083 1850 1157 1886 Hic
1198 1860 1333 1886 tamen
1379 1860 1539 1898 oportet

224 1901 470 1950 distinguere
504 1903 610 1940 inter
642 1915 791 1951 actum,
835 1906 1019 1943 habitum
1067 1917 1104 1944 et
1150 1908 1395 1945 subiectum:
1437 1910 1538 1945 Sub-

224 1959 370 1997 iectum
407 1970 541 1997 autem
578 1962 752 2000 racionis
788 1972 846 2000 est
875 1964 1100 2002 intellectus
1125 1978 1244 2014 agens
1270 1966 1330 2003 vel
1355 1967 1538 2004 essencia

223 2017 369 2064 anime,
411 2029 525 2056 actus
564 2029 698 2057 autem
740 2030 799 2057 est
833 2022 1101 2060 raciocinacio
1137 2033 1174 2061 et
1207 2024 1368 2062 habitus
1403 2025 1539 2074 dispo—

222 2075 321 2112 sicio
375 2078 425 2113 ad
478 2087 612 2115 actum
666 2078 901 2116 huiusmodi
956 2080 1173 2119 inductiva.
1239 2083 1340 2119 Cum
1401 2094 1537 2121 autem

223 2135 455 2172 substancia
508 2136 642 2173 anime
694 2137 745 2174 sit
798 2138 1016 2186 peccabilis
1076 2150 1120 2177 ut
1174 2140 1304 2177 malus
1357 2142 1536 2190 angelus,

223 2192 383 2229 habitus
428 2195 557 2231 bonus
602 2203 732 2243 potest
782 2196 823 2232 in
868 2210 914 2234 ea
957 2197 1084 2245 sopiri
1128 2207 1165 2235 et
1209 2208 1321 2236 actus
1368 2199 1538 2237 racionis

222 2250 461 2298 simpliciter
492 2261 625 2300 potest
658 2253 758 2291 tolli.
793 2257 841 2291 Et
874 2254 931 2292 ita
963 2255 1201 2293 sensualitas
1236 2257 1440 2294 racionem
1476 2271 1537 2295 ex-

223 2318 399 2357 superat,
434 2312 599 2358 quando
644 2312 704 2347 vel
750 2321 884 2349 actum
918 2313 977 2350 vel
1010 2314 1193 2351 habitum
1234 2315 1290 2352 sic
1324 2316 1537 2365 extinguit3

222 2379 303 2403 non
335 2367 391 2404 sic
424 2370 535 2416 quod
575 2380 737 2407 maneat
770 2381 884 2408 actus
919 2371 1095 2409 racionis
1128 2385 1217 2409 cum
1261 2373 1537 2412 delectacione

221 2435 259 2461 et
305 2434 396 2461 actu
441 2439 594 2473 sensus,
646 2429 715 2464 sed
760 2441 850 2466 cum
897 2428 937 2465 in
982 2431 1124 2467 eodem
1169 2431 1353 2469 subiecto
1399 2445 1536 2470 sensus

221 2492 258 2520 et
302 2483 411 2520 racio
453 2484 735 2523 subiectantur
781 2487 913 2535 ipsum
959 2487 1184 2526 subiectum
1228 2502 1271 2527 ex
1319 2490 1536 2539 fragilitate

290 2615 311 2634 1.
328 2606 366 2633 3:
387 2606 609 2643 Contenditur3
630 2609 660 2636 in
681 2617 796 2645 marg:
817 2611 1011 2639 conceditur.
1067 2620 1092 2640 2.
1107 2612 1152 2640 A:
1175 2612 1242 2641 fieri
1263 2613 1357 2641 deest.
1417 2623 1445 2649 4.
1468 2613 1534 2642 BC:

223 2643 361 2676 prodest.
415 2642 441 2671 5.
462 2644 508 2672 A:
528 2644 715 2678 superstitos
734 2652 827 2680 quam
848 2647 1064 2681 corporaliter.
1120 2647 1150 2675 6.
1172 2649 1220 2675 A:
1243 2649 1445 2676 manifestum
1466 2649 1533 2676 Dei.

221 2684 262 2704 10.
284 2678 323 2704 ss:
346 2677 412 2705 Dei.
504 2686 537 2706 11.
559 2681 605 2706 A:
627 2678 759 2707 Cesaris.
851 2688 888 2713 12,
909 2679 948 2708 13.
969 2683 1015 2708 A:
1037 2687 1159 2717 oportet
1180 2684 1263 2710 idern
1285 2688 1532 2711 monstruosum.

221 2720 263 2745 14.
284 2714 328 2739 A:
350 2713 434 2748 quod
455 2713 671 2741 homicidium.
797 2715 840 2742 16.
860 2716 907 2743 A:
929 2716 1085 2744 deberent.
1195 2717 1235 2745 18.
1257 2717 1324 2746 BC:
1345 2718 1533 2746 vindicandi.

220 2754 266 2774 20.
283 2746 304 2773 B
320 2748 351 2774 in
366 2755 480 2783 marg-z
501 2747 650 2776 Inimicus
666 2749 759 2776 homo
774 2749 845 2785 quis
859 2755 920 2784 est;
941 2752 983 2778 ib.
999 2751 1037 2778 ss:
1059 2760 1152 2787 super
1165 2753 1282 2787 legem3
1302 2752 1344 2780 C:
1366 2753 1409 2780 sic
1423 2754 1533 2787 legem.

221 2790 259 2809 21.
280 2783 324 2808 A:
348 2783 619 2817 supraseminant;
641 2783 682 2812 C:
704 2787 975 2819 supraseminavit.
1048 2786 1090 2814 23.
1113 2786 1180 2815 BC:
1201 2787 1350 2816 zizannie.
1424 2788 1465 2816 25.
1486 2789 1533 2815 A:

220 2816 372 2850 misitant;
394 2816 436 2845 ib.
458 2817 481 2845 B
502 2818 531 2845 in
553 2826 669 2853 marg.:
690 2818 838 2847 Dubium.
971 2828 1004 2855 ²7
1035 2820 1080 2849 28.
1103 2822 1124 2848 Β
1150 2822 1180 2849 in
1203 2830 1318 2857 marg:
1341 2822 1533 2856 Subiectum,

220 2856 307 2879 actus
327 2856 356 2879 et
376 2852 499 2880 habitus
518 2854 653 2881 racionis
673 2854 747 2889 quid
767 2859 823 2882 est.
871 2853 914 2889 32,
934 2853 976 2884 33.
999 2841 1038 2884 kz
1059 2857 1145 2884 racio
1165 2857 1356 2893 simpliciter.
1396 2856 1442 2890 34.
1463 2857 1532 2886 BC:

220 2887 346 2922 quando
378 2887 423 2914 vel
457 2887 617 2921 habitum:
659 2889 702 2915 A:
735 2889 860 2924 quando
899 2890 1003 2925 deest3
1041 2890 1084 2918 ib.
1122 2891 1144 2918 B
1172 2891 1202 2919 in
1244 2899 1359 2928 marg:
1398 2891 1533 2927 Quando

222 2921 407 2949 sensualitas
428 2927 592 2958 exsuperat
613 2924 784 2951 racionem.

1375 2987 1394 3020 7

1783 299 1833 333 97

1579 409 1724 438 Seculars
1745 418 1816 447 may

1627 450 1696 473 root
1715 450 1769 473 out

1603 480 1724 517 hcresy,
1747 482 1801 509 but

1606 520 1692 543 must
1710 517 1788 552 keep

1583 549 1690 578 within
1712 551 1810 579 God’s

1659 585 1728 614 law.

1594 934 1792 963 Persecution

1584 969 1636 996 the
1656 971 1755 997 result
1775 969 1810 997 of

1569 1004 1770 1032 worldliness
1791 1005 1820 1032 in

1634 1038 1756 1075 priests.

1580 1808 1605 1836 It
1625 1809 1651 1836 is
1672 1809 1811 1837 doubted

1592 1845 1662 1871 how
1683 1853 1794 1874 reason

1586 1887 1642 1906 can
1664 1886 1795 1908 consent

1579 1919 1609 1941 to
1631 1916 1810 1952 sensuality.

1578 2274 1698 2304 Reason
1721 2278 1796 2305 does

1555 2316 1607 2338 not
1627 2317 1759 2339 consent
1775 2313 1829 2340 but

1560 2347 1586 2374 is
1607 2346 1708 2375 thrust
1729 2348 1826 2375 aside-
