2017 3353
246 269 383 297 smnio
405 258 515 315 xxa]
759 269 898 301 PRIMA
926 268 1049 300 PARS.
1777 274 1850 308 149

245 378 413 427 gloriam
440 377 509 414 Dei
544 377 794 421 intendebam
828 377 935 424 quod
959 388 1166 424 nunquam
1191 374 1320 411 evenit
1346 376 1393 412 de
1418 388 1563 423 magno
1579 384 1681 413 ‹jin-m
1715 386 1765 424 did
1801 391 1851 412 1101

246 438 421 473 illusore.
462 435 538 484 Ipsi
571 443 713 483 autem>
739 442 903 471 econtra
943 442 1055 470 erant
1094 432 1334 478 demoniaci,
1375 446 1422 470 eo
1455 435 1562 481 quod
1579 421 1852 487 glssfiffxl<ljssl¹fflssgg¹v¹sl

247 495 450 532 Christum
497 492 834 530 irracionabiliter
873 492 1212 529 inhonoraverant
1251 500 1287 527 et
1326 491 1382 528 sic
1421 493 1562 528 Deum.
1647 487 1652 491 ⁵

247 553 486 601 Quicunque
520 551 623 588 enim
655 550 872 587 inhonorat
896 549 1232 586 irracionabiliter
1256 548 1565 603 aliqtiani*-cgea-

213 612 378 648 §turam
420 619 477 647 est
517 608 778 646 demoniacus
818 617 853 645 et
887 608 942 645 sic
975 609 1194 645 secundum
1229 608 1380 644 scolam
1416 607 1564 644 diaboli

247 672 331 706 Deo
365 668 603 706 contrarius.
637 669 718 703 Nec
752 675 919 715 possunt
950 666 1063 703 Judei
1098 666 1230 703 dicere
1253 667 1360 715 quod
1385 665 1566 702 Christus

247 735 412 776 propter
434 739 578 763 vanam
603 725 772 773 gloriam
798 725 889 761 fecit
915 724 1109 761 miracula
1134 733 1201 760 aut
1225 725 1334 773 quod
1357 723 1396 760 in
1420 724 1566 760 talibus

250 785 323 822 fuit
355 784 524 833 gloriam
565 797 678 820 suam
714 784 961 820 mundanam
995 784 1310 831 preponderans,
1354 782 1445 831 quia
1481 795 1567 819 exa-

252 843 404 880 minent
450 842 587 879 omnia
631 854 753 890 opera
793 841 940 878 Christi
980 850 1016 877 et
1056 840 1233 878 iudicent
1271 840 1302 877 si
1343 842 1567 877 redundent

194 912 233 934 10
248 901 321 938 sibi
354 902 403 938 ad
439 901 687 937 mundanam
720 899 904 948 gloriam,
940 908 977 936 et
1010 899 1163 947 patebit
1196 900 1283 935 luce
1317 898 1462 936 clarius
1486 911 1567 935 non

249 959 394 996 cecatis
439 971 482 995 ex
528 957 641 995 factis
681 957 827 995 Christi
874 957 1135 995 contrarium.
1190 958 1281 993 Ideo
1320 956 1568 1005 pertinenter

248 1018 344 1054 dicit
384 1016 564 1054 Christus
603 1015 854 1053 humanitus:
899 1016 1003 1067 Ege),
1048 1015 1190 1063 inquit,
1229 1015 1401 1066 gloriam
1442 1027 1564 1051 meam

248 1089 320 1112 non
353 1088 485 1125 quero,
517 1083 573 1111 est
604 1075 668 1123 qui
688 1082 823 1124 querat
847 1082 881 1111 et
904 1074 1054 1110 iudicet.
1079 1074 1222 1110 Modus
1246 1073 1351 1110 enim
1376 1073 1567 1122 loquendi

251 1134 448 1182 scripture
481 1142 538 1169 est
571 1134 618 1169 de
652 1133 727 1169 illis
767 1145 843 1181 que
881 1141 1103 1181 sequuntur
1141 1144 1212 1180 per
1250 1131 1450 1177 accidens,
1490 1145 1566 1180 que

195 1192 329 1229 151ion
363 1191 641 1240 principaliter
674 1199 866 1227 curantur
899 1204 920 1227 a
953 1190 1071 1227 rectis
1104 1190 1211 1238 ipsos
1244 1202 1325 1226 non
1349 1189 1416 1226 illa
1440 1190 1568 1227 inten-

249 1253 355 1296 dere,
396 1258 438 1286 ut
477 1258 699 1295 creaturas:
740 1249 841 1285 sicut
880 1257 1062 1297 tempora
1103 1257 1140 1285 et
1179 1249 1355 1284 humana
1396 1261 1568 1297 corpora

248 1322 330 1345 non
375 1308 562 1345 dicuntur
602 1307 738 1344 fideles
783 1306 946 1355 diligere
991 1308 1060 1343 sed
1097 1307 1229 1353 odire;
1269 1315 1306 1343 et
1346 1306 1409 1342 isti
1443 1307 1565 1343 modo

248 1366 438 1416 loquendi
472 1366 652 1403 Christus
684 1365 881 1411 innititur,
918 1367 1080 1414 quando
1113 1365 1228 1402 dicit:
1273 1365 1363 1415 Ego
1393 1365 1565 1415 gloriam

249 1438 371 1462 meam
417 1438 489 1461 non
534 1437 665 1474 quero,
715 1431 770 1461 est
819 1424 884 1474 qui
924 1432 1060 1473 querat
1103 1431 1139 1460 et
1181 1423 1330 1460 iudicet.
1385 1423 1566 1459 Christus

192 1494 234 1516 20
250 1484 354 1521 enim
388 1496 470 1520 non
502 1482 672 1519 intendit
704 1482 836 1531 primo
870 1491 906 1518 et
939 1482 1216 1530 principaliter
1249 1494 1361 1518 suam
1396 1481 1565 1530 gloriam

251 1541 482 1579 humanitus
515 1550 557 1577 ut
600 1540 750 1589 legiste‚
796 1543 864 1578 sed
909 1540 1035 1577 deitas
1079 1542 1186 1589 apud
1231 1553 1351 1589 quam
1390 1553 1471 1577 non
1511 1548 1568 1576 est

250 1601 340 1637 talis
384 1601 484 1636 ordo
529 1599 721 1648 querendi
766 1600 826 1636 vel
870 1600 1090 1635 secundum
1136 1608 1247 1635 actus
1295 1598 1482 1636 confusos
1531 1607 1567 1634 et

250 1658 459 1695 distinctos
493 1658 590 1694 fines
622 1658 777 1707 aliquos
810 1657 1062 1700 intendendi;
1096 1657 1181 1705 ipsa
1207 1657 1405 1705 (inquam)
1442 1656 1567 1693 deitas

251 1717 380 1766 querit
413 1716 582 1765 gloriam
618 1716 848 1753 humanitus
883 1715 1031 1752 Christi
1072 1724 1108 1752 et
1147 1715 1298 1752 iudicat
1338 1715 1567 1752 eternaliter

194 1777 233 1810 25
251 1776 456 1824 quomodo
490 1774 563 1811 sibi
605 1787 648 1810 ex
687 1774 822 1811 debito
861 1775 929 1811 sed
967 1786 1038 1822 per
1077 1774 1263 1810 accidens
1304 1774 1420 1810 debet
1460 1773 1565 1815 dari:

250 1835 355 1870 unde
388 1833 493 1869 idem
528 1832 683 1869 videtur
713 1832 865 1869 viantes
899 1832 1068 1880 gloriam
1104 1845 1216 1869 suam
1251 1831 1306 1867 sic
1340 1844 1506 1880 querere
1530 1840 1567 1867 et

250 1891 457 1928 sollicitari
491 1892 698 1940 quomodo
721 1892 865 1928 umbra
898 1891 1014 1927 debet
1047 1890 1157 1938 sequi
1182 1898 1408 1926 currentem
1432 1902 1568 1926 versus
1583 1896 1642 1924 We
1658 1897 1767 1924 should
1787 1897 1858 1924 1001<

250 1959 401 1987 astrum
448 1958 484 1986 et
528 1962 649 1997 supra
694 1962 831 1997 aquas,
876 1950 998 1995 lacus,
1039 1949 1128 1985 loca
1172 1949 1252 1985 alta
1295 1949 1355 1984 vel
1401 1932 1857 1993 humilia¹¹ffiffsscglf³c¹gffdfflta

250 2008 505 2045 transultare.
552 2007 663 2044 Sicut
708 2007 813 2044 enim
859 2008 1002 2044 umbra
1047 2006 1350 2044 accidentaliter
1387 2006 1568 2055 sequitur
1612 2001 1670 2028 ²¹¹¹d
1692 2001 1830 2029 sliadow.

193 2067 573 2109 30adumbrantem,
626 2066 682 2103 sic
731 2067 861 2102 honor
908 2065 1211 2102 accidentaliter
1261 2073 1298 2101 et
1345 2066 1565 2102 secundum

249 2126 376 2173 legem
416 2134 558 2161 nature
597 2124 750 2172 precise
784 2124 1044 2173 consequitur
1076 2125 1126 2160 ad
1159 2122 1364 2160 meritorie
1397 2135 1567 2171 operan-

249 2193 349 2229 tem3
394 2184 499 2219 unde
538 2183 632 2231 quia
671 2183 853 2220 Christus
895 2182 991 2219 dixit
1029 2181 1211 2230 superius
1251 2183 1360 2230 quod
1398 2194 1567 2230 sequens

249 2242 378 2290 ipsum
414 2242 532 2278 habet
565 2242 701 2278 lumen
732 2241 822 2287 vite,
857 2241 952 2290 quia
982 2240 1231 2289 impossibile
1254 2249 1311 2277 est
1333 2248 1566 2289 sequentem

319 2362 339 2380 1.
355 2354 399 2382 A:
421 2353 609 2382 intenderat:
630 2352 670 2380 ib.
693 2352 758 2380 BC:
781 2361 974 2387 nequaquam
997 2352 1125 2388 evenit„
1179 2360 1205 2379 2.
1228 2351 1295 2379 BC:
1317 2351 1399 2387 quia.
1495 2374 1500 2379 .
1522 2353 1566 2379 A:

248 2388 329 2415 enim
351 2389 444 2416 deest.
502 2387 527 2415 5.
549 2388 593 2415 A:
615 2388 680 2414 erit.
732 2396 758 2422 7.
780 2388 823 2415 A:
847 2387 1010 2414 mirabilia.
1062 2396 1090 2422 9.
1113 2386 1178 2414 BC:
1202 2387 1384 2414 redundant.
1436 2395 1477 2414 10.
1500 2386 1565 2414 BC:

249 2427 339 2457 patet.
463 2430 500 2449 12.
528 2423 557 2450 A
589 2423 618 2449 in
646 2431 760 2457 marg:
788 2421 856 2458 Ego
882 2422 1018 2457 gloriam
1044 2430 1140 2449 meam
1166 2429 1225 2449 non
1253 2429 1349 2457 quero
1368 2420 1426 2449 Jolz
1464 2421 1566 2449 Vlllo.

248 2458 434 2493 Redemptor
459 2462 563 2484 noster
589 2458 718 2492 gloriam
746 2457 904 2492 propriam
932 2465 991 2483 non
1019 2457 1151 2492 quesivit
1177 2456 1228 2483 sed
1251 2456 1349 2491 magis
1370 2457 1566 2491 contempsit.

248 2493 318 2527 quia
341 2501 401 2519 non
422 2492 535 2518 amavit
557 2492 800 2519 blandimentum
822 2500 898 2518 vane
919 2491 1156 2518 dominacionis.
1174 2492 1188 2517 (
1208 2491 1317 2518 uesivit
1331 2491 1480 2526 inopiam.
1496 2491 1567 2525 quia

249 2536 308 2554 non
340 2527 457 2562 optarit
486 2528 728 2554 emolumentum
759 2526 914 2553 mundane
941 2526 1160 2561 possessionis.
1205 2526 1309 2553 nvenit
1329 2526 1566 2555 contumaciam,

248 2562 319 2597 quia
340 2570 399 2589 non
423 2562 573 2588 recusavit
593 2566 781 2588 tormentum
802 2561 883 2588 illate
933 2561 1076 2587 assionis.
1105 2561 1208 2588 Palme
1234 2561 1263 2588 in
1291 2561 1434 2588 manibus
1461 2569 1564 2587 eorum

248 2598 359 2632 (Apoc.
371 2606 377 2623 :
390 2596 492 2624 Palme
505 2596 536 2623 in
550 2595 699 2630 manibus)
717 2600 785 2623 sunt
800 2604 899 2623 merce
924 2605 955 2622 es
971 2604 1027 2631 pro
1042 2595 1198 2631 operibus.
1214 2596 1319 2623 Palma
1333 2596 1570 2623 commendatur

248 2641 283 2659 ex
312 2636 444 2667 quatuor
473 2630 730 2666 proprietatibus:
761 2630 889 2661 honore,
921 2630 1040 2661 decore,
1067 2630 1163 2657 odore
1189 2635 1217 2657 et
1244 2639 1363 2665 sapore.
1386 2630 1430 2657 Ex
1451 2630 1567 2657 honore

248 2675 338 2702 quem
361 2666 481 2693 exhibet
502 2665 683 2699 viatoribus,
705 2665 735 2692 in
757 2673 817 2700 quo
839 2669 961 2692 notatur
981 2673 1052 2692 vera
1079 2665 1260 2700 penitencia,
1293 2674 1329 2692 ex
1359 2664 1468 2692 decore
1498 2664 1567 2699 quia

249 2701 400 2740 preminet
420 2701 615 2739 corporibus,
636 2699 667 2726 in
683 2708 744 2735 quo
765 2704 888 2726 notatur
908 2700 967 2726 vite
988 2699 1167 2729 eminencia.
1195 2709 1231 2726 ex
1251 2700 1346 2727 odore
1367 2699 1437 2735 quia
1454 2699 1569 2726 redolet

250 2744 278 2763 in
314 2736 452 2765 floribus,
480 2744 509 2762 in
537 2744 598 2771 quo
625 2738 748 2761 notatur
782 2734 863 2761 fame
890 2734 1055 2769 fragancia,
1089 2743 1124 2761 ex
1158 2743 1267 2770 sapore
1301 2743 1391 2769 quem
1419 2734 1509 2760 habet
1539 2734 1566 2760 in

250 2771 411 2804 fructibus,
438 2771 466 2797 in
495 2778 556 2805 quo
583 2774 705 2796 notatur
731 2777 859 2804 operum
883 2769 1108 2796 habundancia.
1253 2768 1291 2796 13.
1313 2770 1356 2797 A:
1379 2769 1428 2804 qui
1451 2773 1566 2803 queret.

249 2814 291 2839 14,
314 2805 351 2833 15.
372 2806 421 2833 A:
443 2805 514 2839 quia
535 2813 606 2832 non.
681 2804 718 2832 15.
740 2805 784 2830 A:
806 2804 892 2839 ipsos
912 2803 998 2839 ipsos
1017 2804 1068 2831 illa
1088 2803 1256 2831 intendere,
1337 2812 1379 2839 19.
1401 2804 1444 2830 A:
1466 2811 1565 2830 meum

248 2845 303 2866 etc.
389 2839 431 2867 23.
455 2839 493 2866 C:
522 2839 695 2873 intendere3
722 2839 760 2865 ss:
788 2838 921 2869 indenti;
949 2838 989 2866 ib.
1011 2840 1055 2866 A:
1084 2839 1210 2874 inquam
1232 2839 1333 2866 deest:
1361 2839 1415 2865 lac.
1445 2838 1473 2864 in
1495 2838 1564 2864 cod.

248 2882 294 2907 24.
311 2875 355 2902 A:
378 2874 572 2901 humanitati.
645 2882 690 2909 27.
710 2874 755 2901 A:
777 2873 934 2909 consequi.
1009 2873 1056 2900 28.
1078 2874 1123 2901 A:
1146 2877 1302 2900 austrum:
1330 2873 1370 2900 ib.
1393 2873 1435 2900 A:
1459 2873 1564 2899 hume-

250 2909 334 2936 ralia.
408 2908 446 2936 31.
470 2909 535 2936 BC:
558 2909 656 2944 prime
677 2908 887 2944 consequitur.
962 2907 1005 2936 32.
1028 2909 1071 2936 A:
1093 2916 1296 2943 consequens.
