<?xml version="1.0" encoding="UTF-8"?>
<!DOCTYPE html PUBLIC "-//W3C//DTD XHTML 1.0 Transitional//EN"
    "http://www.w3.org/TR/xhtml1/DTD/xhtml1-transitional.dtd">
<html xmlns="http://www.w3.org/1999/xhtml" xml:lang="en" lang="en">
 <head>
  <title>
</title>
<meta http-equiv="Content-Type" content="text/html;charset=utf-8" />
  <meta name='ocr-system' content='tesseract 3.04.00' />
  <meta name='ocr-capabilities' content='ocr_page ocr_carea ocr_par ocr_line ocrx_word'/>
</head>
<body>
  <div class='ocr_page' id='page_1' title='image "./iohanniswyclifse0701wycl_0453.png"; bbox 0 0 2017 3353; ppageno 0'>
   <div class='ocr_carea' id='block_1_1' title="bbox 140 928 178 949">
    <p class='ocr_par' dir='ltr' id='par_1_1' title="bbox 140 928 178 949">
     <span class='ocr_line' id='line_1_1' title="bbox 140 928 178 949; baseline 0.026 -1"><span class='ocrx_word' id='word_1_1' title='bbox 140 928 178 949; x_wconf 89' lang='lat'>10</span> 
     </span>
    </p>
   </div>
   <div class='ocr_carea' id='block_1_2' title="bbox 139 1208 176 1239">
    <p class='ocr_par' dir='ltr' id='par_1_2' title="bbox 139 1208 176 1239">
     <span class='ocr_line' id='line_1_2' title="bbox 139 1208 176 1239; baseline 0.027 -1"><span class='ocrx_word' id='word_1_2' title='bbox 139 1208 176 1239; x_wconf 71' lang='lat'>15</span> 
     </span>
    </p>
   </div>
   <div class='ocr_carea' id='block_1_3' title="bbox 136 1506 178 1528">
    <p class='ocr_par' dir='ltr' id='par_1_3' title="bbox 136 1506 178 1528">
     <span class='ocr_line' id='line_1_3' title="bbox 136 1506 178 1528; baseline 0 0"><span class='ocrx_word' id='word_1_3' title='bbox 136 1506 178 1528; x_wconf 85' lang='lat'>20</span> 
     </span>
    </p>
   </div>
   <div class='ocr_carea' id='block_1_4' title="bbox 138 1785 178 1819">
    <p class='ocr_par' dir='ltr' id='par_1_4' title="bbox 138 1785 178 1819">
     <span class='ocr_line' id='line_1_4' title="bbox 138 1785 178 1819; baseline -0.025 0"><span class='ocrx_word' id='word_1_4' title='bbox 138 1785 178 1819; x_wconf 70' lang='lat'>25</span> 
     </span>
    </p>
   </div>
   <div class='ocr_carea' id='block_1_5' title="bbox 140 2365 180 2399">
    <p class='ocr_par' dir='ltr' id='par_1_5' title="bbox 140 2365 180 2399">
     <span class='ocr_line' id='line_1_5' title="bbox 140 2365 180 2399; baseline 0.025 -1"><span class='ocrx_word' id='word_1_5' title='bbox 140 2365 180 2399; x_wconf 82' lang='lat'>35</span> 
     </span>
    </p>
   </div>
   <div class='ocr_carea' id='block_1_6' title="bbox 198 272 1790 330">
    <p class='ocr_par' dir='ltr' id='par_1_6' title="bbox 198 272 1790 330">
     <span class='ocr_line' id='line_1_6' title="bbox 198 272 1790 330; baseline 0.003 -15"><span class='ocrx_word' id='word_1_6' title='bbox 198 282 334 313; x_wconf 76' lang='lat' dir='ltr'>sERMO</span> <span class='ocrx_word' id='word_1_7' title='bbox 354 272 434 330; x_wconf 60' lang='lat' dir='ltr'>Lx]</span> <span class='ocrx_word' id='word_1_8' title='bbox 703 286 841 318; x_wconf 79' lang='lat' dir='ltr'>PRIMA</span> <span class='ocrx_word' id='word_1_9' title='bbox 870 286 995 318; x_wconf 79' lang='lat' dir='ltr'>PARS.</span> <span class='ocrx_word' id='word_1_10' title='bbox 1717 296 1790 329; x_wconf 80' lang='lat'>401</span> 
     </span>
    </p>
   </div>
   <div class='ocr_carea' id='block_1_7' title="bbox 193 390 1803 2065">
    <p class='ocr_par' dir='ltr' id='par_1_7' title="bbox 193 390 1512 1078">
     <span class='ocr_line' id='line_1_7' title="bbox 196 390 1510 440; baseline 0 -11"><span class='ocrx_word' id='word_1_11' title='bbox 196 394 243 429; x_wconf 88' lang='lat' dir='ltr'>de</span> <span class='ocrx_word' id='word_1_12' title='bbox 277 405 325 429; x_wconf 89' lang='lat' dir='ltr'>ea</span> <span class='ocrx_word' id='word_1_13' title='bbox 357 392 554 437; x_wconf 77' lang='lat' dir='ltr'>officiarii,</span> <span class='ocrx_word' id='word_1_14' title='bbox 589 391 662 428; x_wconf 90' lang='lat' dir='ltr'>nisi</span> <span class='ocrx_word' id='word_1_15' title='bbox 697 405 868 440; x_wconf 88' lang='lat' dir='ltr'>quorum</span> <span class='ocrx_word' id='word_1_16' title='bbox 904 390 1169 428; x_wconf 88' lang='lat' dir='ltr'>ministerium</span> <span class='ocrx_word' id='word_1_17' title='bbox 1204 391 1305 427; x_wconf 90' lang='lat' dir='ltr'>foret</span> <span class='ocrx_word' id='word_1_18' title='bbox 1338 391 1412 428; x_wconf 90' lang='lat' dir='ltr'>sibi</span> <span class='ocrx_word' id='word_1_19' title='bbox 1444 406 1510 429; x_wconf 89' lang='lat' dir='ltr'>ne-</span> 
     </span>
     <span class='ocr_line' id='line_1_8' title="bbox 195 450 1509 497; baseline 0.001 -11"><span class='ocrx_word' id='word_1_20' title='bbox 195 450 425 497; x_wconf 82' lang='lat' dir='ltr'>cessarium,</span> <span class='ocrx_word' id='word_1_21' title='bbox 460 451 602 487; x_wconf 80' lang='lat' dir='ltr'><strong>cedens</strong></span> <span class='ocrx_word' id='word_1_22' title='bbox 635 450 799 486; x_wconf 83' lang='lat' dir='ltr'>ecclesie</span> <span class='ocrx_word' id='word_1_23' title='bbox 831 450 880 485; x_wconf 87' lang='lat' dir='ltr'>ad</span> <span class='ocrx_word' id='word_1_24' title='bbox 912 450 1150 497; x_wconf 84' lang='lat' dir='ltr'>profectum.</span> <span class='ocrx_word' id='word_1_25' title='bbox 1185 450 1355 497; x_wconf 83' lang='lat' dir='ltr'>Oportet</span> <span class='ocrx_word' id='word_1_26' title='bbox 1377 459 1509 487; x_wconf 87' lang='lat' dir='ltr'>autem</span> 
     </span>
     <span class='ocr_line' id='line_1_9' title="bbox 195 507 1510 545; baseline 0.001 -1"><span class='ocrx_word' id='word_1_27' title='bbox 195 508 404 545; x_wconf 88' lang='lat' dir='ltr'>ecclesiam</span> <span class='ocrx_word' id='word_1_28' title='bbox 447 508 568 544; x_wconf 71' lang='lat' dir='ltr'>dividi</span> <span class='ocrx_word' id='word_1_29' title='bbox 604 509 642 544; x_wconf 88' lang='lat' dir='ltr'>in</span> <span class='ocrx_word' id='word_1_30' title='bbox 677 509 747 544; x_wconf 89' lang='lat' dir='ltr'>hec</span> <span class='ocrx_word' id='word_1_31' title='bbox 781 507 881 544; x_wconf 89' lang='lat' dir='ltr'>tria:</span> <span class='ocrx_word' id='word_1_32' title='bbox 924 507 1071 543; x_wconf 82' lang='lat' dir='ltr'>Omnia</span> <span class='ocrx_word' id='word_1_33' title='bbox 1117 508 1299 543; x_wconf 86' lang='lat' dir='ltr'>membra</span> <span class='ocrx_word' id='word_1_34' title='bbox 1346 509 1510 545; x_wconf 79' lang='lat' dir='ltr'>ecclesie</span> 
     </span>
     <span class='ocr_line' id='line_1_10' title="bbox 195 566 1509 614; baseline 0 -12"><span class='ocrx_word' id='word_1_35' title='bbox 195 567 340 602; x_wconf 89' lang='lat' dir='ltr'>debent</span> <span class='ocrx_word' id='word_1_36' title='bbox 381 566 486 603; x_wconf 87' lang='lat' dir='ltr'>enim</span> <span class='ocrx_word' id='word_1_37' title='bbox 537 579 619 603; x_wconf 87' lang='lat' dir='ltr'>esse</span> <span class='ocrx_word' id='word_1_38' title='bbox 666 574 845 614; x_wconf 84' lang='lat' dir='ltr'>pastores</span> <span class='ocrx_word' id='word_1_39' title='bbox 895 575 962 601; x_wconf 83' lang='lat' dir='ltr'>aut</span> <span class='ocrx_word' id='word_1_40' title='bbox 1001 577 1106 610; x_wconf 70' lang='lat' dir='ltr'>oves,</span> <span class='ocrx_word' id='word_1_41' title='bbox 1153 574 1332 613; x_wconf 87' lang='lat' dir='ltr'>pastores</span> <span class='ocrx_word' id='word_1_42' title='bbox 1377 575 1509 602; x_wconf 88' lang='lat' dir='ltr'>autem</span> 
     </span>
     <span class='ocr_line' id='line_1_11' title="bbox 195 622 1510 669; baseline 0 -9"><span class='ocrx_word' id='word_1_43' title='bbox 195 625 339 660; x_wconf 88' lang='lat' dir='ltr'>debent</span> <span class='ocrx_word' id='word_1_44' title='bbox 384 636 467 660; x_wconf 87' lang='lat' dir='ltr'>esse</span> <span class='ocrx_word' id='word_1_45' title='bbox 512 625 742 661; x_wconf 81' lang='lat' dir='ltr'>sacerdotes</span> <span class='ocrx_word' id='word_1_46' title='bbox 787 623 866 659; x_wconf 72' lang='lat' dir='ltr'>sive</span> <span class='ocrx_word' id='word_1_47' title='bbox 914 622 1087 669; x_wconf 67' lang='lat' dir='ltr'>diaconi,</span> <span class='ocrx_word' id='word_1_48' title='bbox 1134 624 1323 660; x_wconf 82' lang='lat' dir='ltr'>docentes</span> <span class='ocrx_word' id='word_1_49' title='bbox 1355 636 1510 661; x_wconf 87' lang='lat' dir='ltr'>sacram</span> 
     </span>
     <span class='ocr_line' id='line_1_12' title="bbox 194 681 1512 730; baseline 0 -12"><span class='ocrx_word' id='word_1_50' title='bbox 194 682 545 718; x_wconf 74' lang='lat' dir='ltr'>conversacionem</span> <span class='ocrx_word' id='word_1_51' title='bbox 580 681 748 727; x_wconf 73' lang='lat' dir='ltr'>Christi3</span> <span class='ocrx_word' id='word_1_52' title='bbox 782 693 873 717; x_wconf 86' lang='lat' dir='ltr'>oves</span> <span class='ocrx_word' id='word_1_53' title='bbox 907 690 1039 718; x_wconf 84' lang='lat' dir='ltr'>autem</span> <span class='ocrx_word' id='word_1_54' title='bbox 1075 693 1151 729; x_wconf 89' lang='lat' dir='ltr'>que</span> <span class='ocrx_word' id='word_1_55' title='bbox 1174 690 1263 717; x_wconf 89' lang='lat' dir='ltr'>sunt</span> <span class='ocrx_word' id='word_1_56' title='bbox 1297 683 1512 730; x_wconf 85' lang='lat' dir='ltr'>populares</span> 
     </span>
     <span class='ocr_line' id='line_1_13' title="bbox 193 738 1512 788; baseline 0.002 -13"><span class='ocrx_word' id='word_1_57' title='bbox 193 741 253 776; x_wconf 73' lang='lat' dir='ltr'>vel</span> <span class='ocrx_word' id='word_1_58' title='bbox 285 739 376 776; x_wconf 86' lang='lat' dir='ltr'>laici</span> <span class='ocrx_word' id='word_1_59' title='bbox 409 749 499 776; x_wconf 89' lang='lat' dir='ltr'>sunt</span> <span class='ocrx_word' id='word_1_60' title='bbox 532 739 571 775; x_wconf 91' lang='lat' dir='ltr'>in</span> <span class='ocrx_word' id='word_1_61' title='bbox 595 739 728 776; x_wconf 82' lang='lat' dir='ltr'>officio</span> <span class='ocrx_word' id='word_1_62' title='bbox 753 738 946 787; x_wconf 76' lang='lat' dir='ltr'>bipartiti,</span> <span class='ocrx_word' id='word_1_63' title='bbox 972 738 1065 788; x_wconf 87' lang='lat' dir='ltr'>quia</span> <span class='ocrx_word' id='word_1_64' title='bbox 1087 739 1148 775; x_wconf 72' lang='lat' dir='ltr'>vel</span> <span class='ocrx_word' id='word_1_65' title='bbox 1171 748 1262 775; x_wconf 90' lang='lat' dir='ltr'>sunt</span> <span class='ocrx_word' id='word_1_66' title='bbox 1285 740 1512 777; x_wconf 87' lang='lat' dir='ltr'>defensores</span> 
     </span>
     <span class='ocr_line' id='line_1_14' title="bbox 193 797 1509 846; baseline 0 -12"><span class='ocrx_word' id='word_1_67' title='bbox 193 799 253 834; x_wconf 72' lang='lat' dir='ltr'>vel</span> <span class='ocrx_word' id='word_1_68' title='bbox 292 797 491 846; x_wconf 62' lang='lat' dir='ltr'>operarii:</span> <span class='ocrx_word' id='word_1_69' title='bbox 532 798 759 834; x_wconf 87' lang='lat' dir='ltr'>defensores</span> <span class='ocrx_word' id='word_1_70' title='bbox 799 806 932 834; x_wconf 87' lang='lat' dir='ltr'>autem</span> <span class='ocrx_word' id='word_1_71' title='bbox 978 806 1069 833; x_wconf 90' lang='lat' dir='ltr'>sunt</span> <span class='ocrx_word' id='word_1_72' title='bbox 1113 798 1312 834; x_wconf 87' lang='lat' dir='ltr'>seculares</span> <span class='ocrx_word' id='word_1_73' title='bbox 1357 798 1509 835; x_wconf 89' lang='lat' dir='ltr'>domini</span> 
     </span>
     <span class='ocr_line' id='line_1_15' title="bbox 194 855 1511 904; baseline 0.001 -13"><span class='ocrx_word' id='word_1_74' title='bbox 194 855 261 904; x_wconf 89' lang='lat' dir='ltr'>qui</span> <span class='ocrx_word' id='word_1_75' title='bbox 296 857 439 892; x_wconf 90' lang='lat' dir='ltr'>debent</span> <span class='ocrx_word' id='word_1_76' title='bbox 471 864 657 903; x_wconf 90' lang='lat' dir='ltr'>potenter</span> <span class='ocrx_word' id='word_1_77' title='bbox 690 856 902 892; x_wconf 84' lang='lat' dir='ltr'>defendere</span> <span class='ocrx_word' id='word_1_78' title='bbox 936 855 1169 895; x_wconf 83' lang='lat' dir='ltr'>ecclesiam:</span> <span class='ocrx_word' id='word_1_79' title='bbox 1211 856 1385 903; x_wconf 90' lang='lat' dir='ltr'>operarii</span> <span class='ocrx_word' id='word_1_80' title='bbox 1417 869 1511 893; x_wconf 84' lang='lat' dir='ltr'>vero</span> 
     </span>
     <span class='ocr_line' id='line_1_16' title="bbox 194 912 1511 961; baseline 0.002 -12"><span class='ocrx_word' id='word_1_81' title='bbox 194 922 284 949; x_wconf 91' lang='lat' dir='ltr'>sunt</span> <span class='ocrx_word' id='word_1_82' title='bbox 317 913 447 961; x_wconf 89' lang='lat' dir='ltr'>plebei</span> <span class='ocrx_word' id='word_1_83' title='bbox 480 913 547 961; x_wconf 92' lang='lat' dir='ltr'>qui</span> <span class='ocrx_word' id='word_1_84' title='bbox 581 915 726 950; x_wconf 90' lang='lat' dir='ltr'>debent</span> <span class='ocrx_word' id='word_1_85' title='bbox 759 913 924 950; x_wconf 83' lang='lat' dir='ltr'>ecclesie</span> <span class='ocrx_word' id='word_1_86' title='bbox 963 914 1003 949; x_wconf 91' lang='lat' dir='ltr'>in</span> <span class='ocrx_word' id='word_1_87' title='bbox 1036 912 1328 950; x_wconf 89' lang='lat' dir='ltr'>abieccioribus</span> <span class='ocrx_word' id='word_1_88' title='bbox 1369 914 1511 951; x_wconf 85' lang='lat' dir='ltr'>officiis</span> 
     </span>
     <span class='ocr_line' id='line_1_17' title="bbox 195 971 1511 1021; baseline 0.002 -14"><span class='ocrx_word' id='word_1_89' title='bbox 195 971 434 1008; x_wconf 86' lang='lat' dir='ltr'>ministrare.</span> <span class='ocrx_word' id='word_1_90' title='bbox 469 973 516 1007; x_wconf 85' lang='lat' dir='ltr'>Et</span> <span class='ocrx_word' id='word_1_91' title='bbox 549 972 579 1008; x_wconf 92' lang='lat' dir='ltr'>si</span> <span class='ocrx_word' id='word_1_92' title='bbox 613 971 685 1008; x_wconf 89' lang='lat' dir='ltr'>iste</span> <span class='ocrx_word' id='word_1_93' title='bbox 717 971 914 1008; x_wconf 90' lang='lat' dir='ltr'>ternarius</span> <span class='ocrx_word' id='word_1_94' title='bbox 959 971 1053 1008; x_wconf 91' lang='lat' dir='ltr'>facit</span> <span class='ocrx_word' id='word_1_95' title='bbox 1098 971 1353 1008; x_wconf 89' lang='lat' dir='ltr'>concorditer</span> <span class='ocrx_word' id='word_1_96' title='bbox 1391 981 1511 1021; x_wconf 89' lang='lat' dir='ltr'>atque</span> 
     </span>
     <span class='ocr_line' id='line_1_18' title="bbox 194 1028 1508 1078; baseline 0.002 -13"><span class='ocrx_word' id='word_1_97' title='bbox 194 1029 363 1066; x_wconf 83' lang='lat' dir='ltr'>fideliter</span> <span class='ocrx_word' id='word_1_98' title='bbox 386 1042 501 1065; x_wconf 90' lang='lat' dir='ltr'>suum</span> <span class='ocrx_word' id='word_1_99' title='bbox 526 1030 717 1076; x_wconf 81' lang='lat' dir='ltr'>officium,</span> <span class='ocrx_word' id='word_1_100' title='bbox 741 1038 835 1066; x_wconf 89' lang='lat' dir='ltr'>tunc</span> <span class='ocrx_word' id='word_1_101' title='bbox 859 1028 1162 1078; x_wconf 84' lang='lat' dir='ltr'>prosperabitur</span> <span class='ocrx_word' id='word_1_102' title='bbox 1178 1038 1305 1066; x_wconf 89' lang='lat' dir='ltr'>mater</span> <span class='ocrx_word' id='word_1_103' title='bbox 1329 1030 1508 1067; x_wconf 89' lang='lat' dir='ltr'>ecclesia.</span> 
     </span>
    </p>

    <p class='ocr_par' dir='ltr' id='par_1_8' title="bbox 251 1086 1800 1140">
     <span class='ocr_line' id='line_1_19' title="bbox 251 1086 1800 1140; baseline 0 -16"><span class='ocrx_word' id='word_1_104' title='bbox 251 1089 329 1124; x_wconf 87' lang='lat' dir='ltr'>Sed</span> <span class='ocrx_word' id='word_1_105' title='bbox 360 1087 462 1123; x_wconf 92' lang='lat' dir='ltr'>sicut</span> <span class='ocrx_word' id='word_1_106' title='bbox 503 1087 654 1124; x_wconf 89' lang='lat' dir='ltr'>dictum</span> <span class='ocrx_word' id='word_1_107' title='bbox 701 1098 757 1124; x_wconf 90' lang='lat' dir='ltr'>est</span> <span class='ocrx_word' id='word_1_108' title='bbox 803 1089 850 1124; x_wconf 93' lang='lat' dir='ltr'>de</span> <span class='ocrx_word' id='word_1_109' title='bbox 895 1087 1020 1123; x_wconf 91' lang='lat' dir='ltr'>tribus</span> <span class='ocrx_word' id='word_1_110' title='bbox 1065 1086 1246 1135; x_wconf 84' lang='lat' dir='ltr'>partibus</span> <span class='ocrx_word' id='word_1_111' title='bbox 1291 1087 1667 1140; x_wconf 58' lang='lat' dir='ltr'>spiritualisTheJxm</span> <span class='ocrx_word' id='word_1_112' title='bbox 1683 1094 1800 1121; x_wconf 75' lang='lat' dir='ltr'>orders.</span> 
     </span>
    </p>

    <p class='ocr_par' dir='ltr' id='par_1_9' title="bbox 193 1129 1772 1543">
     <span class='ocr_line' id='line_1_20' title="bbox 193 1129 1772 1193; baseline 0.002 -12"><span class='ocrx_word' id='word_1_113' title='bbox 193 1147 336 1181; x_wconf 91' lang='lat' dir='ltr'>domus</span> <span class='ocrx_word' id='word_1_114' title='bbox 370 1145 548 1191; x_wconf 77' lang='lat' dir='ltr'>ecclesie,</span> <span class='ocrx_word' id='word_1_115' title='bbox 583 1146 637 1182; x_wconf 86' lang='lat' dir='ltr'>ita</span> <span class='ocrx_word' id='word_1_116' title='bbox 671 1146 885 1182; x_wconf 89' lang='lat' dir='ltr'>dicendum</span> <span class='ocrx_word' id='word_1_117' title='bbox 921 1154 977 1182; x_wconf 89' lang='lat' dir='ltr'>est</span> <span class='ocrx_word' id='word_1_118' title='bbox 1011 1146 1057 1181; x_wconf 90' lang='lat' dir='ltr'>de</span> <span class='ocrx_word' id='word_1_119' title='bbox 1091 1145 1165 1182; x_wconf 91' lang='lat' dir='ltr'>hiis</span> <span class='ocrx_word' id='word_1_120' title='bbox 1189 1147 1297 1193; x_wconf 90' lang='lat' dir='ltr'>quod</span> <span class='ocrx_word' id='word_1_121' title='bbox 1321 1159 1511 1183; x_wconf 86' lang='lat' dir='ltr'>concessa</span> <span class='ocrx_word' id='word_1_122' title='bbox 1557 1129 1772 1192; x_wconf 45' lang='grc' dir='ltr'>Ᾰίιέἓὲξῗςᾜῗς</span> 
     </span>
     <span class='ocr_line' id='line_1_21' title="bbox 193 1198 1747 1252; baseline 0.001 -13"><span class='ocrx_word' id='word_1_123' title='bbox 193 1203 416 1251; x_wconf 84' lang='lat' dir='ltr'>cuicunque</span> <span class='ocrx_word' id='word_1_124' title='bbox 449 1202 615 1240; x_wconf 89' lang='lat' dir='ltr'>istarum</span> <span class='ocrx_word' id='word_1_125' title='bbox 648 1203 793 1240; x_wconf 74' lang='lat' dir='ltr'>virtute</span> <span class='ocrx_word' id='word_1_126' title='bbox 826 1203 997 1240; x_wconf 88' lang='lat' dir='ltr'>faciendi</span> <span class='ocrx_word' id='word_1_127' title='bbox 1031 1204 1300 1252; x_wconf 88' lang='lat' dir='ltr'>quodcunque</span> <span class='ocrx_word' id='word_1_128' title='bbox 1332 1204 1509 1241; x_wconf 80' lang='lat' dir='ltr'>officium</span> <span class='ocrx_word' id='word_1_129' title='bbox 1589 1198 1747 1225; x_wconf 61' lang='lat' dir='ltr'>sufficient.</span> 
     </span>
     <span class='ocr_line' id='line_1_22' title="bbox 194 1260 1510 1310; baseline 0.002 -13"><span class='ocrx_word' id='word_1_130' title='bbox 194 1262 309 1298; x_wconf 88' lang='lat' dir='ltr'>debet</span> <span class='ocrx_word' id='word_1_131' title='bbox 342 1260 537 1297; x_wconf 88' lang='lat' dir='ltr'>instanter</span> <span class='ocrx_word' id='word_1_132' title='bbox 570 1263 645 1298; x_wconf 95' lang='lat' dir='ltr'>hoc</span> <span class='ocrx_word' id='word_1_133' title='bbox 678 1263 808 1299; x_wconf 88' lang='lat' dir='ltr'>facere</span> <span class='ocrx_word' id='word_1_134' title='bbox 841 1263 891 1298; x_wconf 91' lang='lat' dir='ltr'>ad</span> <span class='ocrx_word' id='word_1_135' title='bbox 924 1263 1121 1298; x_wconf 87' lang='lat' dir='ltr'>honorem</span> <span class='ocrx_word' id='word_1_136' title='bbox 1162 1261 1298 1310; x_wconf 91' lang='lat' dir='ltr'>sponsi</span> <span class='ocrx_word' id='word_1_137' title='bbox 1332 1262 1510 1299; x_wconf 86' lang='lat' dir='ltr'>ecclesie.</span> 
     </span>
     <span class='ocr_line' id='line_1_23' title="bbox 194 1318 1514 1368; baseline 0.001 -13"><span class='ocrx_word' id='word_1_138' title='bbox 194 1318 385 1364; x_wconf 87' lang='lat' dir='ltr'>Quamvis</span> <span class='ocrx_word' id='word_1_139' title='bbox 417 1328 551 1356; x_wconf 90' lang='lat' dir='ltr'>autern</span> <span class='ocrx_word' id='word_1_140' title='bbox 575 1322 794 1356; x_wconf 84' lang='lat' dir='ltr'>secundum</span> <span class='ocrx_word' id='word_1_141' title='bbox 819 1319 1047 1368; x_wconf 84' lang='lat' dir='ltr'>superbiam</span> <span class='ocrx_word' id='word_1_142' title='bbox 1072 1328 1139 1356; x_wconf 92' lang='lat' dir='ltr'>aut</span> <span class='ocrx_word' id='word_1_143' title='bbox 1163 1319 1378 1357; x_wconf 82' lang='lat' dir='ltr'>avariciam</span> <span class='ocrx_word' id='word_1_144' title='bbox 1402 1320 1514 1357; x_wconf 90' lang='lat' dir='ltr'>Anti-</span> 
     </span>
     <span class='ocr_line' id='line_1_24' title="bbox 193 1377 1514 1425; baseline 0.002 -12"><span class='ocrx_word' id='word_1_145' title='bbox 193 1377 329 1413; x_wconf 89' lang='lat' dir='ltr'>christi</span> <span class='ocrx_word' id='word_1_146' title='bbox 364 1377 684 1425; x_wconf 86' lang='lat' dir='ltr'>multiplicantur</span> <span class='ocrx_word' id='word_1_147' title='bbox 716 1378 756 1415; x_wconf 90' lang='lat' dir='ltr'>in</span> <span class='ocrx_word' id='word_1_148' title='bbox 791 1379 897 1414; x_wconf 87' lang='lat' dir='ltr'>clero</span> <span class='ocrx_word' id='word_1_149' title='bbox 931 1377 1116 1423; x_wconf 74' lang='lat' dir='ltr'>ministri,</span> <span class='ocrx_word' id='word_1_150' title='bbox 1152 1377 1278 1414; x_wconf 87' lang='lat' dir='ltr'>eciam</span> <span class='ocrx_word' id='word_1_151' title='bbox 1312 1379 1418 1415; x_wconf 88' lang='lat' dir='ltr'>ultro</span> <span class='ocrx_word' id='word_1_152' title='bbox 1451 1392 1514 1415; x_wconf 89' lang='lat' dir='ltr'>or-</span> 
     </span>
     <span class='ocr_line' id='line_1_25' title="bbox 194 1434 1513 1483; baseline 0.002 -12"><span class='ocrx_word' id='word_1_153' title='bbox 194 1435 326 1472; x_wconf 88' lang='lat' dir='ltr'>dinem</span> <span class='ocrx_word' id='word_1_154' title='bbox 360 1434 503 1471; x_wconf 78' lang='lat' dir='ltr'>veteris</span> <span class='ocrx_word' id='word_1_155' title='bbox 543 1436 785 1483; x_wconf 80' lang='lat' dir='ltr'>testamenti,</span> <span class='ocrx_word' id='word_1_156' title='bbox 833 1436 1061 1472; x_wconf 86' lang='lat' dir='ltr'>sufficerent</span> <span class='ocrx_word' id='word_1_157' title='bbox 1104 1444 1240 1472; x_wconf 89' lang='lat' dir='ltr'>tamen</span> <span class='ocrx_word' id='word_1_158' title='bbox 1284 1438 1513 1474; x_wconf 87' lang='lat' dir='ltr'>sacerdotes</span> 
     </span>
     <span class='ocr_line' id='line_1_26' title="bbox 193 1492 1197 1543; baseline 0.001 -15"><span class='ocrx_word' id='word_1_159' title='bbox 193 1502 313 1541; x_wconf 83' lang='lat' dir='ltr'>atque</span> <span class='ocrx_word' id='word_1_160' title='bbox 347 1492 519 1539; x_wconf 82' lang='lat' dir='ltr'>diaconi,</span> <span class='ocrx_word' id='word_1_161' title='bbox 554 1493 655 1530; x_wconf 92' lang='lat' dir='ltr'>sicut</span> <span class='ocrx_word' id='word_1_162' title='bbox 688 1494 760 1530; x_wconf 86' lang='lat' dir='ltr'>fuit</span> <span class='ocrx_word' id='word_1_163' title='bbox 793 1503 976 1543; x_wconf 89' lang='lat' dir='ltr'>tempore</span> <span class='ocrx_word' id='word_1_164' title='bbox 1010 1493 1197 1542; x_wconf 86' lang='lat' dir='ltr'>apostoli.</span> 
     </span>
    </p>

    <p class='ocr_par' dir='ltr' id='par_1_10' title="bbox 193 1551 1803 2065">
     <span class='ocr_line' id='line_1_27' title="bbox 251 1551 1803 1601; baseline -0.001 -14"><span class='ocrx_word' id='word_1_165' title='bbox 251 1553 324 1587; x_wconf 81' lang='lat' dir='ltr'>Sex</span> <span class='ocrx_word' id='word_1_166' title='bbox 357 1560 490 1587; x_wconf 89' lang='lat' dir='ltr'>autem</span> <span class='ocrx_word' id='word_1_167' title='bbox 524 1552 705 1600; x_wconf 89' lang='lat' dir='ltr'>predicta</span> <span class='ocrx_word' id='word_1_168' title='bbox 737 1553 941 1601; x_wconf 90' lang='lat' dir='ltr'>superflua</span> <span class='ocrx_word' id='word_1_169' title='bbox 981 1551 1292 1588; x_wconf 77' lang='lat' dir='ltr'>subdividuntur</span> <span class='ocrx_word' id='word_1_170' title='bbox 1325 1552 1365 1589; x_wconf 89' lang='lat' dir='ltr'>in</span> <span class='ocrx_word' id='word_1_171' title='bbox 1401 1565 1512 1590; x_wconf 85' lang='lat' dir='ltr'>secu·</span> <span class='ocrx_word' id='word_1_172' title='bbox 1528 1558 1581 1586; x_wconf 76' lang='lat' dir='ltr'>Six</span> <span class='ocrx_word' id='word_1_173' title='bbox 1607 1559 1803 1594; x_wconf 70' lang='lat' dir='ltr'>superfluous</span> 
     </span>
     <span class='ocr_line' id='line_1_28' title="bbox 194 1594 1786 1665; baseline 0.002 -21"><span class='ocrx_word' id='word_1_174' title='bbox 194 1610 295 1645; x_wconf 84' lang='lat' dir='ltr'>lares</span> <span class='ocrx_word' id='word_1_175' title='bbox 329 1609 496 1645; x_wconf 89' lang='lat' dir='ltr'>clericos</span> <span class='ocrx_word' id='word_1_176' title='bbox 539 1619 576 1646; x_wconf 89' lang='lat' dir='ltr'>et</span> <span class='ocrx_word' id='word_1_177' title='bbox 610 1610 777 1647; x_wconf 91' lang='lat' dir='ltr'>clericos</span> <span class='ocrx_word' id='word_1_178' title='bbox 816 1611 1037 1658; x_wconf 70' lang='lat' dir='ltr'>regulares3</span> <span class='ocrx_word' id='word_1_179' title='bbox 1081 1619 1161 1646; x_wconf 85' lang='lat' dir='ltr'>tres</span> <span class='ocrx_word' id='word_1_180' title='bbox 1201 1618 1334 1646; x_wconf 89' lang='lat' dir='ltr'>autem</span> <span class='ocrx_word' id='word_1_181' title='bbox 1381 1620 1513 1658; x_wconf 88' lang='lat' dir='ltr'>partes</span> <span class='ocrx_word' id='word_1_182' title='bbox 1545 1594 1786 1665; x_wconf 43' lang='grc' dir='ltr'>Οιξῖᾞξΐίζῇἓῗῗὲ</span> 
     </span>
     <span class='ocr_line' id='line_1_29' title="bbox 193 1663 1732 1716; baseline 0.002 -14"><span class='ocrx_word' id='word_1_183' title='bbox 193 1667 394 1715; x_wconf 86' lang='lat' dir='ltr'>superflue</span> <span class='ocrx_word' id='word_1_184' title='bbox 447 1667 486 1702; x_wconf 91' lang='lat' dir='ltr'>in</span> <span class='ocrx_word' id='word_1_185' title='bbox 538 1669 784 1705; x_wconf 89' lang='lat' dir='ltr'>secularibus</span> <span class='ocrx_word' id='word_1_186' title='bbox 824 1668 1008 1705; x_wconf 80' lang='lat' dir='ltr'>videntur</span> <span class='ocrx_word' id='word_1_187' title='bbox 1053 1680 1136 1704; x_wconf 89' lang='lat' dir='ltr'>esse</span> <span class='ocrx_word' id='word_1_188' title='bbox 1175 1667 1318 1716; x_wconf 84' lang='lat' dir='ltr'>prelati</span> <span class='ocrx_word' id='word_1_189' title='bbox 1373 1669 1513 1706; x_wconf 86' lang='lat' dir='ltr'>cesarii</span> <span class='ocrx_word' id='word_1_190' title='bbox 1728 1663 1732 1666; x_wconf 51' lang='grc'><em>’</em></span> 
     </span>
     <span class='ocr_line' id='line_1_30' title="bbox 194 1725 1513 1775; baseline 0.002 -15"><span class='ocrx_word' id='word_1_191' title='bbox 194 1734 236 1761; x_wconf 90' lang='lat' dir='ltr'>ut</span> <span class='ocrx_word' id='word_1_192' title='bbox 269 1737 372 1773; x_wconf 87' lang='lat' dir='ltr'>pape</span> <span class='ocrx_word' id='word_1_193' title='bbox 406 1737 496 1761; x_wconf 92' lang='lat' dir='ltr'>cum</span> <span class='ocrx_word' id='word_1_194' title='bbox 530 1725 610 1762; x_wconf 88' lang='lat' dir='ltr'>suis</span> <span class='ocrx_word' id='word_1_195' title='bbox 645 1726 910 1774; x_wconf 90' lang='lat' dir='ltr'>complicibus</span> <span class='ocrx_word' id='word_1_196' title='bbox 944 1734 1063 1774; x_wconf 87' lang='lat' dir='ltr'>atque</span> <span class='ocrx_word' id='word_1_197' title='bbox 1086 1725 1279 1775; x_wconf 79' lang='lat' dir='ltr'>episcopi,</span> <span class='ocrx_word' id='word_1_198' title='bbox 1315 1726 1513 1764; x_wconf 87' lang='lat' dir='ltr'>archidia-</span> 
     </span>
     <span class='ocr_line' id='line_1_31' title="bbox 195 1783 1513 1832; baseline 0.002 -13"><span class='ocrx_word' id='word_1_199' title='bbox 195 1783 285 1819; x_wconf 90' lang='lat' dir='ltr'>coni</span> <span class='ocrx_word' id='word_1_200' title='bbox 320 1792 356 1819; x_wconf 90' lang='lat' dir='ltr'>et</span> <span class='ocrx_word' id='word_1_201' title='bbox 389 1783 649 1820; x_wconf 90' lang='lat' dir='ltr'>ecclesiarum</span> <span class='ocrx_word' id='word_1_202' title='bbox 684 1784 980 1822; x_wconf 85' lang='lat' dir='ltr'>kathedraliurn</span> <span class='ocrx_word' id='word_1_203' title='bbox 1013 1783 1283 1832; x_wconf 80' lang='lat' dir='ltr'>prebendarii‚</span> <span class='ocrx_word' id='word_1_204' title='bbox 1317 1793 1397 1821; x_wconf 89' lang='lat' dir='ltr'>tres</span> <span class='ocrx_word' id='word_1_205' title='bbox 1420 1798 1513 1822; x_wconf 84' lang='lat' dir='ltr'>vero</span> 
     </span>
     <span class='ocr_line' id='line_1_32' title="bbox 193 1840 1514 1891; baseline 0.002 -14"><span class='ocrx_word' id='word_1_206' title='bbox 193 1840 325 1878; x_wconf 81' lang='lat' dir='ltr'>vocati</span> <span class='ocrx_word' id='word_1_207' title='bbox 370 1842 571 1889; x_wconf 83' lang='lat' dir='ltr'>regulares</span> <span class='ocrx_word' id='word_1_208' title='bbox 620 1842 813 1891; x_wconf 88' lang='lat' dir='ltr'>superflui</span> <span class='ocrx_word' id='word_1_209' title='bbox 858 1851 948 1879; x_wconf 88' lang='lat' dir='ltr'>sunt</span> <span class='ocrx_word' id='word_1_210' title='bbox 988 1842 1189 1889; x_wconf 78' lang='lat' dir='ltr'>monachi,</span> <span class='ocrx_word' id='word_1_211' title='bbox 1230 1842 1414 1880; x_wconf 89' lang='lat' dir='ltr'>canonici</span> <span class='ocrx_word' id='word_1_212' title='bbox 1453 1844 1514 1880; x_wconf 87' lang='lat' dir='ltr'>vel</span> 
     </span>
     <span class='ocr_line' id='line_1_33' title="bbox 193 1900 1514 1950; baseline 0.002 -15"><span class='ocrx_word' id='word_1_213' title='bbox 193 1900 562 1948; x_wconf 87' lang='lat' dir='ltr'>quomodocunque</span> <span class='ocrx_word' id='word_1_214' title='bbox 606 1900 721 1937; x_wconf 87' lang='lat' dir='ltr'>aliter</span> <span class='ocrx_word' id='word_1_215' title='bbox 752 1909 958 1946; x_wconf 79' lang='lat' dir='ltr'>vocentur,</span> <span class='ocrx_word' id='word_1_216' title='bbox 1000 1902 1095 1936; x_wconf 89' lang='lat' dir='ltr'>dum</span> <span class='ocrx_word' id='word_1_217' title='bbox 1135 1909 1272 1937; x_wconf 87' lang='lat' dir='ltr'>tamen</span> <span class='ocrx_word' id='word_1_218' title='bbox 1309 1900 1387 1938; x_wconf 87' lang='lat' dir='ltr'>sint</span> <span class='ocrx_word' id='word_1_219' title='bbox 1426 1914 1514 1950; x_wconf 89' lang='lat' dir='ltr'>per—</span> 
     </span>
     <span class='ocr_line' id='line_1_34' title="bbox 193 1957 1514 2008; baseline 0.001 -14"><span class='ocrx_word' id='word_1_220' title='bbox 193 1966 315 2005; x_wconf 89' lang='lat' dir='ltr'>petuo</span> <span class='ocrx_word' id='word_1_221' title='bbox 348 1957 646 2005; x_wconf 89' lang='lat' dir='ltr'>possessionati.</span> <span class='ocrx_word' id='word_1_222' title='bbox 688 1961 729 1995; x_wconf 90' lang='lat' dir='ltr'>In</span> <span class='ocrx_word' id='word_1_223' title='bbox 762 1960 938 1996; x_wconf 87' lang='lat' dir='ltr'>secundo</span> <span class='ocrx_word' id='word_1_224' title='bbox 970 1960 1097 2007; x_wconf 85' lang='lat' dir='ltr'>gradu</span> <span class='ocrx_word' id='word_1_225' title='bbox 1129 1967 1220 1995; x_wconf 90' lang='lat' dir='ltr'>sunt</span> <span class='ocrx_word' id='word_1_226' title='bbox 1253 1959 1514 2008; x_wconf 87' lang='lat' dir='ltr'>Hospitalarii</span> 
     </span>
     <span class='ocr_line' id='line_1_35' title="bbox 194 2015 1514 2065; baseline 0.002 -14"><span class='ocrx_word' id='word_1_227' title='bbox 194 2015 233 2051; x_wconf 90' lang='lat' dir='ltr'>in</span> <span class='ocrx_word' id='word_1_228' title='bbox 266 2015 541 2052; x_wconf 89' lang='lat' dir='ltr'>sacerdotibus</span> <span class='ocrx_word' id='word_1_229' title='bbox 564 2025 600 2052; x_wconf 89' lang='lat' dir='ltr'>et</span> <span class='ocrx_word' id='word_1_230' title='bbox 622 2017 757 2053; x_wconf 90' lang='lat' dir='ltr'>multis</span> <span class='ocrx_word' id='word_1_231' title='bbox 781 2017 867 2054; x_wconf 89' lang='lat' dir='ltr'>aliis</span> <span class='ocrx_word' id='word_1_232' title='bbox 891 2016 1031 2053; x_wconf 89' lang='lat' dir='ltr'>ritibus</span> <span class='ocrx_word' id='word_1_233' title='bbox 1056 2016 1331 2065; x_wconf 88' lang='lat' dir='ltr'>multipliciter</span> <span class='ocrx_word' id='word_1_234' title='bbox 1353 2017 1514 2063; x_wconf 79' lang='lat' dir='ltr'>variati3</span> 
     </span>
    </p>
   </div>
   <div class='ocr_carea' id='block_1_8' title="bbox 137 2073 1515 2123">
    <p class='ocr_par' dir='ltr' id='par_1_11' title="bbox 137 2073 1515 2123">
     <span class='ocr_line' id='line_1_36' title="bbox 137 2073 1515 2123; baseline 0.002 -14"><span class='ocrx_word' id='word_1_235' title='bbox 137 2075 151 2108; x_wconf 63' lang='grc' dir='ltr'><em>Τ</em></span> <span class='ocrx_word' id='word_1_236' title='bbox 194 2075 262 2110; x_wconf 89' lang='lat' dir='ltr'>sed</span> <span class='ocrx_word' id='word_1_237' title='bbox 295 2073 334 2109; x_wconf 92' lang='lat' dir='ltr'>in</span> <span class='ocrx_word' id='word_1_238' title='bbox 367 2073 492 2110; x_wconf 89' lang='lat' dir='ltr'>tercio</span> <span class='ocrx_word' id='word_1_239' title='bbox 524 2076 651 2122; x_wconf 82' lang='lat' dir='ltr'>gradu</span> <span class='ocrx_word' id='word_1_240' title='bbox 683 2084 774 2111; x_wconf 89' lang='lat' dir='ltr'>sunt</span> <span class='ocrx_word' id='word_1_241' title='bbox 806 2074 1080 2112; x_wconf 87' lang='lat' dir='ltr'>Mendicantes</span> <span class='ocrx_word' id='word_1_242' title='bbox 1111 2075 1232 2112; x_wconf 84' lang='lat' dir='ltr'>validi</span> <span class='ocrx_word' id='word_1_243' title='bbox 1277 2074 1343 2123; x_wconf 89' lang='lat' dir='ltr'>qui</span> <span class='ocrx_word' id='word_1_244' title='bbox 1377 2075 1515 2112; x_wconf 87' lang='lat' dir='ltr'>distin-</span> 
     </span>
    </p>
   </div>
   <div class='ocr_carea' id='block_1_9' title="bbox 194 2131 1516 2518">
    <p class='ocr_par' dir='ltr' id='par_1_12' title="bbox 194 2131 1516 2518">
     <span class='ocr_line' id='line_1_37' title="bbox 194 2131 1515 2182; baseline 0.002 -15"><span class='ocrx_word' id='word_1_245' title='bbox 194 2140 369 2179; x_wconf 81' lang='lat' dir='ltr'>guuntur</span> <span class='ocrx_word' id='word_1_246' title='bbox 401 2131 441 2168; x_wconf 90' lang='lat' dir='ltr'>in</span> <span class='ocrx_word' id='word_1_247' title='bbox 473 2141 600 2169; x_wconf 83' lang='lat' dir='ltr'>sectas</span> <span class='ocrx_word' id='word_1_248' title='bbox 635 2133 888 2181; x_wconf 87' lang='lat' dir='ltr'>multiplices.</span> <span class='ocrx_word' id='word_1_249' title='bbox 935 2135 1040 2169; x_wconf 87' lang='lat' dir='ltr'>Deus</span> <span class='ocrx_word' id='word_1_250' title='bbox 1084 2142 1217 2170; x_wconf 88' lang='lat' dir='ltr'>autem</span> <span class='ocrx_word' id='word_1_251' title='bbox 1263 2133 1397 2182; x_wconf 87' lang='lat' dir='ltr'>posuit</span> <span class='ocrx_word' id='word_1_252' title='bbox 1436 2142 1515 2170; x_wconf 90' lang='lat' dir='ltr'>tres</span> 
     </span>
     <span class='ocr_line' id='line_1_38' title="bbox 195 2189 1515 2240; baseline 0.002 -15"><span class='ocrx_word' id='word_1_253' title='bbox 195 2198 340 2237; x_wconf 81' lang='lat' dir='ltr'>partes,</span> <span class='ocrx_word' id='word_1_254' title='bbox 366 2189 516 2237; x_wconf 88' lang='lat' dir='ltr'>primas</span> <span class='ocrx_word' id='word_1_255' title='bbox 540 2191 589 2226; x_wconf 86' lang='lat' dir='ltr'>ad</span> <span class='ocrx_word' id='word_1_256' title='bbox 613 2190 919 2228; x_wconf 89' lang='lat' dir='ltr'>similitudinem</span> <span class='ocrx_word' id='word_1_257' title='bbox 936 2190 1146 2227; x_wconf 84' lang='lat' dir='ltr'>Trinitatis</span> <span class='ocrx_word' id='word_1_258' title='bbox 1170 2199 1207 2227; x_wconf 90' lang='lat' dir='ltr'>et</span> <span class='ocrx_word' id='word_1_259' title='bbox 1230 2204 1349 2239; x_wconf 88' lang='lat' dir='ltr'>super</span> <span class='ocrx_word' id='word_1_260' title='bbox 1372 2201 1515 2240; x_wconf 84' lang='lat' dir='ltr'>quarta</span> 
     </span>
     <span class='ocr_line' id='line_1_39' title="bbox 194 2247 1516 2296; baseline 0.002 -12"><span class='ocrx_word' id='word_1_261' title='bbox 194 2260 275 2284; x_wconf 89' lang='lat' dir='ltr'>non</span> <span class='ocrx_word' id='word_1_262' title='bbox 308 2247 475 2295; x_wconf 89' lang='lat' dir='ltr'>quiescit</span> <span class='ocrx_word' id='word_1_263' title='bbox 508 2249 783 2296; x_wconf 78' lang='lat' dir='ltr'>approbative⁷</span> <span class='ocrx_word' id='word_1_264' title='bbox 819 2262 909 2286; x_wconf 89' lang='lat' dir='ltr'>cum</span> <span class='ocrx_word' id='word_1_265' title='bbox 948 2249 1146 2286; x_wconf 88' lang='lat' dir='ltr'>seculares</span> <span class='ocrx_word' id='word_1_266' title='bbox 1180 2248 1334 2285; x_wconf 88' lang='lat' dir='ltr'>domini</span> <span class='ocrx_word' id='word_1_267' title='bbox 1371 2251 1516 2286; x_wconf 90' lang='lat' dir='ltr'>debent</span> 
     </span>
     <span class='ocr_line' id='line_1_40' title="bbox 196 2306 1514 2356; baseline 0.002 -15"><span class='ocrx_word' id='word_1_268' title='bbox 196 2306 342 2341; x_wconf 83' lang='lat' dir='ltr'>habere</span> <span class='ocrx_word' id='word_1_269' title='bbox 394 2306 623 2352; x_wconf 88' lang='lat' dir='ltr'>potenciam</span> <span class='ocrx_word' id='word_1_270' title='bbox 677 2309 727 2344; x_wconf 88' lang='lat' dir='ltr'>ad</span> <span class='ocrx_word' id='word_1_271' title='bbox 780 2306 1187 2355; x_wconf 86' lang='lat' dir='ltr'>correspondenciam</span> <span class='ocrx_word' id='word_1_272' title='bbox 1242 2309 1326 2344; x_wconf 88' lang='lat' dir='ltr'>Deo</span> <span class='ocrx_word' id='word_1_273' title='bbox 1383 2307 1514 2356; x_wconf 80' lang='lat' dir='ltr'>patri;</span> 
     </span>
     <span class='ocr_line' id='line_1_41' title="bbox 197 2364 1513 2414; baseline 0.002 -15"><span class='ocrx_word' id='word_1_274' title='bbox 197 2364 425 2399; x_wconf 87' lang='lat' dir='ltr'>sacerdotes</span> <span class='ocrx_word' id='word_1_275' title='bbox 459 2373 591 2400; x_wconf 90' lang='lat' dir='ltr'>autem</span> <span class='ocrx_word' id='word_1_276' title='bbox 626 2365 774 2402; x_wconf 84' lang='lat' dir='ltr'>Christi</span> <span class='ocrx_word' id='word_1_277' title='bbox 808 2366 953 2402; x_wconf 87' lang='lat' dir='ltr'>debent</span> <span class='ocrx_word' id='word_1_278' title='bbox 993 2366 1139 2402; x_wconf 89' lang='lat' dir='ltr'>habere</span> <span class='ocrx_word' id='word_1_279' title='bbox 1179 2365 1424 2414; x_wconf 87' lang='lat' dir='ltr'>sapienciam</span> <span class='ocrx_word' id='word_1_280' title='bbox 1466 2367 1513 2402; x_wconf 87' lang='lat' dir='ltr'>ad</span> 
     </span>
     <span class='ocr_line' id='line_1_42' title="bbox 197 2421 1515 2472; baseline 0.002 -16"><span class='ocrx_word' id='word_1_281' title='bbox 197 2421 604 2469; x_wconf 88' lang='lat' dir='ltr'>correspondenciam</span> <span class='ocrx_word' id='word_1_282' title='bbox 638 2424 758 2460; x_wconf 74' lang='lat' dir='ltr'>verbo</span> <span class='ocrx_word' id='word_1_283' title='bbox 782 2423 874 2467; x_wconf 76' lang='lat' dir='ltr'>Dei·,</span> <span class='ocrx_word' id='word_1_284' title='bbox 908 2424 976 2459; x_wconf 91' lang='lat' dir='ltr'>sed</span> <span class='ocrx_word' id='word_1_285' title='bbox 1000 2423 1211 2460; x_wconf 83' lang='lat' dir='ltr'>servitores</span> <span class='ocrx_word' id='word_1_286' title='bbox 1245 2423 1312 2472; x_wconf 93' lang='lat' dir='ltr'>qui</span> <span class='ocrx_word' id='word_1_287' title='bbox 1336 2423 1375 2459; x_wconf 92' lang='lat' dir='ltr'>in</span> <span class='ocrx_word' id='word_1_288' title='bbox 1401 2423 1515 2460; x_wconf 89' lang='lat' dir='ltr'>mini-</span> 
     </span>
     <span class='ocr_line' id='line_1_43' title="bbox 198 2478 1514 2518; baseline 0.002 -4"><span class='ocrx_word' id='word_1_289' title='bbox 198 2478 318 2515; x_wconf 87' lang='lat' dir='ltr'>sterio</span> <span class='ocrx_word' id='word_1_290' title='bbox 352 2479 496 2515; x_wconf 88' lang='lat' dir='ltr'>debent</span> <span class='ocrx_word' id='word_1_291' title='bbox 531 2492 613 2516; x_wconf 87' lang='lat' dir='ltr'>esse</span> <span class='ocrx_word' id='word_1_292' title='bbox 647 2480 774 2516; x_wconf 88' lang='lat' dir='ltr'>infimi</span> <span class='ocrx_word' id='word_1_293' title='bbox 809 2482 954 2518; x_wconf 88' lang='lat' dir='ltr'>debent</span> <span class='ocrx_word' id='word_1_294' title='bbox 988 2494 1071 2518; x_wconf 88' lang='lat' dir='ltr'>esse</span> <span class='ocrx_word' id='word_1_295' title='bbox 1106 2481 1276 2518; x_wconf 84' lang='lat' dir='ltr'>humiles</span> <span class='ocrx_word' id='word_1_296' title='bbox 1316 2480 1514 2518; x_wconf 86' lang='lat' dir='ltr'>caritativi</span> 
     </span>
    </p>
   </div>
   <div class='ocr_carea' id='block_1_10' title="bbox 198 2636 1521 2942">
    <p class='ocr_par' dir='ltr' id='par_1_13' title="bbox 198 2636 1521 2942">
     <span class='ocr_line' id='line_1_44' title="bbox 266 2636 1512 2670; baseline 0.002 -8"><span class='ocrx_word' id='word_1_297' title='bbox 266 2645 295 2670; x_wconf 80' lang='lat'>4.</span> <span class='ocrx_word' id='word_1_298' title='bbox 317 2636 361 2664; x_wconf 80' lang='lat' dir='ltr'>A:</span> <span class='ocrx_word' id='word_1_299' title='bbox 384 2637 463 2665; x_wconf 80' lang='lat' dir='ltr'>enim</span> <span class='ocrx_word' id='word_1_300' title='bbox 487 2637 585 2665; x_wconf 68' lang='lat' dir='ltr'>deest:</span> <span class='ocrx_word' id='word_1_301' title='bbox 607 2636 646 2664; x_wconf 84' lang='lat' dir='ltr'>ib.</span> <span class='ocrx_word' id='word_1_302' title='bbox 663 2636 759 2665; x_wconf 68' lang='lat' dir='ltr'>ABG:</span> <span class='ocrx_word' id='word_1_303' title='bbox 782 2647 854 2665; x_wconf 68' lang='lat' dir='ltr'>oves</span> <span class='ocrx_word' id='word_1_304' title='bbox 875 2643 925 2665; x_wconf 70' lang='lat' dir='ltr'>:uit</span> <span class='ocrx_word' id='word_1_305' title='bbox 947 2639 1057 2666; x_wconf 74' lang='lat' dir='ltr'>debent</span> <span class='ocrx_word' id='word_1_306' title='bbox 1078 2648 1144 2665; x_wconf 77' lang='lat' dir='ltr'>esse</span> <span class='ocrx_word' id='word_1_307' title='bbox 1166 2638 1351 2665; x_wconf 69' lang='lat' dir='ltr'>sacerdotes.</span> <span class='ocrx_word' id='word_1_308' title='bbox 1426 2638 1452 2665; x_wconf 72' lang='lat'>8.</span> <span class='ocrx_word' id='word_1_309' title='bbox 1470 2638 1512 2664; x_wconf 73' lang='lat' dir='ltr'>A:</span> 
     </span>
     <span class='ocr_line' id='line_1_45' title="bbox 198 2672 1515 2707; baseline 0.001 -9"><span class='ocrx_word' id='word_1_310' title='bbox 198 2675 298 2698; x_wconf 76' lang='lat' dir='ltr'>autem</span> <span class='ocrx_word' id='word_1_311' title='bbox 321 2672 415 2699; x_wconf 84' lang='lat' dir='ltr'>deest.</span> <span class='ocrx_word' id='word_1_312' title='bbox 489 2681 529 2699; x_wconf 89' lang='lat'>10.</span> <span class='ocrx_word' id='word_1_313' title='bbox 552 2672 592 2700; x_wconf 87' lang='lat' dir='ltr'>C:</span> <span class='ocrx_word' id='word_1_314' title='bbox 614 2672 853 2700; x_wconf 73' lang='lat' dir='ltr'>abieccionibus.</span> <span class='ocrx_word' id='word_1_315' title='bbox 931 2682 971 2707; x_wconf 81' lang='lat'>14.</span> <span class='ocrx_word' id='word_1_316' title='bbox 994 2674 1063 2700; x_wconf 78' lang='lat' dir='ltr'>AB:</span> <span class='ocrx_word' id='word_1_317' title='bbox 1086 2674 1145 2700; x_wconf 74' lang='lat' dir='ltr'>hiis</span> <span class='ocrx_word' id='word_1_318' title='bbox 1167 2673 1281 2706; x_wconf 55' lang='lat' dir='ltr'>tritum</span> <span class='ocrx_word' id='word_1_319' title='bbox 1309 2674 1352 2700; x_wconf 86' lang='lat' dir='ltr'>A:</span> <span class='ocrx_word' id='word_1_320' title='bbox 1376 2672 1515 2707; x_wconf 78' lang='lat' dir='ltr'>partibus</span> 
     </span>
     <span class='ocr_line' id='line_1_46' title="bbox 198 2706 1516 2743; baseline 0.001 -11"><span class='ocrx_word' id='word_1_321' title='bbox 198 2715 266 2741; x_wconf 84' lang='lat' dir='ltr'>que.</span> <span class='ocrx_word' id='word_1_322' title='bbox 341 2715 380 2742; x_wconf 80' lang='lat'>¹7.</span> <span class='ocrx_word' id='word_1_323' title='bbox 402 2707 424 2734; x_wconf 87' lang='lat' dir='ltr'>B</span> <span class='ocrx_word' id='word_1_324' title='bbox 446 2707 474 2734; x_wconf 87' lang='lat' dir='ltr'>in</span> <span class='ocrx_word' id='word_1_325' title='bbox 497 2715 610 2742; x_wconf 64' lang='lat' dir='ltr'>marg:</span> <span class='ocrx_word' id='word_1_326' title='bbox 633 2706 713 2734; x_wconf 70' lang='lat' dir='ltr'>Cave</span> <span class='ocrx_word' id='word_1_327' title='bbox 734 2707 792 2737; x_wconf 76' lang='lat' dir='ltr'>liic.</span> <span class='ocrx_word' id='word_1_328' title='bbox 815 2708 886 2742; x_wconf 80' lang='lat' dir='ltr'>quia</span> <span class='ocrx_word' id='word_1_329' title='bbox 911 2707 1042 2735; x_wconf 73' lang='lat' dir='ltr'>destruit</span> <span class='ocrx_word' id='word_1_330' title='bbox 1063 2716 1139 2743; x_wconf 78' lang='lat' dir='ltr'>pene</span> <span class='ocrx_word' id='word_1_331' title='bbox 1159 2712 1257 2734; x_wconf 84' lang='lat' dir='ltr'>totum</span> <span class='ocrx_word' id='word_1_332' title='bbox 1278 2708 1392 2734; x_wconf 86' lang='lat' dir='ltr'>clerum</span> <span class='ocrx_word' id='word_1_333' title='bbox 1415 2711 1516 2742; x_wconf 84' lang='lat' dir='ltr'>preter</span> 
     </span>
     <span class='ocr_line' id='line_1_47' title="bbox 199 2740 1514 2777; baseline 0 -9"><span class='ocrx_word' id='word_1_334' title='bbox 199 2740 409 2768; x_wconf 78' lang='lat' dir='ltr'>sacerdocium</span> <span class='ocrx_word' id='word_1_335' title='bbox 432 2747 459 2768; x_wconf 75' lang='lat' dir='ltr'>et</span> <span class='ocrx_word' id='word_1_336' title='bbox 480 2741 595 2768; x_wconf 68' lang='lat' dir='ltr'>levitas.</span> <span class='ocrx_word' id='word_1_337' title='bbox 662 2740 705 2768; x_wconf 83' lang='lat'>23.</span> <span class='ocrx_word' id='word_1_338' title='bbox 727 2743 770 2769; x_wconf 79' lang='lat' dir='ltr'>A:</span> <span class='ocrx_word' id='word_1_339' title='bbox 793 2746 821 2769; x_wconf 75' lang='lat' dir='ltr'>et</span> <span class='ocrx_word' id='word_1_340' title='bbox 842 2742 881 2770; x_wconf 87' lang='lat' dir='ltr'>iu.</span> <span class='ocrx_word' id='word_1_341' title='bbox 950 2750 996 2776; x_wconf 77' lang='lat'>24.</span> <span class='ocrx_word' id='word_1_342' title='bbox 1019 2744 1062 2770; x_wconf 82' lang='lat' dir='ltr'>A:</span> <span class='ocrx_word' id='word_1_343' title='bbox 1087 2751 1175 2777; x_wconf 78' lang='lat' dir='ltr'>papa.</span> <span class='ocrx_word' id='word_1_344' title='bbox 1241 2741 1284 2769; x_wconf 80' lang='lat'>25.</span> <span class='ocrx_word' id='word_1_345' title='bbox 1307 2742 1328 2769; x_wconf 85' lang='grc' dir='ltr'>Β</span> <span class='ocrx_word' id='word_1_346' title='bbox 1349 2742 1378 2769; x_wconf 90' lang='lat' dir='ltr'>in</span> <span class='ocrx_word' id='word_1_347' title='bbox 1401 2750 1514 2776; x_wconf 49' lang='lat' dir='ltr'>marga</span> 
     </span>
     <span class='ocr_line' id='line_1_48' title="bbox 198 2775 1514 2812; baseline 0.001 -10"><span class='ocrx_word' id='word_1_348' title='bbox 198 2775 227 2802; x_wconf 83' lang='lat' dir='ltr'>id</span> <span class='ocrx_word' id='word_1_349' title='bbox 249 2780 294 2802; x_wconf 82' lang='lat' dir='ltr'>est</span> <span class='ocrx_word' id='word_1_350' title='bbox 313 2776 464 2803; x_wconf 82' lang='lat' dir='ltr'>canonici.</span> <span class='ocrx_word' id='word_1_351' title='bbox 572 2776 618 2803; x_wconf 83' lang='grc'>28.</span> <span class='ocrx_word' id='word_1_352' title='bbox 640 2776 664 2803; x_wconf 83' lang='lat' dir='ltr'>E</span> <span class='ocrx_word' id='word_1_353' title='bbox 694 2776 723 2803; x_wconf 86' lang='lat' dir='ltr'>in</span> <span class='ocrx_word' id='word_1_354' title='bbox 755 2785 868 2812; x_wconf 59' lang='lat' dir='ltr'>marg:</span> <span class='ocrx_word' id='word_1_355' title='bbox 900 2776 1059 2812; x_wconf 83' lang='lat' dir='ltr'>superflui.</span> <span class='ocrx_word' id='word_1_356' title='bbox 1174 2785 1221 2812; x_wconf 79' lang='lat'>29.</span> <span class='ocrx_word' id='word_1_357' title='bbox 1243 2776 1282 2803; x_wconf 76' lang='lat' dir='ltr'>E:</span> <span class='ocrx_word' id='word_1_358' title='bbox 1315 2776 1464 2804; x_wconf 81' lang='lat' dir='ltr'>militibus</span> <span class='ocrx_word' id='word_1_359' title='bbox 1485 2777 1514 2803; x_wconf 83' lang='lat' dir='ltr'>in</span> 
     </span>
     <span class='ocr_line' id='line_1_49' title="bbox 200 2810 1515 2847; baseline 0.001 -11"><span class='ocrx_word' id='word_1_360' title='bbox 200 2818 311 2845; x_wconf 68' lang='lat' dir='ltr'>marg:</span> <span class='ocrx_word' id='word_1_361' title='bbox 339 2816 467 2838; x_wconf 85' lang='lat' dir='ltr'>correct.</span> <span class='ocrx_word' id='word_1_362' title='bbox 491 2810 594 2838; x_wconf 89' lang='lat' dir='ltr'>multis</span> <span class='ocrx_word' id='word_1_363' title='bbox 616 2810 749 2837; x_wconf 84' lang='lat' dir='ltr'>variatis.</span> <span class='ocrx_word' id='word_1_364' title='bbox 878 2810 921 2839; x_wconf 85' lang='lat'>33.</span> <span class='ocrx_word' id='word_1_365' title='bbox 944 2811 985 2839; x_wconf 92' lang='lat' dir='ltr'>C:</span> <span class='ocrx_word' id='word_1_366' title='bbox 1014 2820 1094 2838; x_wconf 77' lang='lat' dir='ltr'>nunc</span> <span class='ocrx_word' id='word_1_367' title='bbox 1115 2811 1254 2846; x_wconf 80' lang='lat' dir='ltr'>quiescit.</span> <span class='ocrx_word' id='word_1_368' title='bbox 1372 2810 1417 2847; x_wconf 82' lang='lat'>37.</span> <span class='ocrx_word' id='word_1_369' title='bbox 1439 2811 1464 2838; x_wconf 88' lang='lat' dir='ltr'>D</span> <span class='ocrx_word' id='word_1_370' title='bbox 1486 2811 1515 2837; x_wconf 87' lang='lat' dir='ltr'>in</span> 
     </span>
     <span class='ocr_line' id='line_1_50' title="bbox 200 2845 1517 2880; baseline 0.001 -9"><span class='ocrx_word' id='word_1_371' title='bbox 200 2853 311 2880; x_wconf 67' lang='lat' dir='ltr'>marg:</span> <span class='ocrx_word' id='word_1_372' title='bbox 341 2845 413 2872; x_wconf 73' lang='lat' dir='ltr'>Mila</span> <span class='ocrx_word' id='word_1_373' title='bbox 432 2845 549 2879; x_wconf 71' lang='lat' dir='ltr'>Husco,</span> <span class='ocrx_word' id='word_1_374' title='bbox 570 2845 600 2873; x_wconf 92' lang='lat' dir='ltr'>id</span> <span class='ocrx_word' id='word_1_375' title='bbox 622 2850 677 2880; x_wconf 81' lang='lat' dir='ltr'>est7</span> <span class='ocrx_word' id='word_1_376' title='bbox 698 2846 861 2874; x_wconf 76' lang='lat' dir='ltr'>carissima</span> <span class='ocrx_word' id='word_1_377' title='bbox 881 2855 980 2873; x_wconf 78' lang='lat' dir='ltr'>anser.</span> <span class='ocrx_word' id='word_1_378' title='bbox 1002 2846 1122 2874; x_wconf 84' lang='lat' dir='ltr'>Husca:</span> <span class='ocrx_word' id='word_1_379' title='bbox 1151 2846 1444 2880; x_wconf 76' lang='lat' dir='ltr'>subintelligendum</span> <span class='ocrx_word' id='word_1_380' title='bbox 1472 2850 1517 2872; x_wconf 86' lang='lat' dir='ltr'>est</span> 
     </span>
     <span class='ocr_line' id='line_1_51' title="bbox 198 2878 1521 2916; baseline 0.001 -10"><span class='ocrx_word' id='word_1_381' title='bbox 198 2878 354 2907; x_wconf 81' lang='lat' dir='ltr'>Johannes</span> <span class='ocrx_word' id='word_1_382' title='bbox 379 2879 456 2911; x_wconf 75' lang='lat' dir='ltr'>Hus,</span> <span class='ocrx_word' id='word_1_383' title='bbox 486 2880 533 2907; x_wconf 89' lang='lat' dir='ltr'>cui</span> <span class='ocrx_word' id='word_1_384' title='bbox 564 2879 692 2907; x_wconf 87' lang='lat' dir='ltr'>Bohemi</span> <span class='ocrx_word' id='word_1_385' title='bbox 722 2881 848 2915; x_wconf 83' lang='lat' dir='ltr'>quidam</span> <span class='ocrx_word' id='word_1_386' title='bbox 880 2881 936 2908; x_wconf 88' lang='lat' dir='ltr'>hos</span> <span class='ocrx_word' id='word_1_387' title='bbox 974 2889 1132 2908; x_wconf 81' lang='lat' dir='ltr'>sermones</span> <span class='ocrx_word' id='word_1_388' title='bbox 1156 2879 1308 2908; x_wconf 79' lang='lat' dir='ltr'>Johannis</span> <span class='ocrx_word' id='word_1_389' title='bbox 1338 2880 1374 2908; x_wconf 86' lang='lat' dir='ltr'>de</span> <span class='ocrx_word' id='word_1_390' title='bbox 1401 2880 1521 2916; x_wconf 80' lang='lat' dir='ltr'>Wyclif</span> 
     </span>
     <span class='ocr_line' id='line_1_52' title="bbox 200 2913 641 2942; baseline 0.002 -2"><span class='ocrx_word' id='word_1_391' title='bbox 200 2913 281 2941; x_wconf 80' lang='lat' dir='ltr'>haud</span> <span class='ocrx_word' id='word_1_392' title='bbox 304 2913 396 2942; x_wconf 86' lang='lat' dir='ltr'>dubie</span> <span class='ocrx_word' id='word_1_393' title='bbox 416 2914 641 2942; x_wconf 79' lang='lat' dir='ltr'>adscribebant.</span> 
     </span>
    </p>
   </div>
   <div class='ocr_carea' id='block_1_11' title="bbox 1335 2963 1378 3000">
    <p class='ocr_par' dir='ltr' id='par_1_14' title="bbox 1335 2963 1378 3000">
     <span class='ocr_line' id='line_1_53' title="bbox 1335 2963 1378 3000; baseline 0 0"><span class='ocrx_word' id='word_1_394' title='bbox 1335 2963 1378 3000; x_wconf 73' lang='lat'>26</span> 
     </span>
    </p>
   </div>
  </div>
 </body>
</html>
