2017 3353
166 296 174 319 1
196 297 240 329 14
745 293 971 325 IOHANNIS
991 294 1173 326 WYCLIF
1201 293 1458 326 SERMONUM
1491 280 1643 337 [SERMO
1658 291 1753 319 XVII.

446 398 578 435 sensui
632 399 839 447 presencia
896 399 1241 447 imperfectissima,
1300 399 1514 436 scintillam
1568 400 1763 436 habemus

448 457 602 493 celestis
644 457 818 503 luminis,
858 459 965 506 quod
1005 458 1064 494 lex
1102 458 1249 494 Christi
1293 457 1343 494 sit
1385 470 1476 494 vera
1516 466 1553 494 et
1592 458 1651 494 lex
1689 458 1763 494 sibi

447 514 649 551 contraria
684 515 801 550 nimis
835 515 946 552 falsa.

931 638 1125 680 SERMO
1157 640 1284 681 XVII.

503 735 720 784 Assumpsit
757 735 867 770 Jesus
901 734 1099 770 duodecim
1135 734 1341 783 discipulos
1372 747 1461 771 suos
1499 742 1534 771 et
1577 735 1630 771 ait
1674 735 1797 772 illis.5

447 795 551 829 Luce
583 794 738 837 xviim
776 793 839 828 31.

158 848 434 911 ἆξῖξσὲξῇῧῗξζΐζιῐ
504 851 696 887 Doctrina
729 849 846 886 huius
881 850 1073 898 evangelii
1112 851 1258 886 nedum
1298 859 1450 898 spectat
1490 850 1766 899 principaliter

176 894 411 945 ;ι1“ιῗ1ι“ι·ιῑζῐῑ;ι”ης.
446 910 496 945 ad
529 909 704 956 prelatos
737 910 805 944 sed
839 909 1035 944 redundat
1067 908 1107 944 in
1139 908 1315 956 singulos
1349 908 1598 946 christianos.
1640 910 1766 945 Debet

447 966 551 1002 enim
600 965 839 1003 christianus
887 974 924 1002 et
970 975 1108 1014 pastor
1151 966 1339 1014 precipue
1382 979 1456 1014 pro
1500 966 1638 1003 ovibus
1685 966 1766 1002 suis

447 1033 589 1060 cuncta
623 1037 698 1073 que
731 1024 921 1072 possidet,
956 1024 1083 1061 eciam
1118 1037 1262 1072 corpus
1295 1037 1410 1060 suum
1444 1024 1631 1071 tribuere,
1672 1024 1825 1073 quia1o

447 1095 489 1118 ex
514 1082 590 1118 fide
613 1084 730 1118 debet
753 1094 994 1130 cognoscere
1019 1084 1126 1131 quod
1150 1083 1248 1118 dans
1271 1082 1407 1118 onmia
1430 1082 1504 1119 ista
1526 1083 1566 1118 in
1598 1083 1764 1119 caritate

447 1142 563 1176 debet
616 1153 636 1176 a
691 1142 774 1176 Deo
834 1140 1146 1178 retribucionern
1209 1141 1507 1176 habundantem
1570 1140 1765 1189 accipere.

446 1199 663 1247 Assumpsit
696 1198 893 1246 (inquam)
927 1199 1037 1234 Jesus
1070 1199 1269 1234 duodecim
1303 1199 1510 1248 discipulos
1541 1211 1630 1235 suos
1657 1206 1692 1235 et
1714 1199 1767 1234 ait

446 1257 522 1292 illis
555 1255 726 1304 qualiter
758 1256 797 1292 in
830 1257 920 1293 loco
952 1253 1236 1304 sollempniori'
1263 1269 1284 1292 a
1313 1269 1384 1292 suo
1408 1268 1550 1304 genere
1573 1256 1765 1304 pacietur.

447 1313 651 1362 Competit
684 1313 790 1350 enirn
823 1314 976 1362 pastori
1008 1314 1197 1362 precipue
1235 1316 1343 1363 quod
1382 1313 1531 1350 animet
1563 1327 1656 1350 suos
1689 1314 1822 1352 dis-15

159 1367 431 1438 1‘12i121⁴i⁵}}a52(i)(¹)'10110¹tg
448 1372 601 1420 cipulos
634 1374 840 1420 quomodo
874 1374 1017 1408 debent
1049 1372 1232 1409 similiter
1266 1371 1450 1408 militare.
1485 1374 1532 1408 Et
1562 1373 1634 1409 hec
1656 1371 1765 1408 racio

193 1439 325 1476 animate
346 1438 392 1465 his
448 1442 570 1478 quare
616 1430 797 1467 Christus
842 1439 923 1466 tam
969 1430 1171 1478 signanter
1221 1439 1257 1466 et
1294 1429 1452 1478 publice
1485 1430 1654 1478 predixit
1686 1430 1765 1466 suis

212 1473 380 1500 *OHOWOES'
448 1487 653 1536 discipulis
687 1497 767 1524 tam
800 1488 1027 1536 improbam
1053 1488 1292 1536 passionem.
1317 1489 1431 1534 Ecce,
1459 1487 1600 1536 inquit,
1634 1500 1764 1524 ascen-

449 1546 574 1581 dimus
604 1546 908 1597 Jerosolymam,
947 1559 1027 1582 non
1067 1546 1195 1582 coacti
1227 1547 1286 1582 vel
1319 1545 1514 1582 violencia
1546 1545 1663 1582 tracti
1695 1547 1764 1582 sed

447 1612 669 1651 spontanea
692 1605 909 1649 voluntate,
933 1612 968 1640 et
990 1605 1356 1640 consummabuntur
1380 1604 1504 1639 omnia
1528 1616 1598 1652 que
1619 1604 1764 1653 scripta
1782 1619 1823 1641 20

447 1669 533 1698 sunt
561 1674 635 1710 per
662 1662 878 1714 prophetas
907 1662 1052 1712 defilio
1076 1662 1249 1698 hominis.
1285 1661 1475 1707 Quamvis
1500 1661 1604 1697 enim
1628 1661 1765 1698 omnia

448 1732 523 1767 que
557 1719 737 1755 evenient
770 1721 817 1755 de
850 1720 1086 1756 necessitate
1110 1719 1302 1761 evenient,
1336 1719 1608 1756 necessariora
1630 1728 1765 1755 tamen

448 1786 537 1813 sunt
571 1790 646 1825 que
680 1780 785 1813 Deus
818 1777 927 1825 prius
960 1777 1143 1821 intendit,
1179 1787 1215 1814 et
1248 1777 1303 1813 sic
1337 1790 1424 1813 cum
1449 1777 1598 1825 scripta
1621 1790 1693 1813 sua
1715 1778 1765 1813 ad

448 1835 553 1871 intra
586 1844 719 1871 exarat
752 1835 964 1883 specialius
997 1848 1067 1884 per
1090 1837 1320 1883 prophetas,
1358 1844 1517 1883 oportet
1540 1834 1607 1871 illa
1630 1834 1767 1871 omnia

447 1893 708 1941 principalius
733 1893 1017 1930 consummari.
1049 1895 1243 1929 Tradetur
1265 1894 1361 1929 enim
1391 1893 1570 1929 Christus
1589 1893 1768 1943 gentibus
1783 1900 1823 1933 25

448 1964 491 1987 ex
523 1952 728 1987 voluntate
761 1960 898 1988 eterna
931 1951 993 1988 cui
1016 1951 1089 1987 fuit
1112 1964 1266 1987 summe
1290 1951 1492 1992 obediens,
1526 1958 1561 1986 et
1582 1951 1769 1987 illudetur

447 2017 481 2045 et
493 2009 770 2059 flagellabitur
801 2017 836 2045 et
867 2017 1111 2058 conspuetur,
1140 2005 1144 2062 Ι
1174 2018 1215 2045 ut
1240 2017 1348 2057 patet
1372 2021 1414 2045 ex
1438 2021 1626 2056 processu
1651 2021 1767 2045 evan-

447 2067 537 2114 gelii
583 2067 622 2102 in
667 2076 808 2103 eventu
854 2067 1055 2103 dominice
1095 2067 1304 2115 passionis.
1358 2068 1457 2103 Cum
1500 2065 1603 2102 enim
1643 2066 1767 2103 voluit

448 2125 708 2172 incorporare
740 2134 876 2173 gentes
911 2125 950 2161 in
983 2138 1096 2161 suam
1121 2124 1343 2165 ecclesiam,
1378 2124 1557 2172 oportuit
1587 2125 1694 2172 quod
1718 2125 1767 2160 ab

1811 1992 1886 2024 Fol.

1816 2036 1893 2070 1:33d

518 2255 537 2274 1.
559 2248 603 2274 A:
626 2256 728 2274 sensu.
793 2257 822 2281 4.
844 2248 872 2274 A
887 2247 916 2274 in
932 2255 1045 2282 marg:
1062 2246 1224 2274 Dominica
1246 2245 1519 2285 Quinquagesiine.
1541 2246 1651 2273 Sermo
1671 2245 1766 2273 x'vll.

448 2280 472 2308 5.
494 2282 522 2308 A
542 2282 571 2308 in
594 2290 707 2320 marg:
730 2290 798 2317 sup.
820 2282 940 2317 (singul.
964 2286 1064 2316 partes
1091 2281 1120 2308 in
1147 2289 1243 2316 marg.
1271 2282 1390 2308 abscise
1418 2285 1512 2307 suntr:
1540 2280 1598 2307 Res
1622 2281 1667 2308 ice
1686 2281 1767 2308 Luce

448 2315 563 2345 XVIII:
595 2324 712 2351 respice
745 2325 762 2343 O
796 2321 937 2354 peccator
963 2316 1095 2343 exterius
1122 2324 1180 2351 que
1207 2315 1384 2351 possedisti.
1414 2314 1485 2350 quia
1515 2323 1587 2342 mun
1614 2323 1665 2342 um
1696 2323 1764 2342 cum

448 2351 618 2383 contentis3
650 2350 766 2386 respice
796 2351 923 2378 mterius
954 2351 1026 2386 quid
1057 2350 1212 2386 accepisti,
1246 2350 1316 2385 quia
1342 2350 1422 2376 dona
1450 2358 1518 2376 cum
1548 2350 1766 2383 sacramentis;

449 2385 566 2420 respice
596 2386 724 2412 inferius
754 2385 826 2424 quid
859 2385 1008 2415 meruisti,
1049 2385 1120 2420 quia
1155 2385 1308 2412 infernum
1339 2393 1407 2411 cum
1439 2383 1618 2417 tormentis3
1650 2384 1767 2419 respice

449 2420 592 2454 superius
613 2420 686 2456 quid
709 2420 851 2449 amisisti.
897 2421 945 2447 uia
966 2421 1063 2447 celum
1086 2428 1155 2447 cum
1178 2419 1384 2449 ornamentis:
1407 2418 1523 2453 respice
1550 2418 1623 2480 auid
1651 2419 1767 2454 promi-

448 2454 524 2484 sisti.
547 2454 617 2489 quia
638 2455 728 2481 tidem
744 2455 807 2481 Deo
823 2460 850 2481 et
864 2464 881 2481 o
907 2455 1094 2483 edienciam:
1116 2454 1188 2489 quid
1210 2453 1404 2483 commisisti.
1426 2453 1496 2488 quia
1517 2461 1638 2488 cupam
1660 2454 1767 2480 volun-

448 2489 573 2518 tariam:
595 2489 667 2524 quid
685 2489 834 2519 meruisti.
852 2489 922 2523 quia
939 2498 1048 2525 penam
1065 2493 1260 2528 perpetuam:
1282 2488 1354 2523 quid
1377 2487 1520 2518 amisisti.
1542 2487 1612 2549 guia
1632 2488 1765 2523 graciam

448 2528 475 2550 et
495 2522 635 2558 gloriam.
670 2524 767 2551 Cecus
793 2529 918 2551 sanams
945 2524 1033 2551 debet
1055 2532 1205 2562 respicere
1225 2524 1323 2550 celum
1345 2527 1377 2550 ut
1396 2522 1525 2557 gaudeat
1567 2532 1581 2549 e
1602 2522 1767 2549 hereditate

449 2563 637 2593 recuperata.
668 2558 726 2585 Hic
747 2558 805 2585 nisi
833 2558 1000 2593 aspiciebat
1027 2563 1081 2586 etc.
1110 2558 1263 2585 infernum
1292 2562 1324 2585 ut
1349 2557 1455 2584 timeat
1474 2556 1581 2584 Matth.
1603 2557 1667 2585 X¹¹¹⁰
1687 2578 1693 2584 .
1711 2578 1716 2584 .
1735 2578 1741 2584 .
1759 2578 1766 2584 .

448 2597 502 2619 etc.
533 2601 600 2620 eum
629 2597 684 2620 etc.
713 2593 863 2620 mundum
885 2598 917 2620 ut
946 2594 1040 2628 fugiat
1068 2593 1191 2620 Nahum
1221 2593 1284 2622 ΙΙΙ..
1314 2593 1368 2628 qui
1396 2591 1509 2619 viderit
1536 2594 1566 2619 te
1595 2596 1650 2618 etc.
1682 2600 1767 2618 man-

451 2627 520 2654 data
542 2632 573 2654 ut
593 2627 719 2663 impleat
739 2627 819 2654 Iiccl.
842 2628 869 2654 I‘·
893 2627 1040 2655 Salutare-
1059 2627 1244 2668 sacrtficium
1274 2631 1329 2654 etc.
1357 2627 1446 2653 psov.
1468 2626 1519 2652 III.
1548 2631 1708 2661 paternum
1735 2630 1767 2653 ut

449 2662 584 2689 imitetur
611 2667 665 2689 etc.
694 2670 839 2702 maguum
864 2663 1014 2698 gaudium
1040 2667 1094 2689 etc.
1124 2662 1163 2690 Se
1188 2662 1290 2697 ipsum
1322 2666 1353 2688 ut
1382 2660 1558 2688 humilietur
1588 2668 1619 2687 se
1649 2669 1704 2701 pro
1740 2665 1767 2687 te

449 2697 564 2724 Micllee
584 2697 642 2724 vlu
668 2697 847 2724 lzumtlmcio
868 2700 919 2723 tua
940 2702 995 2724 ete.
1092 2705 1118 2732 7.
1139 2698 1182 2724 A:
1205 2700 1322 2731 spectat
1341 2695 1522 2730 specialiter.
1615 2703 1655 2722 10.
1678 2696 1717 2722 L:
1740 2700 1767 2721 et

448 2739 571 2766 corpus,
700 2739 736 2758 12.
761 2731 799 2758 C:
823 2731 1041 2758 habundatem.
1178 2731 1214 2758 15.
1238 2730 1277 2758 C:
1300 2730 1444 2765 precipue
1466 2734 1513 2762 ut;
1533 2730 1584 2768 A:
1607 2729 1766 2764 precipuo.

448 2774 493 2792 20.
517 2766 633 2793 Codd.:
656 2774 725 2793 cum
741 2766 1050 2792 consummabuntur.
1108 2774 1150 2793 22.
1167 2765 1233 2792 BC:
1256 2765 1434 2792 necessitate
1455 2768 1613 2793 eveniunt:
1635 2764 1675 2791 ib,
1697 2764 1767 2790 AB:

450 2801 632 2827 necessaria.
742 2799 784 2827 213.
808 2800 874 2827 BC.-
898 2800 1049 2835 scriptura
1072 2809 1136 2827 sua.
1228 2800 1272 2827 25.
1293 2801 1337 2826 A:
1360 2799 1522 2834 specialius
1543 2799 1765 2825 consummari.

448 2836 493 2861 2⁵¹.
517 2836 560 2862 A:
584 2834 661 2862 Cum
685 2835 786 2870 itaque
808 2834 905 2861 voluit
925 2834 1129 2869 incorporari.

518 2916 538 2945 4
578 2907 628 2937 Cf.
660 2906 825 2948 wyclif's
845 2908 1012 2937 Sermons
1039 2907 1092 2937 ed.
1121 2906 1428 2948 byArnold.V01.
1456 2905 1478 2944 I,
1505 2915 1536 2947 p.
1573 2903 1671 2935 106Η
1691 2903 1764 2935 108.
