2017 3353
162 302 215 340 42
737 295 961 327 JOHANNIS
981 294 1165 327 WYCLIF'
1194 292 1451 325 sERMoNUM
1536 278 1694 334 [SERMO
1708 287 1761 315 VI·

178 413 280 440 Dumb
302 412 415 451 priests
447 402 592 440 lizacio
626 411 662 438 et
694 401 919 440 infidelium
953 400 1213 450 impugnacio
1238 399 1477 436 omittenda.
1511 399 1762 435 Erubescant

213 447 386 509 fflguffimgj
448 461 586 509 itaque
627 459 715 496 falsi
761 460 903 498 fratres
948 470 986 497 et
1025 459 1258 508 quicunque
1299 457 1400 493 muti
1440 456 1661 505 presbyteri
1695 466 1762 492 aut

163 515 432 580 thssfr'iaoffa‘id‘iie.
448 519 655 564 vecordes,
691 517 759 566 qui
793 530 837 554 ex
870 519 940 556 tali
974 530 1098 554 causa
1131 516 1329 553 omittunt
1360 515 1488 563 legem
1523 514 1596 551 Dei
1629 513 1762 550 defen-

451 579 543 613 dere
576 577 623 613 de
647 575 731 612 eius
756 577 954 623 potencia,
991 577 1038 612 de
1077 575 1160 612 eius
1184 573 1457 622 providencia,
1493 571 1697 620 sapiencia
1720 584 1764 608 ac

451 647 610 672 summa
643 634 864 672 clemencia
887 636 1168 682 desperantes;
1203 640 1240 668 et
1263 630 1425 679 capiant
1450 630 1696 667 evidenciam
1722 633 1797 665 ex}

451 706 522 730 sua
545 691 828 741 predicacione
852 702 983 738 acuta,
1019 704 1101 728 non
1133 699 1300 738 propter
1340 688 1498 725 ruinam
1540 687 1764 724 infidelium

451 750 691 796 omittentis,
726 762 817 786 cum
851 750 936 798 ipse
970 750 1020 787 ad
1053 751 1130 785 hoc
1153 760 1235 784 non
1259 745 1370 783 dedit
1392 745 1661 792 occasionem,
1696 746 1765 781 sed

451 808 637 858 permisit
670 808 927 845 occasionem
962 806 1066 844 male
1099 805 1226 853 accipi
1260 805 1310 842 ad
1344 804 1474 840 maius
1517 805 1668 840 bonum
1703 815 1764 840 ec-

453 867 584 904 clesie.
624 868 673 903 Et
707 875 816 913 patet
839 867 950 914 quod
975 864 1205 913 supradicta
1229 861 1396 899 omissio
1422 874 1513 898 cum
1548 874 1619 898 sua
1641 861 1766 909 negli-

453 924 593 974 gencia
627 933 747 971 atque
779 924 970 961 vecordia
1003 923 1114 972 ipsos
1145 923 1352 969 dampnat,
1388 933 1479 957 cum
1502 932 1584 956 non
1617 919 1658 955 in
1689 920 1766 955 hoc
1786 933 1825 954 10

453 991 645 1020 secuntur
678 982 898 1029 Christum,
944 983 1013 1018 sed
1058 981 1353 1028 blasphemant,
1394 979 1650 1026 imponentes
1690 976 1766 1013 sibi

455 1040 687 1085 stulticiam,
729 1040 824 1088 quia
857 1040 1048 1088 operibus
1088 1038 1173 1075 eius
1214 1047 1272 1074 est
1306 1036 1458 1074 desidia
1498 1048 1638 1073 eorum
1673 1048 1768 1072 con-

165 1097 437 1161 iiiitiscohbrjiictoedffd
454 1099 590 1137 traria.
644 1100 693 1134 Et
726 1097 757 1134 si
791 1098 976 1135 obiciunt
1009 1098 1119 1146 quod
1154 1095 1337 1133 Christus
1369 1095 1430 1132 vel
1461 1094 1535 1130 fuit
1566 1093 1768 1142 impotens

197 1173 249 1195 not
270 1167 338 1202 help
361 1168 410 1193 the
455 1158 504 1194 ad
529 1157 749 1193 iuvandum
773 1157 919 1192 Judeos
944 1166 1084 1193 contra
1114 1153 1322 1191 diabolum
1346 1153 1493 1203 quibus
1523 1151 1659 1189 taliter
1682 1163 1769 1199 pre-

166 1202 438 1265 Ψὲζιζῗῑῖἷζῧῖἓῗὴ
457 1214 617 1261 dicavit,
642 1214 703 1250 vel
736 1215 914 1251 secundo
950 1214 1025 1250 fuit
1058 1213 1216 1249 invidus
1251 1220 1394 1259 potens
1419 1212 1514 1247 dare
1539 1209 1594 1246 eis
1627 1209 1826 1246 suffra-15

455 1274 564 1322 gium
621 1273 732 1320 quod
788 1272 994 1318 subtraxit,
1052 1271 1113 1307 rel
1162 1270 1288 1306 tercio
1340 1282 1422 1306 non
1473 1267 1567 1304 fecit
1614 1267 1770 1304 miseri-

456 1330 693 1368 cordissime
732 1331 793 1368 vel
833 1330 1000 1378 optime,
1047 1342 1137 1366 cum
1180 1327 1336 1365 fecisset
1369 1326 1592 1376 graciosius
1637 1334 1769 1362 totum

456 1389 571 1425 ilium
605 1389 804 1436 populum
839 1389 1124 1434 convertendo,
1159 1386 1308 1423 dicitur
1339 1385 1450 1435 quod
1483 1397 1565 1421 non
1598 1393 1656 1420 est
1689 1383 1770 1420 evi-

457 1447 598 1484 dencia
633 1448 770 1494 quoad
805 1446 996 1494 primum,
1031 1459 1121 1482 cum
1144 1447 1252 1492 Deus
1276 1457 1318 1480 ex
1342 1442 1616 1480 immensitate
1639 1441 1770 1490 gracie

458 1507 525 1542 dat
560 1504 726 1541 cuilibet
764 1504 919 1541 homini
952 1503 1241 1540 sufficienciam
1284 1503 1334 1539 ad
1375 1500 1666 1538 beatitudinem
1701 1500 1769 1536 ad-
1787 1513 1828 1534 20

456 1563 699 1612 quirendam
734 1573 771 1600 et
805 1576 896 1600 cum
928 1563 1004 1599 hoc
1028 1561 1235 1598 dimittens
1270 1560 1403 1608 ipsum
1437 1572 1510 1596 suo
1545 1558 1673 1594 libero
1708 1570 1770 1594 ar—

456 1621 576 1658 bitrio
623 1622 690 1657 dat
736 1633 876 1658 suaves
915 1620 1130 1657 instinctus
1177 1628 1214 1656 et
1247 1618 1439 1655 auxilium
1475 1617 1524 1653 ad
1565 1615 1771 1652 meritorie

457 1680 722 1728 operandum.
758 1680 903 1723 Quoad
933 1679 1169 1723 secundum,
1205 1685 1314 1724 patet
1336 1676 1447 1724 quod
1471 1687 1553 1710 non
1577 1683 1635 1711 est
1658 1673 1772 1710 color

457 1739 497 1774 in
530 1737 746 1783 evidencia,
782 1749 873 1773 cum
897 1736 985 1785 plus
1019 1736 1129 1772 iuvat
1162 1748 1228 1771 eos
1262 1746 1383 1782 quam
1417 1732 1561 1769 mereri
1584 1740 1772 1779 poterant

458 1797 505 1832 de
538 1795 754 1843 condigno,
789 1808 861 1831 nec
894 1807 1073 1843 unquam
1109 1792 1312 1830 subtrahit
1345 1805 1367 1828 a
1391 1803 1598 1840 quoquam
1631 1789 1773 1826 suffra·
1790 1793 1829 1824 25

459 1854 583 1902 gium,
617 1853 695 1890 nisi
727 1853 812 1889 eius
845 1852 1094 1901 ingratitudo
1119 1850 1332 1899 culpabilis
1356 1849 1406 1886 sit
1429 1849 1469 1885 in
1493 1861 1626 1885 causa.
1663 1849 1771 1892 Quo-

460 1913 509 1948 ad
544 1911 714 1948 tercium
738 1911 900 1947 videtur
929 1911 1039 1959 quod
1072 1910 1112 1946 in
1146 1909 1234 1957 ipso
1257 1908 1306 1945 sit
1329 1907 1460 1944 maior
1492 1905 1771 1954 probabilitas,

169 1967 443 2029 ΟΟ-ξὸἀὲξξῐῖζιὴὸῑ
519 1970 595 2006 Sed
641 1969 792 2006 dicitur
820 1968 824 2017 Ι
854 1970 903 2005 ad
949 1968 1048 2004 illud
1094 1966 1365 2004 communiter
1409 1966 1518 2014 quod
1562 1963 1775 2011 tripliciter

223 2038 337 2075 *regar-1
360 2041 391 2063 to
461 2037 594 2076 potest
628 2027 799 2075 intelligi
822 2029 950 2063 Deum
987 2038 1144 2062 summe
1167 2024 1412 2069 benefacere,
1452 2022 1513 2059 vel
1536 2020 1775 2069 simpliciter

199 2072 415 2133 ¹2,i{}¹21⁵te¹5fge¹r¹¹{'st
460 2086 594 2135 quoad
640 2086 771 2133 ipsum
811 2084 871 2120 vel
917 2083 1159 2132 simpliciter
1199 2082 1335 2130 quoad
1380 2093 1481 2128 opus
1527 2080 1772 2127 productum
1790 2083 1831 2116 30

213 2141 410 2203 ῧΞ-ῧῑεῑὲὃξέἳ
459 2144 519 2180 vel
549 2152 788 2190 utrumque;
824 2141 956 2189 primo
991 2142 1114 2177 modo
1140 2143 1247 2176 Deus
1272 2139 1366 2176 facit
1395 2135 1774 2174 misericordissime

385 2197 389 2202 ¹
461 2200 662 2250 quidquid
686 2200 793 2246 facit,
820 2209 857 2236 et
880 2212 950 2247 per
979 2210 1229 2247 consequens
1258 2209 1415 2234 summe
1444 2198 1562 2243 bene;
1596 2194 1773 2231 secundo

463 2260 586 2296 modo
632 2270 716 2294 non
761 2258 874 2293 decet
906 2259 1035 2293 Deum
1081 2256 1210 2293 facere
1243 2267 1399 2291 summe
1432 2255 1544 2299 bene,
1591 2252 1687 2302 quia
1719 2251 1776 2288 sic

463 2329 566 2366 opus
613 2329 729 2352 suum
776 2327 932 2351 summe
977 2316 1127 2350 bonum
1174 2314 1274 2350 foret
1314 2312 1390 2349 sibi
1424 2311 1577 2360 equale,
1626 2320 1663 2347 et
1707 2321 1778 2357 per

464 2376 568 2412 idem
602 2387 684 2410 non
716 2373 841 2409 tercio
876 2373 998 2408 modo
1025 2372 1177 2420 optime
1211 2370 1306 2408 facit
1329 2370 1568 2419 quidquam,
1602 2370 1671 2406 sed
1704 2380 1776 2415 op-
1793 2372 1832 2406 35

465 2433 559 2470 time
605 2430 793 2481 producit
840 2431 990 2475 filium,
1041 2443 1131 2467 cum
1177 2430 1226 2466 sit
1276 2427 1559 2477 opportunitas
1607 2435 1687 2463 tam
1737 2425 1777 2462 in

1819 1945 1893 1994 Foi.

1824 1994 1900 2032 140⁶*

533 2575 552 2594 1.
569 2567 612 2594 A:
633 2566 864 2601 impungnacio.
972 2575 1000 2596 4.
1023 2565 1066 2592 Α;
1089 2563 1278 2599 potetencia3
1300 2563 1374 2590 ibid.
1397 2564 1443 2590 A:
1462 2561 1590 2597 provida
1610 2558 1776 2594 sapiencia.

463 2612 494 2635 4,
515 2601 540 2630 5,
561 2602 606 2629 A:
627 2608 662 2628 ac
682 2600 848 2627 sentencia.
923 2600 949 2626 6.
972 2602 1015 2626 A:
1037 2604 1124 2626 acuta
1146 2599 1240 2626 deest.
1314 2606 1340 2633 7.
1363 2597 1404 2626 C:
1425 2597 1535 2624 adhuc.
1614 2593 1642 2622 8.
1662 2595 1706 2632 A:
1727 2601 1777 2631 oc·

463 2637 620 2664 casionem
643 2635 779 2662 materie.
853 2642 880 2669 9.
897 2634 963 2661 BC:
980 2634 1158 2668 supradicta
1178 2633 1271 2660 racio.
1345 2633 1380 2660 13.
1404 2632 1476 2659 Ain
1492 2638 1608 2665 marg:
1631 2629 1777 2656 Obiecmo

464 2672 590 2706 triplex:
613 2679 633 2703 1,
649 2677 674 2705 2,
690 2668 720 2704 33
742 2669 763 2696 B
779 2669 808 2696 in
825 2677 939 2703 marg:
962 2668 1108 2695 Obieccio
1123 2668 1249 2701 frivola3
1272 2666 1314 2696 C:
1330 2666 1403 2694 facit
1422 2668 1588 2701 impotens.
1650 2664 1690 2690 16.
1710 2661 1776 2690 BC:

463 2707 557 2734 tercio
578 2706 672 2733 deest.
762 2704 803 2730 ιδ.
825 2703 889 2731 BC:
912 2703 1015 2739 quoad
1038 2704 1204 2738 populum;
1231 2706 1258 2730 A
1285 2704 1315 2729 in
1337 2709 1452 2733 marga
1479 2699 1605 2727 Solucio
1626 2698 1738 2732 triplex
1757 2705 1777 2724 r.

465 2749 511 2774 20,
538 2748 583 2774 2¹3
615 2739 655 2767 C:
688 2738 927 2773 adquirendum.
1070 2746 1110 2764 21.
1143 2741 1186 2765 A:
1217 2737 1371 2764 dimittens
1407 2735 1581 2763 hominem:
1619 2733 1776 2759 hominem

465 2775 563 2803 added
586 2776 670 2802 later.
781 2772 824 2800 23.
844 2774 873 2800 A
895 2774 923 2799 in
945 2780 1060 2806 marg:
1082 2779 1107 2799 2.
1134 2772 1156 2799 B
1177 2772 1207 2799 in
1229 2779 1343 2805 marg.:
1365 2770 1467 2803 (black
1486 2769 1548 2802 ink)
1570 2767 1672 2802 Quare
1695 2767 1777 2793 Deus

465 2818 526 2838 non
547 2810 622 2837 iuvit
642 2808 727 2836 inum
749 2808 900 2842 populum
922 2812 1030 2834 contra
1051 2806 1323 2842 dampnacionem,
1344 2813 1414 2832 cum
1437 2803 1548 2839 potuit,
1570 2810 1640 2830 curn
1656 2800 1779 2828 fecisset

467 2845 576 2871 melius
597 2848 697 2872 totum
718 2850 759 2877 po
788 2844 873 2870 ulum
894 2842 1112 2869 convertendo.
1233 2848 1279 2873 24.
1301 2839 1372 2867 BC:
1395 2839 1475 2866 inuit
1495 2845 1557 2865 eos.
1579 2838 1627 2862 A:
1649 2843 1777 2863 merere.

467 2881 550 2914 27.A
571 2879 600 2906 in
623 2885 738 2912 marg.:
778 2900 783 2904 .
856 2875 902 2903 28.
918 2876 939 2902 Β
955 2876 984 2903 in
1003 2883 1120 2910 marg.:
1142 2875 1320 2911 Tripliciter
1339 2873 1519 2905 intelligitur
1534 2872 1631 2899 Deum
1653 2878 1778 2898 summe

465 2912 653 2941 benefacere.
761 2912 805 2941 36.
829 2912 871 2939 A:
892 2911 967 2938 illud
987 2917 1061 2937 non.
1169 2911 1212 2944 37.
1235 2909 1275 2939 C:
1297 2909 1465 2944 optunitas.
