2017 3353
211 236 214 239 ⁴
255 252 390 280 SERMO
405 241 588 299 xxxvnr]
766 253 905 285 PRiMA
935 253 1062 284 PARS.
1778 254 1798 279 2
1810 243 1855 280 55

254 370 396 398 natura
430 360 467 396 in
503 359 812 408 comparacione
845 360 895 395 ad
928 358 1058 406 ipsum
1093 357 1141 394 sit
1175 359 1318 394 umbra
1351 366 1387 393 et
1421 370 1565 393 vanum

254 431 380 468 prope
413 418 548 454 nichil.

309 476 466 513 Tribuit
519 485 652 512 autem
711 476 832 511 homo
885 474 1071 511 virtuosis
1123 473 1176 510 eis
1228 473 1420 513 debitum,
1478 479 1860 519 ciiiiiT0111egoodsx·e

255 534 360 582 ipsos
405 533 580 570 defendit
624 534 683 570 vel
729 533 833 569 fovet
878 532 917 568 in
968 532 1181 568 virtutibus
1227 540 1263 567 et
1309 519 1848 584 prohibeneia('‘⁸'3'„³5³j⁵v¹?,¹1³g¹¹⁶“

220 592 333 629 5sive
377 592 453 628 sint
500 591 691 628 mundani
738 592 910 627 honores
954 591 1034 626 sive
1074 589 1315 637 temporalia
1354 591 1571 637 prudenter
1632 584 1814 619 *¹¹'¹¹¹‘¹¹¹⁸¹>'·

253 650 451 686 subtrahit
495 663 541 686 ac
586 649 711 686 tercio
751 658 788 685 et
826 657 1033 697 postremo
1067 661 1156 684 curn
1191 647 1295 695 parit
1329 648 1383 683 eis
1416 647 1571 684 abiecta

253 721 404 756 organa
449 707 735 756 temporalium
780 715 975 755 quantum
1017 715 1074 742 est
1114 705 1167 742 eis
1207 705 1474 741 necessarium
1522 706 1570 741 ad

251 766 429 803 virtutes.
471 768 675 812 Quantum
716 766 766 801 ad
804 764 987 810 viciosos,
1035 773 1144 812 patet
1191 763 1297 799 iuxta
1343 776 1569 800 sermonem

252 824 479 872 proximum
514 825 622 872 quod
657 824 801 860 debent
836 821 1150 859 misericorditer
1190 821 1389 869 castigari,
1431 834 1453 858 a
1491 821 1571 857 suis
1595 825 1643 853 To
1664 826 1713 853 the
1734 826 1851 865 viciqus

197 882 461 919 1o1naleficiis
494 881 685 918 refrenari
719 890 755 918 et
789 881 827 917 in
861 894 954 917 casu
989 882 1036 916 de
1069 881 1203 916 seculo
1237 879 1336 915 tolli.
1368 879 1433 916 Sic
1466 879 1570 916 enim
1588 861 1859 931 ⁸*'{‚3‡‡}}1¹1¹1³{{1C1¹1¹f¹¹

252 940 343 977 fecit
359 942 497 976 Petrus
521 953 610 976 cum
634 939 789 976 Anania
813 948 850 975 et
873 938 1044 987 Saphira
1069 947 1105 974 et
1134 938 1189 974 sic
1213 937 1390 986 undique
1412 946 1572 985 oportet

252 999 340 1046 plus
374 999 609 1034 habundare
641 997 841 1034 iusticiam
884 997 1062 1033 fidelium
1098 1009 1218 1045 quam
1254 1004 1426 1032 artatam
1462 995 1572 1031 iusti-

252 1056 353 1093 ciam
388 1055 610 1093 scribarum
651 1065 687 1092 et
719 1056 1013 1104 phariseorum,
1055 1055 1129 1091 hoc
1163 1063 1232 1099 est,
1274 1053 1568 1090 causidicorum

252 1124 288 1151 et
334 1114 614 1162 religiosorum
654 1113 797 1162 privati
843 1113 1008 1159 ordinis,
1049 1112 1129 1149 sive
1167 1112 1245 1149 sint
1284 1112 1570 1159 possessionati

197 1175 234 1209 15
252 1182 293 1209 ut
339 1172 527 1209 monachi
564 1173 625 1209 vel
664 1171 847 1209 canonici
886 1171 965 1207 sive
1004 1171 1159 1217 fratres,
1205 1170 1298 1219 quia
1338 1170 1454 1207 aliter
1492 1183 1571 1205 non

251 1230 456 1267 intrabunt
489 1230 528 1266 in
561 1243 773 1267 numerum
809 1229 1018 1266 militantis
1051 1228 1216 1265 ecclesie
1238 1230 1299 1265 vel
1320 1228 1572 1276 triumphan-

252 1288 357 1325 cium
391 1290 614 1325 beatorum.
649 1290 764 1325 Unde
797 1287 978 1324 Christus
1012 1296 1177 1335 propter
1216 1286 1570 1335 imperfeccionem

250 1346 532 1383 strictitudinis
577 1346 693 1382 huius
739 1346 829 1382 ficte
873 1345 1029 1382 iusticie
1074 1358 1154 1381 non
1206 1344 1392 1393 dignatur
1442 1345 1570 1393 ipsam

251 1404 354 1441 inter
386 1404 563 1441 iusticias
597 1404 779 1453 explicite
812 1403 1022 1440 nominare
1046 1404 1114 1439 sed
1139 1416 1226 1440 earn
1262 1402 1469 1439 modificat
1502 1415 1572 1451 per

192 1476 235 1499 20
250 1463 467 1500 terminum
501 1462 801 1499 distrahentem.
835 1465 883 1498 Et
916 1461 956 1498 in
994 1460 1199 1498 artacione
1236 1461 1311 1498 ista
1346 1460 1571 1509 pharisaica

251 1530 412 1558 cecatur
444 1522 630 1569 populus,
664 1534 745 1558 non
778 1522 943 1557 credens
976 1532 1060 1556 esse
1092 1519 1292 1556 iusticiam
1325 1520 1386 1556 vel
1418 1519 1571 1556 iniusti-

251 1579 353 1616 ciam
387 1578 461 1615 nisi
495 1579 602 1616 circa
633 1578 875 1627 temporalia
898 1591 973 1627 que
1007 1578 1247 1615 sensibiliter
1280 1586 1446 1626 possunt
1479 1577 1570 1614 emi.

251 1639 299 1673 Et
332 1638 463 1674 adhuc
497 1646 702 1674 mensurat
734 1637 774 1673 in
806 1637 883 1673 illis
917 1638 1137 1673 secundum
1164 1635 1408 1673 tradiciones
1431 1637 1571 1672 huma-

250 1708 321 1732 nas
354 1695 566 1732 iusticiam.

196 1756 235 1790 25
310 1753 487 1789 Audistis
532 1753 626 1802 quia
671 1766 715 1789 ex
759 1751 999 1789 seduccione
1043 1751 1270 1800 pharisaica
1317 1751 1468 1788 dictum
1514 1761 1571 1788 est

252 1811 444 1860 antiquis:
478 1812 565 1847 Non
598 1812 760 1858 occides,
793 1810 886 1859 quia
918 1811 1047 1847 solum
1081 1810 1267 1846 occidens
1307 1809 1572 1858 corporaliter

253 1869 453 1918 punietur,
499 1882 589 1905 cum
637 1868 834 1917 cogitacio
878 1870 939 1905 vel
985 1868 1119 1917 passio
1165 1867 1309 1905 mentis
1354 1881 1434 1904 non
1479 1881 1570 1916 pro-

254 1929 396 1964 cedens
430 1927 670 1964 extrinsecus
705 1927 744 1963 in
778 1927 962 1964 effectum
1004 1940 1084 1963 non
1122 1935 1239 1963 nocet
1273 1926 1451 1963 ecclesie.
1493 1927 1570 1962 Sed

254 1998 324 2034 ego
360 1985 449 2022 dico
482 1985 594 2022 vobis
628 1987 736 2034 quod
769 1994 860 2022 ante
899 1998 1000 2033 opus
1034 1986 1113 2021 tale
1146 1984 1332 2021 sensibile
1366 1993 1422 2021 est
1455 1996 1570 2021 vene-

195 2048 237 2080 30
253 2057 347 2080 num
383 2043 579 2080 inclusum
615 2043 654 2080 in
687 2043 822 2080 anima
852 2045 960 2092 quod
993 2044 1081 2091 plus
1114 2052 1230 2079 nocet
1265 2042 1443 2088 ecclesie,
1479 2055 1568 2078 cum
1597 2047 1697 2085 Thi-ee
1718 2047 1843 2086 degreqs

252 2115 331 2138 non
365 2111 528 2138 exeunte
560 2111 727 2150 peccato
759 2101 966 2138 iracundie
998 2114 1078 2137 non
1111 2102 1334 2150 procedunt
1359 2101 1571 2137 malefacta
1586 2084 1859 2144 „viiitciiuiffirtiiiust

253 2159 494 2197 extrinsecus
527 2173 603 2209 que
626 2173 697 2209 per
720 2159 905 2196 accidens
938 2168 1028 2196 sunt
1062 2161 1401 2208 peccatum.Tres
1435 2168 1567 2195 autem
1656 2152 1786 2179 beu-are.

252 2227 342 2254 sunt
386 2220 532 2266 gradus
576 2218 732 2255 virtutis
776 2218 988 2255 irascibilis
1039 2217 1106 2266 qui
1156 2217 1195 2253 in
1246 2217 1428 2254 fidelibus
1479 2226 1570 2253 sunt

253 2276 438 2313 cavendi:
473 2276 627 2324 primus
661 2286 717 2313 est
751 2289 840 2312 cum
882 2276 968 2325 quis
1007 2275 1345 2312 irracionabiliter
1384 2275 1570 2312 irascitur

196 2338 236 2371 35
252 2333 365 2371 fratri
410 2347 494 2371 suo.
528 2336 641 2371 Tunc
687 2334 792 2371 enim
837 2334 1005 2371 incurrit
1051 2333 1229 2370 divinum
1274 2333 1482 2370 iudicium.
1529 2333 1568 2370 Si

253 2401 386 2429 autem
421 2392 509 2441 quis
542 2392 727 2429 irascitur
760 2394 809 2429 ad
832 2392 904 2429 Dei
936 2392 1124 2429 iniuriam
1148 2392 1434 2429 vindicandum
1469 2391 1570 2427 sicut

254 2452 359 2487 Deus
393 2459 429 2487 et
462 2452 631 2499 Moyses,
667 2450 830 2487 indubie
853 2459 1119 2499 promeretur,
1154 2451 1223 2487 sed
1246 2458 1407 2499 oportet
1431 2462 1570 2486 cavere

323 2581 342 2600 l.
364 2574 408 2600 A:
430 2577 457 2600 et
478 2581 618 2600 vacuum.
681 2572 706 2600 3.
727 2574 755 2600 A
775 2573 805 2600 in
827 2581 940 2608 marg:
962 2581 994 2603 2:
1021 2573 1061 2600 ib.
1084 2573 1149 2601 BC:
1172 2572 1339 2600 virtuosus.
1404 2572 1432 2599 6.
1455 2572 1520 2600 BC:
1542 2576 1567 2599 et

252 2608 346 2635 tercio
367 2616 416 2638 ac:
438 2608 478 2634 ib.
494 2607 586 2637 dum:
607 2608 646 2635 ib.
662 2609 706 2635 A:
729 2613 837 2643 parant
852 2608 911 2642 eis;
932 2608 973 2635 ib.
991 2608 1056 2636 BC:
1078 2609 1206 2635 obiecta.
1282 2616 1322 2635 10.
1345 2608 1384 2635 13:
1406 2608 1568 2636 maleficis:

252 2643 292 2669 ib.
314 2642 353 2670 C:
377 2642 535 2669 reservari.
620 2651 653 2669 11.
674 2642 745 2670 AC:
767 2642 899 2677 Saphira
920 2643 972 2670 sic.
1056 2643 1093 2670 15.
1115 2643 1153 2670 C:
1178 2643 1264 2669 aliter
1285 2643 1378 2669 deest.
1463 2642 1501 2669 ιδ.
1523 2643 1567 2668 A:

253 2677 495 2706 structitudinis:
526 2677 565 2703 ib.
589 2678 626 2704 1³:
659 2677 836 2704 huiusmodi
866 2678 948 2709 ficte:
979 2678 1018 2705 ib.
1051 2678 1116 2705 BC:
1147 2677 1340 2712 dedignatur.
1437 2685 1478 2712 io.
1502 2677 1567 2703 HC:

251 2712 391 2747 explicite
412 2712 504 2739 deest.
579 2721 624 2739 20.
647 2712 696 2739 BC
717 2713 761 2746 (ut
781 2712 978 2747 plurimum):
1001 2712 1172 2748 phariseica
1250 2711 1296 2739 26.
1320 2712 1360 2738 (jz
1382 2712 1452 2746 quia
1474 2711 1566 2738 deest.

252 2749 296 2773 28,
317 2747 361 2774 A:
384 2747 499 2773 effectu.
556 2746 594 2774 31.
615 2748 659 2774 A:
682 2755 742 2773 non
764 2747 920 2774 existente.
986 2748 1029 2775 32.
1052 2749 1094 2774 A:
1117 2747 1270 2782 Triplices
1291 2752 1409 2775 autem:
1431 2747 1471 2772 ib.
1495 2746 1515 2772 Β
1538 2746 1565 2772 iu

252 2790 366 2820 marm:
388 2781 467 2808 Nota
489 2781 524 2808 de
546 2781 599 2808 ira.
682 2781 725 2817 37.
748 2782 769 2808 B
791 2782 819 2808 in
842 2790 954 2817 marg:
983 2783 1096 2809 Omnia
1118 2782 1287 2808 extrinseca
1309 2789 1400 2815 opera
1423 2786 1492 2807 sunt
1516 2789 1568 2816 per

251 2802 394 2843 accnffens
420 2821 543 2851 peccata
563 2816 614 2843 sed
637 2816 665 2843 in
688 2816 790 2843 anima
811 2825 864 2851 per
885 2826 924 2843 se.

324 2877 375 2909 33.
403 2877 453 2909 Cf.
480 2877 696 2919 Trialogum‚
729 2877 787 2918 175
815 2887 914 2920 seqq.
