2017 3353
0 260 10 281 v
0 0 17 243 '⁷⁷'V''·'·‘·'ae'-!

220 268 356 299 sentio
372 259 456 313 XII]
728 270 867 301 PRIMA
898 269 1022 301 PARS.

220 379 362 416 simam
398 377 624 426 premiabit,
660 385 697 413 et
729 376 786 412 sic
820 388 863 412 ex
896 375 973 412 fide
1007 388 1146 412 sumus
1180 375 1395 412 certissimi
1426 378 1534 424 quod

220 448 398 485 tempore
441 448 514 472 suo
560 444 619 472 est
663 434 745 470 dies
791 433 955 479 iudicii;
1001 435 1069 470 sed
1114 434 1277 482 quando
1323 443 1359 469 et
1411 446 1532 481 quam

220 496 416 532 distanter
459 495 507 530 ab
540 494 617 530 hoc
657 491 821 529 instanti
861 501 1024 540 oportet
1062 504 1135 528 nos
1175 492 1396 528 secundum
1440 492 1535 528 doc-

220 554 365 591 trinam
400 551 593 600 evangelii
628 551 814 599 ignorare
847 554 904 595 (ut
937 559 1046 598 patet
1070 550 1212 586 Matth.
1246 550 1388 586 XXIVO
1423 559 1460 586 et
1494 549 1533 586 in

187 614 405 648 Ssermone
448 611 502 646 V0
536 611 575 646 in
621 609 724 655 fine).
772 609 888 644 Unde
926 608 1037 645 stulti
1072 617 1109 645 et
1143 607 1293 644 curiosi
1326 607 1395 656 qui
1428 608 1534 644 circa

218 671 294 706 hoc
332 680 372 705 se
412 681 512 706 vane
551 666 773 704 sollicitant
812 675 905 703 sunt
939 665 1240 703 racionabiliter
1284 665 1532 714 increpandi.

218 729 259 763 In
305 726 419 764 cuius
467 726 627 775 signum
683 727 789 761 Deus
841 724 992 763 cecavit
1037 736 1177 761 eorum
1230 723 1437 770 noticiam,
1492 732 1535 760 ut

218 795 330 834 patet
369 786 417 822 de
456 786 600 821 abbate
636 782 818 820 Joachim
860 792 897 819 et
931 782 1021 819 aliis
1054 781 1122 831 qui
1156 781 1262 818 circa
1294 780 1412 818 istam
1448 795 1531 818 ma-

217 843 359 881 teriam
413 842 585 880 inaniter
637 840 930 878 intromittunt.
983 839 1164 877 Salubris
1209 839 1316 876 enim
1362 849 1420 876 est
1463 841 1535 877 hec

164 913 203 935 10
219 901 447 938 nesciencia
486 899 706 938 commixta
746 912 838 936 cum
880 900 955 936 hac
994 898 1086 936 fidei
1125 897 1286 944 noticia,
1322 906 1365 934 ut
1397 898 1534 935 fideles

221 960 443 997 instancius
475 958 699 1007 vigilarent.

278 1018 463 1055 Secunda
504 1017 600 1053 fides
640 1015 857 1053 commixta
898 1028 988 1052 cum
1029 1015 1102 1051 hac
1135 1013 1361 1051 nesciencia
1395 1023 1454 1052 est
1487 1016 1534 1052 de

221 1085 364 1123 morte,
405 1085 449 1113 ut
490 1074 658 1125 quilibet
697 1075 823 1111 homo
866 1074 982 1110 debet
1020 1085 1105 1109 esse
1144 1081 1276 1108 certus
1316 1074 1424 1121 quod
1460 1086 1533 1121 pro

219 1148 292 1172 suo
327 1144 509 1183 tempore
543 1132 750 1179 morietur,
786 1133 855 1168 sed
888 1144 968 1180 qua
999 1132 1100 1168 hora
1131 1139 1168 1167 et
1191 1143 1313 1179 quam
1339 1131 1537 1168 distanter

165 1193 266 1230 15ab
299 1194 377 1230 hoc
411 1191 577 1230 instanti
609 1191 727 1228 debet
760 1203 845 1227 esse
874 1189 948 1226 sibi
971 1188 1242 1238 incognitum3
1277 1188 1390 1226 cuius
1414 1202 1535 1226 causa

218 1260 276 1289 est
320 1251 443 1300 priori
490 1249 726 1295 consimilis,
772 1257 809 1285 et
853 1248 944 1284 ideo
987 1247 1026 1283 in
1070 1247 1189 1295 vulgo
1235 1246 1381 1284 dicitur
1424 1248 1534 1296 quod

217 1310 316 1346 nihil
349 1318 407 1346 est
439 1307 593 1346 cercius
625 1320 697 1345 nec
730 1306 948 1355 quicquam
982 1305 1179 1342 incercius
1213 1314 1344 1342 morte
1374 1314 1534 1353 nostra3

217 1381 310 1404 nam
356 1367 453 1404 certi
497 1379 636 1404 sumus
682 1366 730 1402 de
775 1364 851 1401 ista
896 1364 1064 1401 confusa
1111 1362 1259 1400 noticia
1305 1365 1415 1412 quod
1461 1377 1533 1412 pro

217 1434 358 1463 nostro
397 1434 578 1474 tempore
618 1424 840 1462 moriemur
878 1431 916 1459 et
953 1421 1094 1459 incerti
1134 1422 1181 1458 de
1226 1421 1301 1459 ista
1346 1422 1535 1459 distincta

160 1484 370 1521 20noticia
414 1485 522 1533 quod
567 1485 768 1532 adequato
803 1490 985 1529 tempore
1030 1480 1264 1517 moriemur.
1322 1482 1403 1517 Nec
1443 1490 1535 1517 sunt

217 1542 406 1579 audiendi
447 1542 613 1579 infames
653 1540 818 1578 heretici
858 1540 965 1589 quod
1005 1551 1086 1575 non
1137 1547 1294 1586 tempus
1344 1547 1381 1575 et
1438 1552 1533 1587 que-

218 1614 376 1650 cunque
415 1601 564 1637 durans
609 1598 841 1637 substancia
887 1597 1147 1645 distinguitur
1184 1605 1254 1633 aut
1299 1598 1407 1646 quod
1452 1610 1533 1633 non

217 1668 276 1695 est
321 1658 536 1696 distinccio
581 1659 684 1696 inter
726 1657 935 1695 confusam
980 1654 1174 1692 noticiam
1221 1663 1259 1691 et
1298 1655 1532 1692 distinctam

216 1717 275 1754 vel
309 1719 419 1767 quod
453 1730 561 1754 mors
600 1729 682 1753 non
720 1715 988 1764 distinguetur
1025 1715 1074 1750 ab
1113 1712 1278 1750 homine
1319 1713 1532 1751 morituro.

161 1774 200 1806 25
216 1776 334 1813 Tales
367 1776 470 1813 enim
508 1776 675 1812 infames
699 1782 736 1811 et
775 1773 885 1810 stulti
911 1771 1137 1820 impediunt
1164 1771 1386 1809 catholicos
1409 1772 1534 1820 scrip-

217 1843 305 1870 ture
338 1833 601 1871 conformiter
631 1832 840 1870 veritatem
875 1830 966 1867 fidei
1000 1830 1218 1866 declarare.

274 1893 463 1930 Tercium
505 1892 545 1928 in
583 1904 663 1941 quo
702 1899 863 1938 oportet
905 1890 1008 1925 hanc
1042 1887 1135 1924 fidei
1169 1887 1362 1924 noticiam
1398 1897 1435 1924 et
1466 1902 1533 1926 ne-

219 1950 437 1988 scienciam
473 1949 730 1988 commisceri
776 1956 835 1985 est
880 1960 968 1996 spes
1016 1947 1063 1982 de
1097 1955 1236 1983 nostra
1269 1946 1532 1994 beatitudine,

217 2021 309 2045 nam
343 2022 463 2046 nemo
497 2018 680 2046 nostrum
715 2007 790 2044 scit
824 2007 945 2043 modo
980 2014 1116 2042 utrum
1150 2003 1446 2041 beatificabitur
1474 2006 1533 2042 vel

160 2066 202 2098 30
218 2067 519 2116 dampnabitur,
554 2066 657 2103 sicut
687 2065 817 2102 nescit
849 2066 896 2101 de
929 2077 1000 2101 sua
1034 2062 1143 2100 finali
1175 2063 1478 2110 perseverancia
1502 2064 1534 2100 si

119 2113 407 2174 F,⁰¹2,ma1‘1ebit.
442 2124 448 2178 Ι
481 2128 536 2162 Ex
585 2124 662 2161 fide
707 2133 841 2161 tamen
885 2122 1016 2159 noscit
1070 2120 1292 2158 certissime
1341 2123 1451 2170 quod
1504 2122 1535 2158 si

123 2168 185 2193 ¹³⁰
217 2197 345 2233 usque
378 2186 426 2221 ad
461 2184 579 2220 finem
620 2182 800 2219 manebit
841 2182 880 2218 in
920 2181 997 2217 fide
1037 2181 1209 2216 formata
1250 2179 1417 2216 caritate
1457 2181 1533 2217 sal-

217 2242 387 2288 vabitur,
421 2251 458 2278 et
496 2241 587 2279 talis
621 2240 807 2278 condicio
848 2240 886 2276 in
924 2239 1078 2276 viatore
1118 2237 1181 2275 cui
1221 2251 1302 2274 non
1343 2237 1385 2275 fit
1427 2251 1534 2275 reve-

160 2298 319 2337 351acio
353 2300 600 2349 implicatur,
634 2309 678 2337 ut
713 2298 880 2347 quilibet
913 2299 1031 2334 debet
1064 2309 1225 2345 sperare
1259 2309 1373 2332 suam
1407 2297 1532 2333 beati-

218 2359 414 2399 tudinem,
449 2360 518 2395 sed
551 2371 632 2394 non
656 2357 756 2394 scire
778 2357 838 2393 vel
869 2358 1050 2403 credere,
1086 2356 1202 2391 debet
1229 2363 1363 2391 tamen
1387 2357 1533 2392 habere

220 2430 329 2465 spem
364 2416 622 2454 commixtam
657 2416 765 2462 fidei,
800 2426 843 2452 ut
876 2416 984 2464 quod
1018 2414 1049 2451 si
1080 2422 1215 2450 manet
1248 2413 1286 2449 in
1312 2413 1421 2450 finali
1445 2427 1533 2462 pre-

220 2476 327 2512 dicta
361 2475 667 2524 perseverancia
699 2474 831 2511 salvus
866 2473 954 2512 erit.

288 2577 315 2604 ὁ.
337 2578 381 2604 A:
403 2576 511 2609 inane3
533 2576 577 2604 A:
598 2574 756 2609 culpandi.
883 2583 909 2609 7.
931 2573 972 2601 C:
994 2579 1086 2601 cecat.
1214 2581 1255 2601 ιο.
1277 2571 1317 2600 C:
1341 2573 1404 2600 hec.
1426 2573 1477 2600 Ab·
1501 2573 1531 2599 in

222 2619 339 2646 marg.:
361 2620 386 2639 2.
496 2611 532 2639 15.
553 2612 596 2637 A:
619 2610 677 2637 sibi
699 2609 793 2636 deest.
907 2609 949 2638 16.
972 2609 1018 2636 A:
1040 2608 1136 2644 priori
1158 2608 1315 2640 consiliis;
1337 2608 1382 2636 C:
1402 2608 1531 2640 similis;

219 2647 285 2675 BC:
308 2647 376 2673 ideo
397 2646 491 2673 deest.
572 2644 613 2673 18.
635 2646 678 2672 A:
701 2645 784 2680 quod
808 2652 879 2671 uno.
954 2652 993 2671 21.
1015 2645 1060 2671 A:
1082 2645 1217 2671 insanes.
1298 2650 1341 2670 22.
1362 2644 1407 2670 A:
1430 2643 1529 2672 dura:

218 2682 285 2710 BC:
307 2682 550 2715 distinguuntur.
629 2687 676 2711 24.
697 2682 744 2707 A:
766 2685 902 2706 mortuo.
923 2680 968 2708 A:
990 2679 1114 2706 insanes
1137 2678 1279 2706 stulticie.
1353 2685 1397 2712 27.
1421 2677 1472 2704 ΑΒ
1495 2677 1525 2704 in

220 2725 338 2752 marg:
358 2717 390 2746 3:
419 2715 486 2743 BC:
507 2715 618 2743 Tereia
640 2715 670 2742 in
690 2723 764 2750 quo,
863 2714 903 2743 31.
923 2716 966 2742 A:
990 2714 1026 2742 Et
1047 2723 1082 2742 ex
1103 2713 1172 2741 fide.
1278 2712 1320 2740 32.
1342 2713 1385 2740 A:
1410 2716 1530 2744 manet;

221 2752 289 2780 BC:
310 2751 341 2779 in
363 2751 463 2780 finem.
538 2749 579 2779 33.
600 2750 671 2778 AB:
695 2758 756 2777 non
779 2749 825 2778 sit.

288 2811 320 2844 8.
348 2812 398 2844 De
424 2810 620 2852 Joachimo,
658 2809 782 2842 abbate
818 2811 860 2842 de
894 2810 1034 2842 Curatio
1069 2810 1102 2841 in
1136 2808 1305 2848 Calabria,
1344 2808 1420 2840 ord.
1447 2807 1530 2839 Cist.

220 2859 351 2890 fundat.
391 2865 538 2890 monast.
572 2856 765 2897 Florensis,
803 2857 845 2889 cf.
873 2857 1021 2889 Fabricii
1057 2855 1224 2888 Biblioth.
1265 2857 1338 2887 Lat.
1374 2855 1466 2889 med.
1498 2862 1530 2886 et

218 2903 358 2936 infimae
384 2905 504 2937 aetatis
528 2904 588 2944 IV,
616 2915 648 2947 p.
678 2902 753 2935 328.

1771 259 1820 295 85

1568 392 1599 410 as
1621 383 1811 418 concerning

1605 426 1625 445 ι.
1648 418 1697 445 the
1715 419 1771 445 last

1597 453 1775 489 judgment3

1593 1031 1618 1051 2.
1640 1031 1697 1051 our
1717 1031 1789 1051 own

1633 1058 1741 1092 death;

1559 1895 1582 1924 3.
1606 1903 1664 1923 our
1687 1896 1765 1930 hope
1793 1896 1827 1923 of

1650 1930 1735 1958 bliss.
