<?xml version="1.0" encoding="UTF-8"?>
<!DOCTYPE html PUBLIC "-//W3C//DTD XHTML 1.0 Transitional//EN"
    "http://www.w3.org/TR/xhtml1/DTD/xhtml1-transitional.dtd">
<html xmlns="http://www.w3.org/1999/xhtml" xml:lang="en" lang="en">
 <head>
  <title>
</title>
<meta http-equiv="Content-Type" content="text/html;charset=utf-8" />
  <meta name='ocr-system' content='tesseract 3.04.00' />
  <meta name='ocr-capabilities' content='ocr_page ocr_carea ocr_par ocr_line ocrx_word'/>
</head>
<body>
  <div class='ocr_page' id='page_1' title='image "./iohanniswyclifse0701wycl_0173.png"; bbox 0 0 2017 3353; ppageno 0'>
   <div class='ocr_carea' id='block_1_1' title="bbox 220 272 1816 329">
    <p class='ocr_par' dir='ltr' id='par_1_1' title="bbox 220 272 1816 329">
     <span class='ocr_line' id='line_1_1' title="bbox 220 272 1816 329; baseline 0.007 -19"><span class='ocrx_word' id='word_1_1' title='bbox 220 282 355 310; x_wconf 61' lang='lat' dir='ltr'>sunno</span> <span class='ocrx_word' id='word_1_2' title='bbox 385 272 511 329; x_wconf 70' lang='lat' dir='ltr'>xvnr]</span> <span class='ocrx_word' id='word_1_3' title='bbox 729 284 868 316; x_wconf 78' lang='lat' dir='ltr'>PRIMA</span> <span class='ocrx_word' id='word_1_4' title='bbox 899 284 1023 315; x_wconf 76' lang='lat' dir='ltr'><strong>PARS.</strong></span> <span class='ocrx_word' id='word_1_5' title='bbox 1752 284 1816 309; x_wconf 83' lang='lat'>¹21</span> 
     </span>
    </p>
   </div>
   <div class='ocr_carea' id='block_1_2' title="bbox 220 390 1539 612">
    <p class='ocr_par' dir='ltr' id='par_1_2' title="bbox 220 390 1539 612">
     <span class='ocr_line' id='line_1_2' title="bbox 220 390 1536 438; baseline -0.003 -9"><span class='ocrx_word' id='word_1_6' title='bbox 220 406 309 430; x_wconf 88' lang='lat' dir='ltr'>cum</span> <span class='ocrx_word' id='word_1_7' title='bbox 344 392 528 429; x_wconf 79' lang='lat' dir='ltr'>Scarioth</span> <span class='ocrx_word' id='word_1_8' title='bbox 568 390 729 428; x_wconf 87' lang='lat' dir='ltr'>Domini</span> <span class='ocrx_word' id='word_1_9' title='bbox 762 391 976 427; x_wconf 81' lang='lat' dir='ltr'>traditores</span> <span class='ocrx_word' id='word_1_10' title='bbox 1015 392 1081 426; x_wconf 86' lang='lat' dir='ltr'>sed</span> <span class='ocrx_word' id='word_1_11' title='bbox 1122 390 1244 438; x_wconf 84' lang='lat' dir='ltr'>ipsius</span> <span class='ocrx_word' id='word_1_12' title='bbox 1284 402 1372 425; x_wconf 86' lang='lat' dir='ltr'>curn</span> <span class='ocrx_word' id='word_1_13' title='bbox 1409 402 1536 425; x_wconf 82' lang='lat' dir='ltr'>sacer-</span> 
     </span>
     <span class='ocr_line' id='line_1_3' title="bbox 220 446 1539 497; baseline -0.004 -10"><span class='ocrx_word' id='word_1_14' title='bbox 220 450 380 487; x_wconf 82' lang='lat' dir='ltr'>dotibus</span> <span class='ocrx_word' id='word_1_15' title='bbox 414 459 450 486; x_wconf 86' lang='lat' dir='ltr'>et</span> <span class='ocrx_word' id='word_1_16' title='bbox 483 449 666 497; x_wconf 78' lang='lat' dir='ltr'>gentibus</span> <span class='ocrx_word' id='word_1_17' title='bbox 699 449 911 485; x_wconf 75' lang='lat' dir='ltr'><strong>occisores.</strong></span> <span class='ocrx_word' id='word_1_18' title='bbox 947 449 1039 484; x_wconf 83' lang='lat' dir='ltr'>ldeo</span> <span class='ocrx_word' id='word_1_19' title='bbox 1074 449 1213 484; x_wconf 83' lang='lat' dir='ltr'>liberet</span> <span class='ocrx_word' id='word_1_20' title='bbox 1246 461 1318 483; x_wconf 88' lang='lat' dir='ltr'>nos</span> <span class='ocrx_word' id='word_1_21' title='bbox 1344 446 1539 483; x_wconf 85' lang='lat' dir='ltr'>Dominus</span> 
     </span>
     <span class='ocr_line' id='line_1_4' title="bbox 221 505 1538 554; baseline -0.004 -9"><span class='ocrx_word' id='word_1_22' title='bbox 221 511 270 545; x_wconf 86' lang='lat' dir='ltr'>ab</span> <span class='ocrx_word' id='word_1_23' title='bbox 303 508 504 545; x_wconf 87' lang='lat' dir='ltr'>occisione</span> <span class='ocrx_word' id='word_1_24' title='bbox 537 508 812 547; x_wconf 71' lang='lat' dir='ltr'>sacerdotum:</span> <span class='ocrx_word' id='word_1_25' title='bbox 846 506 921 554; x_wconf 90' lang='lat' dir='ltr'>ipsi</span> <span class='ocrx_word' id='word_1_26' title='bbox 955 506 1059 542; x_wconf 88' lang='lat' dir='ltr'>enim</span> <span class='ocrx_word' id='word_1_27' title='bbox 1094 515 1183 554; x_wconf 89' lang='lat' dir='ltr'>post</span> <span class='ocrx_word' id='word_1_28' title='bbox 1216 515 1378 542; x_wconf 88' lang='lat' dir='ltr'>nactum</span> <span class='ocrx_word' id='word_1_29' title='bbox 1412 505 1538 540; x_wconf 90' lang='lat' dir='ltr'>domi-</span> 
     </span>
     <span class='ocr_line' id='line_1_5' title="bbox 223 564 1014 612; baseline -0.005 -9"><span class='ocrx_word' id='word_1_30' title='bbox 223 566 333 603; x_wconf 85' lang='lat' dir='ltr'>nium</span> <span class='ocrx_word' id='word_1_31' title='bbox 368 575 458 602; x_wconf 84' lang='lat' dir='ltr'>sunt</span> <span class='ocrx_word' id='word_1_32' title='bbox 493 564 767 612; x_wconf 87' lang='lat' dir='ltr'>multipliciter</span> <span class='ocrx_word' id='word_1_33' title='bbox 801 564 1014 601; x_wconf 80' lang='lat' dir='ltr'>homicide.</span> 
     </span>
    </p>
   </div>
   <div class='ocr_carea' id='block_1_3' title="bbox 188 689 1068 730">
    <p class='ocr_par' dir='ltr' id='par_1_3' title="bbox 188 689 1068 730">
     <span class='ocr_line' id='line_1_6' title="bbox 188 689 1068 730; baseline 0.001 -2"><span class='ocrx_word' id='word_1_34' title='bbox 188 696 204 728; x_wconf 85' lang='lat'><strong>5</strong></span> <span class='ocrx_word' id='word_1_35' title='bbox 695 689 888 730; x_wconf 81' lang='lat' dir='ltr'>SERMO</span> <span class='ocrx_word' id='word_1_36' title='bbox 922 690 1068 729; x_wconf 89' lang='lat' dir='ltr'>XVIIl.</span> 
     </span>
    </p>
   </div>
   <div class='ocr_carea' id='block_1_4' title="bbox 138 795 1827 2186">
    <p class='ocr_par' dir='ltr' id='par_1_4' title="bbox 279 795 1538 846">
     <span class='ocr_line' id='line_1_7' title="bbox 279 795 1538 846; baseline -0.003 -12"><span class='ocrx_word' id='word_1_37' title='bbox 279 799 428 834; x_wconf 77' lang='lat' dir='ltr'><em>Ductus</em></span> <span class='ocrx_word' id='word_1_38' title='bbox 460 805 515 833; x_wconf 77' lang='lat' dir='ltr'>est</span> <span class='ocrx_word' id='word_1_39' title='bbox 545 797 656 833; x_wconf 65' lang='grc' dir='ltr'>ιῙωῑιιε</span> <span class='ocrx_word' id='word_1_40' title='bbox 684 798 719 832; x_wconf 86' lang='lat' dir='ltr'>in</span> <span class='ocrx_word' id='word_1_41' title='bbox 744 797 937 833; x_wconf 80' lang='lat' dir='ltr'>desertum</span> <span class='ocrx_word' id='word_1_42' title='bbox 971 809 992 832; x_wconf 82' lang='lat' dir='ltr'>a</span> <span class='ocrx_word' id='word_1_43' title='bbox 1025 796 1175 846; x_wconf 80' lang='lat' dir='ltr'>spiritu.</span> <span class='ocrx_word' id='word_1_44' title='bbox 1200 795 1367 831; x_wconf 86' lang='lat' dir='ltr'>Matthei</span> <span class='ocrx_word' id='word_1_45' title='bbox 1392 797 1475 837; x_wconf 75' lang='lat' dir='ltr'>1V0‚</span> <span class='ocrx_word' id='word_1_46' title='bbox 1509 807 1538 830; x_wconf 93' lang='lat'>1.</span> 
     </span>
    </p>

    <p class='ocr_par' dir='ltr' id='par_1_5' title="bbox 221 848 1827 1017">
     <span class='ocr_line' id='line_1_8' title="bbox 280 848 1827 910; baseline -0.005 -18"><span class='ocrx_word' id='word_1_47' title='bbox 280 858 366 892; x_wconf 89' lang='lat' dir='ltr'>Hoc</span> <span class='ocrx_word' id='word_1_48' title='bbox 412 854 661 903; x_wconf 68' lang='lat' dir='ltr'>evangelium</span> <span class='ocrx_word' id='word_1_49' title='bbox 705 863 843 891; x_wconf 86' lang='lat' dir='ltr'>narrat</span> <span class='ocrx_word' id='word_1_50' title='bbox 883 854 1081 903; x_wconf 80' lang='lat' dir='ltr'>triplicem</span> <span class='ocrx_word' id='word_1_51' title='bbox 1122 853 1383 902; x_wconf 89' lang='lat' dir='ltr'>penalitatem</span> <span class='ocrx_word' id='word_1_52' title='bbox 1418 865 1538 901; x_wconf 82' lang='lat' dir='ltr'>quam</span> <span class='ocrx_word' id='word_1_53' title='bbox 1557 848 1827 910; x_wconf 25' lang='lat' dir='ltr'>§U¹I.Jl{l}:‘¹[{¹&#39;3.&#39;,‹,1]l</span> 
     </span>
     <span class='ocr_line' id='line_1_9' title="bbox 221 903 1787 961; baseline -0.004 -11"><span class='ocrx_word' id='word_1_54' title='bbox 221 914 417 950; x_wconf 84' lang='lat' dir='ltr'>Dominus</span> <span class='ocrx_word' id='word_1_55' title='bbox 455 926 528 961; x_wconf 88' lang='lat' dir='ltr'>pro</span> <span class='ocrx_word' id='word_1_56' title='bbox 579 912 826 949; x_wconf 77' lang='lat' dir='ltr'>relevacione</span> <span class='ocrx_word' id='word_1_57' title='bbox 871 912 1037 949; x_wconf 89' lang='lat' dir='ltr'>humani</span> <span class='ocrx_word' id='word_1_58' title='bbox 1082 911 1237 960; x_wconf 80' lang='lat' dir='ltr'>generis</span> <span class='ocrx_word' id='word_1_59' title='bbox 1271 920 1354 948; x_wconf 88' lang='lat' dir='ltr'>erat</span> <span class='ocrx_word' id='word_1_60' title='bbox 1387 905 1561 959; x_wconf 43' lang='lat' dir='ltr'>passusf</span> <span class='ocrx_word' id='word_1_61' title='bbox 1598 903 1787 955; x_wconf 48' lang='lat' dir='ltr'>iastinZand</span> 
     </span>
     <span class='ocr_line' id='line_1_10' title="bbox 221 956 1787 1017; baseline -0.003 -8"><span class='ocrx_word' id='word_1_62' title='bbox 221 973 372 1009; x_wconf 89' lang='lat' dir='ltr'>scilicet</span> <span class='ocrx_word' id='word_1_63' title='bbox 412 971 605 1008; x_wconf 85' lang='lat' dir='ltr'>ieiunium</span> <span class='ocrx_word' id='word_1_64' title='bbox 640 984 755 1007; x_wconf 89' lang='lat' dir='ltr'>suum</span> <span class='ocrx_word' id='word_1_65' title='bbox 781 970 982 1016; x_wconf 81' lang='lat' dir='ltr'>eximium,</span> <span class='ocrx_word' id='word_1_66' title='bbox 1017 970 1187 1007; x_wconf 84' lang='lat' dir='ltr'>esuriem</span> <span class='ocrx_word' id='word_1_67' title='bbox 1218 982 1330 1006; x_wconf 89' lang='lat' dir='ltr'>suam</span> <span class='ocrx_word' id='word_1_68' title='bbox 1355 970 1539 1017; x_wconf 84' lang='lat' dir='ltr'>penalem</span> <span class='ocrx_word' id='word_1_69' title='bbox 1597 956 1787 988; x_wconf 47' lang='lat' dir='ltr'>¹²¹¹¹¹³t²¹¹¹⁰ffi</span> 
     </span>
    </p>

    <p class='ocr_par' dir='ltr' id='par_1_6' title="bbox 168 1026 1541 1310">
     <span class='ocr_line' id='line_1_11' title="bbox 168 1026 1540 1077; baseline -0.004 -10"><span class='ocrx_word' id='word_1_70' title='bbox 168 1043 206 1063; x_wconf 87' lang='lat'>10</span> <span class='ocrx_word' id='word_1_71' title='bbox 223 1040 259 1068; x_wconf 85' lang='lat' dir='ltr'>et</span> <span class='ocrx_word' id='word_1_72' title='bbox 292 1043 314 1067; x_wconf 90' lang='lat' dir='ltr'>a</span> <span class='ocrx_word' id='word_1_73' title='bbox 346 1029 508 1066; x_wconf 83' lang='lat' dir='ltr'>diabolo</span> <span class='ocrx_word' id='word_1_74' title='bbox 541 1029 740 1077; x_wconf 80' lang='lat' dir='ltr'>triplicem</span> <span class='ocrx_word' id='word_1_75' title='bbox 774 1028 1104 1077; x_wconf 86' lang='lat' dir='ltr'>temptacionem.</span> <span class='ocrx_word' id='word_1_76' title='bbox 1129 1030 1209 1064; x_wconf 90' lang='lat' dir='ltr'>Nec</span> <span class='ocrx_word' id='word_1_77' title='bbox 1244 1027 1411 1063; x_wconf 86' lang='lat' dir='ltr'>dubium</span> <span class='ocrx_word' id='word_1_78' title='bbox 1445 1026 1540 1075; x_wconf 89' lang='lat' dir='ltr'>quin</span> 
     </span>
     <span class='ocr_line' id='line_1_12' title="bbox 222 1086 1539 1125; baseline -0.003 -1"><span class='ocrx_word' id='word_1_79' title='bbox 222 1101 361 1125; x_wconf 90' lang='lat' dir='ltr'>omnes</span> <span class='ocrx_word' id='word_1_80' title='bbox 395 1086 702 1124; x_wconf 88' lang='lat' dir='ltr'>circumstancie</span> <span class='ocrx_word' id='word_1_81' title='bbox 730 1086 993 1123; x_wconf 85' lang='lat' dir='ltr'>bonificantes</span> <span class='ocrx_word' id='word_1_82' title='bbox 1018 1086 1205 1123; x_wconf 88' lang='lat' dir='ltr'>meritum</span> <span class='ocrx_word' id='word_1_83' title='bbox 1231 1087 1539 1122; x_wconf 88' lang='lat' dir='ltr'>concurrebant.</span> 
     </span>
     <span class='ocr_line' id='line_1_13' title="bbox 221 1144 1539 1194; baseline -0.002 -12"><span class='ocrx_word' id='word_1_84' title='bbox 221 1149 323 1183; x_wconf 87' lang='lat' dir='ltr'>Nam</span> <span class='ocrx_word' id='word_1_85' title='bbox 358 1145 561 1194; x_wconf 84' lang='lat' dir='ltr'>baptizato</span> <span class='ocrx_word' id='word_1_86' title='bbox 585 1144 760 1181; x_wconf 89' lang='lat' dir='ltr'>Domino</span> <span class='ocrx_word' id='word_1_87' title='bbox 785 1158 807 1181; x_wconf 90' lang='lat' dir='ltr'>a</span> <span class='ocrx_word' id='word_1_88' title='bbox 829 1146 1010 1181; x_wconf 88' lang='lat' dir='ltr'>Johanne</span> <span class='ocrx_word' id='word_1_89' title='bbox 1034 1144 1169 1181; x_wconf 86' lang='lat' dir='ltr'>statim</span> <span class='ocrx_word' id='word_1_90' title='bbox 1193 1144 1314 1192; x_wconf 88' lang='lat' dir='ltr'>peciit</span> <span class='ocrx_word' id='word_1_91' title='bbox 1339 1145 1539 1180; x_wconf 87' lang='lat' dir='ltr'>desertum</span> 
     </span>
     <span class='ocr_line' id='line_1_14' title="bbox 222 1201 1541 1253; baseline -0.003 -12"><span class='ocrx_word' id='word_1_92' title='bbox 222 1213 311 1253; x_wconf 89' lang='lat' dir='ltr'>post</span> <span class='ocrx_word' id='word_1_93' title='bbox 351 1205 426 1240; x_wconf 92' lang='lat' dir='ltr'>hoc</span> <span class='ocrx_word' id='word_1_94' title='bbox 466 1203 654 1240; x_wconf 86' lang='lat' dir='ltr'>eximium</span> <span class='ocrx_word' id='word_1_95' title='bbox 694 1212 1006 1248; x_wconf 71' lang='lat' dir='ltr'>sacramentum,</span> <span class='ocrx_word' id='word_1_96' title='bbox 1050 1204 1198 1238; x_wconf 87' lang='lat' dir='ltr'>docens</span> <span class='ocrx_word' id='word_1_97' title='bbox 1232 1203 1339 1250; x_wconf 87' lang='lat' dir='ltr'>quod</span> <span class='ocrx_word' id='word_1_98' title='bbox 1379 1210 1420 1237; x_wconf 84' lang='lat' dir='ltr'>ut</span> <span class='ocrx_word' id='word_1_99' title='bbox 1454 1201 1541 1250; x_wconf 91' lang='lat' dir='ltr'>quis</span> 
     </span>
     <span class='ocr_line' id='line_1_15' title="bbox 224 1259 1541 1310; baseline -0.003 -11"><span class='ocrx_word' id='word_1_100' title='bbox 224 1261 366 1310; x_wconf 86' lang='lat' dir='ltr'>recipit</span> <span class='ocrx_word' id='word_1_101' title='bbox 399 1275 420 1298; x_wconf 89' lang='lat' dir='ltr'>a</span> <span class='ocrx_word' id='word_1_102' title='bbox 454 1264 538 1298; x_wconf 86' lang='lat' dir='ltr'>Deo</span> <span class='ocrx_word' id='word_1_103' title='bbox 572 1261 771 1309; x_wconf 88' lang='lat' dir='ltr'>ampliora</span> <span class='ocrx_word' id='word_1_104' title='bbox 812 1261 1040 1306; x_wconf 80' lang='lat' dir='ltr'>carismata,</span> <span class='ocrx_word' id='word_1_105' title='bbox 1075 1261 1163 1309; x_wconf 88' lang='lat' dir='ltr'>plus</span> <span class='ocrx_word' id='word_1_106' title='bbox 1197 1261 1314 1296; x_wconf 88' lang='lat' dir='ltr'>debet</span> <span class='ocrx_word' id='word_1_107' title='bbox 1348 1259 1387 1295; x_wconf 88' lang='lat' dir='ltr'>in</span> <span class='ocrx_word' id='word_1_108' title='bbox 1421 1272 1541 1307; x_wconf 89' lang='lat' dir='ltr'>opere</span> 
     </span>
    </p>

    <p class='ocr_par' dir='ltr' id='par_1_7' title="bbox 170 1318 1542 1602">
     <span class='ocr_line' id='line_1_16' title="bbox 170 1318 1542 1367; baseline -0.001 -13"><span class='ocrx_word' id='word_1_109' title='bbox 170 1321 273 1358; x_wconf 79' lang='lat' dir='ltr'>15ad</span> <span class='ocrx_word' id='word_1_110' title='bbox 307 1319 610 1356; x_wconf 85' lang='lat' dir='ltr'>edificacionem</span> <span class='ocrx_word' id='word_1_111' title='bbox 645 1318 810 1356; x_wconf 87' lang='lat' dir='ltr'>ecclesie</span> <span class='ocrx_word' id='word_1_112' title='bbox 843 1319 1005 1367; x_wconf 74' lang='lat' dir='ltr'>agitari:</span> <span class='ocrx_word' id='word_1_113' title='bbox 1044 1331 1117 1355; x_wconf 90' lang='lat' dir='ltr'>nec</span> <span class='ocrx_word' id='word_1_114' title='bbox 1151 1331 1173 1354; x_wconf 89' lang='lat' dir='ltr'>a</span> <span class='ocrx_word' id='word_1_115' title='bbox 1206 1330 1448 1366; x_wconf 87' lang='lat' dir='ltr'>quocunque</span> <span class='ocrx_word' id='word_1_116' title='bbox 1482 1330 1542 1353; x_wconf 87' lang='lat' dir='ltr'>ex-</span> 
     </span>
     <span class='ocr_line' id='line_1_17' title="bbox 225 1375 1540 1424; baseline -0.003 -9"><span class='ocrx_word' id='word_1_117' title='bbox 225 1379 370 1415; x_wconf 87' lang='lat' dir='ltr'>citatus</span> <span class='ocrx_word' id='word_1_118' title='bbox 415 1386 471 1414; x_wconf 89' lang='lat' dir='ltr'>est</span> <span class='ocrx_word' id='word_1_119' title='bbox 517 1379 592 1414; x_wconf 90' lang='lat' dir='ltr'>hoc</span> <span class='ocrx_word' id='word_1_120' title='bbox 637 1378 767 1414; x_wconf 88' lang='lat' dir='ltr'>facere</span> <span class='ocrx_word' id='word_1_121' title='bbox 812 1378 880 1413; x_wconf 90' lang='lat' dir='ltr'>sed</span> <span class='ocrx_word' id='word_1_122' title='bbox 926 1390 948 1413; x_wconf 91' lang='lat' dir='ltr'>a</span> <span class='ocrx_word' id='word_1_123' title='bbox 992 1376 1135 1424; x_wconf 89' lang='lat' dir='ltr'>spiritu</span> <span class='ocrx_word' id='word_1_124' title='bbox 1180 1385 1319 1413; x_wconf 86' lang='lat' dir='ltr'>sancto</span> <span class='ocrx_word' id='word_1_125' title='bbox 1365 1375 1540 1419; x_wconf 81' lang='lat' dir='ltr'>indubie,</span> 
     </span>
     <span class='ocr_line' id='line_1_18' title="bbox 224 1433 1542 1486; baseline -0.002 -14"><span class='ocrx_word' id='word_1_126' title='bbox 224 1436 319 1486; x_wconf 85' lang='lat' dir='ltr'>quia</span> <span class='ocrx_word' id='word_1_127' title='bbox 357 1435 458 1472; x_wconf 88' lang='lat' dir='ltr'>sicut</span> <span class='ocrx_word' id='word_1_128' title='bbox 497 1435 696 1483; x_wconf 85' lang='lat' dir='ltr'>scriptura</span> <span class='ocrx_word' id='word_1_129' title='bbox 733 1435 984 1471; x_wconf 84' lang='lat' dir='ltr'>nominando</span> <span class='ocrx_word' id='word_1_130' title='bbox 1017 1434 1236 1471; x_wconf 87' lang='lat' dir='ltr'>Dominum</span> <span class='ocrx_word' id='word_1_131' title='bbox 1271 1435 1452 1471; x_wconf 87' lang='lat' dir='ltr'>absolute</span> <span class='ocrx_word' id='word_1_132' title='bbox 1485 1433 1542 1469; x_wconf 92' lang='lat' dir='ltr'>in-</span> 
     </span>
     <span class='ocr_line' id='line_1_19' title="bbox 225 1491 1542 1542; baseline -0.002 -12"><span class='ocrx_word' id='word_1_133' title='bbox 225 1494 366 1542; x_wconf 80' lang='lat' dir='ltr'>telligit</span> <span class='ocrx_word' id='word_1_134' title='bbox 389 1493 608 1530; x_wconf 84' lang='lat' dir='ltr'>Dominum</span> <span class='ocrx_word' id='word_1_135' title='bbox 643 1493 916 1539; x_wconf 77' lang='lat' dir='ltr'>dominorum,</span> <span class='ocrx_word' id='word_1_136' title='bbox 951 1493 1007 1529; x_wconf 89' lang='lat' dir='ltr'>sic</span> <span class='ocrx_word' id='word_1_137' title='bbox 1041 1493 1080 1528; x_wconf 93' lang='lat' dir='ltr'>in</span> <span class='ocrx_word' id='word_1_138' title='bbox 1112 1492 1323 1541; x_wconf 89' lang='lat' dir='ltr'>proposito</span> <span class='ocrx_word' id='word_1_139' title='bbox 1356 1491 1542 1539; x_wconf 78' lang='lat' dir='ltr'>intelligit</span> 
     </span>
     <span class='ocr_line' id='line_1_20' title="bbox 225 1550 1445 1602; baseline -0.002 -13"><span class='ocrx_word' id='word_1_140' title='bbox 225 1552 418 1602; x_wconf 87' lang='lat' dir='ltr'>Spiritum</span> <span class='ocrx_word' id='word_1_141' title='bbox 453 1553 658 1597; x_wconf 84' lang='lat' dir='ltr'>Sanctum,</span> <span class='ocrx_word' id='word_1_142' title='bbox 692 1551 943 1588; x_wconf 87' lang='lat' dir='ltr'>nominando</span> <span class='ocrx_word' id='word_1_143' title='bbox 976 1551 1214 1599; x_wconf 91' lang='lat' dir='ltr'>simpliciter</span> <span class='ocrx_word' id='word_1_144' title='bbox 1246 1550 1445 1599; x_wconf 88' lang='lat' dir='ltr'>spiritum.</span> 
     </span>
    </p>

    <p class='ocr_par' dir='ltr' id='par_1_8' title="bbox 169 1608 1542 1889">
     <span class='ocr_line' id='line_1_21' title="bbox 169 1608 1542 1658; baseline 0 -14"><span class='ocrx_word' id='word_1_145' title='bbox 169 1623 209 1644; x_wconf 84' lang='lat'>20</span> <span class='ocrx_word' id='word_1_146' title='bbox 281 1610 443 1658; x_wconf 79' lang='lat' dir='ltr'>Triplex</span> <span class='ocrx_word' id='word_1_147' title='bbox 481 1619 614 1646; x_wconf 84' lang='lat' dir='ltr'>autem</span> <span class='ocrx_word' id='word_1_148' title='bbox 655 1609 818 1658; x_wconf 86' lang='lat' dir='ltr'>ponitur</span> <span class='ocrx_word' id='word_1_149' title='bbox 858 1622 978 1646; x_wconf 86' lang='lat' dir='ltr'>causa</span> <span class='ocrx_word' id='word_1_150' title='bbox 1011 1622 1134 1657; x_wconf 86' lang='lat' dir='ltr'>quare</span> <span class='ocrx_word' id='word_1_151' title='bbox 1168 1608 1339 1656; x_wconf 84' lang='lat' dir='ltr'>Spiritus</span> <span class='ocrx_word' id='word_1_152' title='bbox 1373 1609 1542 1645; x_wconf 87' lang='lat' dir='ltr'>Sanctus</span> 
     </span>
     <span class='ocr_line' id='line_1_22' title="bbox 226 1667 1542 1717; baseline -0.002 -12"><span class='ocrx_word' id='word_1_153' title='bbox 226 1669 356 1717; x_wconf 88' lang='lat' dir='ltr'>ipsum</span> <span class='ocrx_word' id='word_1_154' title='bbox 402 1669 566 1704; x_wconf 84' lang='lat' dir='ltr'>duxerat</span> <span class='ocrx_word' id='word_1_155' title='bbox 611 1668 651 1703; x_wconf 91' lang='lat' dir='ltr'>in</span> <span class='ocrx_word' id='word_1_156' title='bbox 696 1669 911 1704; x_wconf 89' lang='lat' dir='ltr'>desertum.</span> <span class='ocrx_word' id='word_1_157' title='bbox 954 1667 1088 1703; x_wconf 86' lang='lat' dir='ltr'>Prima</span> <span class='ocrx_word' id='word_1_158' title='bbox 1127 1675 1169 1703; x_wconf 88' lang='lat' dir='ltr'>ut</span> <span class='ocrx_word' id='word_1_159' title='bbox 1208 1674 1480 1715; x_wconf 84' lang='lat' dir='ltr'>sequestratus</span> <span class='ocrx_word' id='word_1_160' title='bbox 1520 1679 1542 1702; x_wconf 87' lang='lat' dir='ltr'>a</span> 
     </span>
     <span class='ocr_line' id='line_1_23' title="bbox 227 1725 1542 1774; baseline -0.002 -12"><span class='ocrx_word' id='word_1_161' title='bbox 227 1728 378 1762; x_wconf 90' lang='lat' dir='ltr'>mundo</span> <span class='ocrx_word' id='word_1_162' title='bbox 423 1735 535 1774; x_wconf 84' lang='lat' dir='ltr'>roget</span> <span class='ocrx_word' id='word_1_163' title='bbox 581 1725 767 1762; x_wconf 87' lang='lat' dir='ltr'>devocius</span> <span class='ocrx_word' id='word_1_164' title='bbox 812 1738 885 1773; x_wconf 90' lang='lat' dir='ltr'>pro</span> <span class='ocrx_word' id='word_1_165' title='bbox 931 1738 1001 1762; x_wconf 91' lang='lat' dir='ltr'>sua</span> <span class='ocrx_word' id='word_1_166' title='bbox 1049 1725 1228 1770; x_wconf 84' lang='lat' dir='ltr'>ecclesia,</span> <span class='ocrx_word' id='word_1_167' title='bbox 1275 1725 1450 1761; x_wconf 88' lang='lat' dir='ltr'>secunda</span> <span class='ocrx_word' id='word_1_168' title='bbox 1500 1733 1542 1760; x_wconf 85' lang='lat' dir='ltr'>nt</span> 
     </span>
     <span class='ocr_line' id='line_1_24' title="bbox 226 1782 1540 1832; baseline 0.001 -12"><span class='ocrx_word' id='word_1_169' title='bbox 226 1784 444 1832; x_wconf 82' lang='lat' dir='ltr'>temptacio</span> <span class='ocrx_word' id='word_1_170' title='bbox 489 1784 573 1820; x_wconf 90' lang='lat' dir='ltr'>eius</span> <span class='ocrx_word' id='word_1_171' title='bbox 617 1796 639 1820; x_wconf 87' lang='lat' dir='ltr'>a</span> <span class='ocrx_word' id='word_1_172' title='bbox 690 1783 852 1820; x_wconf 90' lang='lat' dir='ltr'>diabolo</span> <span class='ocrx_word' id='word_1_173' title='bbox 902 1784 1162 1831; x_wconf 86' lang='lat' dir='ltr'>supplantato</span> <span class='ocrx_word' id='word_1_174' title='bbox 1207 1782 1255 1819; x_wconf 85' lang='lat' dir='ltr'>sit</span> <span class='ocrx_word' id='word_1_175' title='bbox 1300 1782 1540 1821; x_wconf 74' lang='lat' dir='ltr'>evidencior.</span> 
     </span>
     <span class='ocr_line' id='line_1_25' title="bbox 227 1840 1541 1889; baseline -0.002 -11"><span class='ocrx_word' id='word_1_176' title='bbox 227 1852 264 1879; x_wconf 89' lang='lat' dir='ltr'>et</span> <span class='ocrx_word' id='word_1_177' title='bbox 308 1841 431 1878; x_wconf 88' lang='lat' dir='ltr'>tercia</span> <span class='ocrx_word' id='word_1_178' title='bbox 475 1850 519 1878; x_wconf 88' lang='lat' dir='ltr'>ut</span> <span class='ocrx_word' id='word_1_179' title='bbox 562 1842 692 1878; x_wconf 88' lang='lat' dir='ltr'>forma</span> <span class='ocrx_word' id='word_1_180' title='bbox 736 1841 961 1889; x_wconf 88' lang='lat' dir='ltr'>penitencie</span> <span class='ocrx_word' id='word_1_181' title='bbox 1009 1841 1248 1878; x_wconf 89' lang='lat' dir='ltr'>abstinendo</span> <span class='ocrx_word' id='word_1_182' title='bbox 1294 1842 1342 1877; x_wconf 88' lang='lat' dir='ltr'>ab</span> <span class='ocrx_word' id='word_1_183' title='bbox 1387 1840 1541 1876; x_wconf 86' lang='lat' dir='ltr'>actibus</span> 
     </span>
    </p>

    <p class='ocr_par' dir='ltr' id='par_1_9' title="bbox 171 1899 1541 2064">
     <span class='ocr_line' id='line_1_26' title="bbox 171 1899 1540 1947; baseline -0.001 -13"><span class='ocrx_word' id='word_1_184' title='bbox 171 1902 209 1935; x_wconf 85' lang='lat'>25</span> <span class='ocrx_word' id='word_1_185' title='bbox 228 1900 443 1937; x_wconf 88' lang='lat' dir='ltr'>mundanis</span> <span class='ocrx_word' id='word_1_186' title='bbox 489 1912 534 1936; x_wconf 88' lang='lat' dir='ltr'>ac</span> <span class='ocrx_word' id='word_1_187' title='bbox 579 1901 628 1936; x_wconf 86' lang='lat' dir='ltr'>ab</span> <span class='ocrx_word' id='word_1_188' title='bbox 674 1899 829 1936; x_wconf 88' lang='lat' dir='ltr'>actibus</span> <span class='ocrx_word' id='word_1_189' title='bbox 875 1899 1005 1936; x_wconf 90' lang='lat' dir='ltr'>carnis</span> <span class='ocrx_word' id='word_1_190' title='bbox 1051 1907 1088 1936; x_wconf 91' lang='lat' dir='ltr'>et</span> <span class='ocrx_word' id='word_1_191' title='bbox 1133 1899 1438 1947; x_wconf 80' lang='lat' dir='ltr'>quibuscunque</span> <span class='ocrx_word' id='word_1_192' title='bbox 1491 1899 1540 1934; x_wconf 86' lang='lat' dir='ltr'>ad</span> 
     </span>
     <span class='ocr_line' id='line_1_27' title="bbox 227 1955 1541 2006; baseline -0.003 -11"><span class='ocrx_word' id='word_1_193' title='bbox 227 1967 437 2006; x_wconf 89' lang='lat' dir='ltr'>peccatum</span> <span class='ocrx_word' id='word_1_194' title='bbox 479 1957 742 1994; x_wconf 81' lang='lat' dir='ltr'>excitantibus</span> <span class='ocrx_word' id='word_1_195' title='bbox 782 1957 831 1993; x_wconf 90' lang='lat' dir='ltr'>sit</span> <span class='ocrx_word' id='word_1_196' title='bbox 869 1957 985 1993; x_wconf 90' lang='lat' dir='ltr'>nobis</span> <span class='ocrx_word' id='word_1_197' title='bbox 1023 1956 1177 2001; x_wconf 85' lang='lat' dir='ltr'>nocior‚</span> <span class='ocrx_word' id='word_1_198' title='bbox 1219 1969 1308 1993; x_wconf 91' lang='lat' dir='ltr'>cum</span> <span class='ocrx_word' id='word_1_199' title='bbox 1348 1955 1541 2004; x_wconf 84' lang='lat' dir='ltr'>precipua</span> 
     </span>
     <span class='ocr_line' id='line_1_28' title="bbox 227 2013 1541 2064; baseline -0.002 -12"><span class='ocrx_word' id='word_1_200' title='bbox 227 2029 319 2064; x_wconf 88' lang='lat' dir='ltr'>pars</span> <span class='ocrx_word' id='word_1_201' title='bbox 359 2015 582 2064; x_wconf 87' lang='lat' dir='ltr'>penitencie</span> <span class='ocrx_word' id='word_1_202' title='bbox 622 2015 671 2051; x_wconf 87' lang='lat' dir='ltr'>sit</span> <span class='ocrx_word' id='word_1_203' title='bbox 717 2017 765 2052; x_wconf 87' lang='lat' dir='ltr'>ab</span> <span class='ocrx_word' id='word_1_204' title='bbox 807 2015 1004 2052; x_wconf 85' lang='lat' dir='ltr'>illecebris</span> <span class='ocrx_word' id='word_1_205' title='bbox 1048 2014 1262 2051; x_wconf 87' lang='lat' dir='ltr'>abstinere.</span> <span class='ocrx_word' id='word_1_206' title='bbox 1324 2016 1405 2051; x_wconf 90' lang='lat' dir='ltr'>Nec</span> <span class='ocrx_word' id='word_1_207' title='bbox 1450 2013 1541 2050; x_wconf 84' lang='lat' dir='ltr'>licet</span> 
     </span>
    </p>

    <p class='ocr_par' dir='ltr' id='par_1_10' title="bbox 138 2072 1541 2186">
     <span class='ocr_line' id='line_1_29' title="bbox 138 2072 1541 2122; baseline -0.002 -11"><span class='ocrx_word' id='word_1_208' title='bbox 138 2074 334 2120; x_wconf 45' lang='lat' dir='ltr'>pol-fideli</span> <span class='ocrx_word' id='word_1_209' title='bbox 376 2073 601 2110; x_wconf 83' lang='lat' dir='ltr'>discredere</span> <span class='ocrx_word' id='word_1_210' title='bbox 642 2073 738 2122; x_wconf 87' lang='lat' dir='ltr'>quin</span> <span class='ocrx_word' id='word_1_211' title='bbox 778 2082 863 2110; x_wconf 85' lang='lat' dir='ltr'>tota</span> <span class='ocrx_word' id='word_1_212' title='bbox 897 2073 1044 2110; x_wconf 87' lang='lat' dir='ltr'>Christi</span> <span class='ocrx_word' id='word_1_213' title='bbox 1078 2072 1336 2109; x_wconf 82' lang='lat' dir='ltr'>conversacio</span> <span class='ocrx_word' id='word_1_214' title='bbox 1370 2073 1541 2121; x_wconf 85' lang='lat' dir='ltr'>quadra—</span> 
     </span>
     <span class='ocr_line' id='line_1_30' title="bbox 138 2127 1541 2186; baseline -0.001 -19"><span class='ocrx_word' id='word_1_215' title='bbox 138 2135 212 2176; x_wconf 73' lang='lat'>154⁶</span> <span class='ocrx_word' id='word_1_216' title='bbox 227 2132 338 2180; x_wconf 82' lang='lat' dir='ltr'>ginta</span> <span class='ocrx_word' id='word_1_217' title='bbox 372 2132 510 2168; x_wconf 88' lang='lat' dir='ltr'>diebus</span> <span class='ocrx_word' id='word_1_218' title='bbox 539 2127 544 2186; x_wconf 78' lang='grc' dir='ltr'>Ι</span> <span class='ocrx_word' id='word_1_219' title='bbox 573 2131 631 2168; x_wconf 87' lang='lat' dir='ltr'>sui</span> <span class='ocrx_word' id='word_1_220' title='bbox 665 2131 802 2168; x_wconf 85' lang='lat' dir='ltr'>ieiunii</span> <span class='ocrx_word' id='word_1_221' title='bbox 835 2131 875 2167; x_wconf 91' lang='lat' dir='ltr'>in</span> <span class='ocrx_word' id='word_1_222' title='bbox 910 2132 1067 2168; x_wconf 86' lang='lat' dir='ltr'>deserto</span> <span class='ocrx_word' id='word_1_223' title='bbox 1100 2131 1173 2167; x_wconf 85' lang='lat' dir='ltr'>fuit</span> <span class='ocrx_word' id='word_1_224' title='bbox 1206 2139 1342 2167; x_wconf 85' lang='lat' dir='ltr'>sancte</span> <span class='ocrx_word' id='word_1_225' title='bbox 1376 2129 1541 2167; x_wconf 89' lang='lat' dir='ltr'>ecclesie</span> 
     </span>
    </p>
   </div>
   <div class='ocr_carea' id='block_1_5' title="bbox 224 2275 1543 2452">
    <p class='ocr_par' dir='ltr' id='par_1_11' title="bbox 224 2275 1543 2452">
     <span class='ocr_line' id='line_1_31' title="bbox 295 2275 1542 2312; baseline -0.002 -8"><span class='ocrx_word' id='word_1_226' title='bbox 295 2277 320 2305; x_wconf 74' lang='lat'>3.</span> <span class='ocrx_word' id='word_1_227' title='bbox 342 2277 408 2305; x_wconf 81' lang='lat' dir='ltr'>BC:</span> <span class='ocrx_word' id='word_1_228' title='bbox 431 2286 446 2304; x_wconf 86' lang='lat' dir='ltr'>a</span> <span class='ocrx_word' id='word_1_229' title='bbox 467 2277 646 2305; x_wconf 85' lang='lat' dir='ltr'>homicidio.</span> <span class='ocrx_word' id='word_1_230' title='bbox 708 2287 738 2312; x_wconf 81' lang='lat'>4.</span> <span class='ocrx_word' id='word_1_231' title='bbox 754 2278 793 2305; x_wconf 85' lang='lat' dir='ltr'>B:</span> <span class='ocrx_word' id='word_1_232' title='bbox 816 2277 970 2305; x_wconf 79' lang='lat' dir='ltr'>homicide</span> <span class='ocrx_word' id='word_1_233' title='bbox 991 2282 1046 2305; x_wconf 82' lang='lat' dir='ltr'>etc.</span> <span class='ocrx_word' id='word_1_234' title='bbox 1103 2277 1127 2305; x_wconf 85' lang='lat'>5.</span> <span class='ocrx_word' id='word_1_235' title='bbox 1143 2278 1171 2304; x_wconf 90' lang='lat' dir='ltr'><strong>A</strong></span> <span class='ocrx_word' id='word_1_236' title='bbox 1192 2277 1221 2304; x_wconf 86' lang='lat' dir='ltr'>in</span> <span class='ocrx_word' id='word_1_237' title='bbox 1243 2285 1357 2312; x_wconf 61' lang='lat' dir='ltr'>marg:</span> <span class='ocrx_word' id='word_1_238' title='bbox 1379 2275 1542 2303; x_wconf 80' lang='lat' dir='ltr'>Dominica</span> 
     </span>
     <span class='ocr_line' id='line_1_32' title="bbox 227 2310 1543 2348; baseline -0.002 -9"><span class='ocrx_word' id='word_1_239' title='bbox 227 2313 327 2348; x_wconf 83' lang='lat' dir='ltr'>prima</span> <span class='ocrx_word' id='word_1_240' title='bbox 348 2312 605 2348; x_wconf 79' lang='lat' dir='ltr'>Qnadragesime.</span> <span class='ocrx_word' id='word_1_241' title='bbox 626 2313 679 2340; x_wconf 75' lang='lat' dir='ltr'>AB</span> <span class='ocrx_word' id='word_1_242' title='bbox 700 2312 730 2340; x_wconf 90' lang='lat' dir='ltr'>in</span> <span class='ocrx_word' id='word_1_243' title='bbox 752 2321 867 2348; x_wconf 59' lang='lat' dir='ltr'>marg:</span> <span class='ocrx_word' id='word_1_244' title='bbox 888 2313 998 2340; x_wconf 79' lang='lat' dir='ltr'>XVIII.</span> <span class='ocrx_word' id='word_1_245' title='bbox 1079 2312 1106 2340; x_wconf 76' lang='grc' dir='ltr'>ὁ.</span> <span class='ocrx_word' id='word_1_246' title='bbox 1127 2313 1156 2339; x_wconf 81' lang='grc' dir='ltr'><strong>Α</strong></span> <span class='ocrx_word' id='word_1_247' title='bbox 1176 2311 1206 2339; x_wconf 90' lang='lat' dir='ltr'>in</span> <span class='ocrx_word' id='word_1_248' title='bbox 1228 2320 1342 2347; x_wconf 61' lang='lat' dir='ltr'>marg:</span> <span class='ocrx_word' id='word_1_249' title='bbox 1363 2310 1479 2338; x_wconf 75' lang='lat' dir='ltr'>Ductus</span> <span class='ocrx_word' id='word_1_250' title='bbox 1500 2314 1543 2338; x_wconf 81' lang='lat' dir='ltr'>est</span> 
     </span>
     <span class='ocr_line' id='line_1_33' title="bbox 224 2345 1542 2383; baseline -0.002 -8"><span class='ocrx_word' id='word_1_251' title='bbox 224 2348 312 2375; x_wconf 73' lang='lat' dir='ltr'>Jesus</span> <span class='ocrx_word' id='word_1_252' title='bbox 327 2347 357 2374; x_wconf 88' lang='lat' dir='ltr'>in</span> <span class='ocrx_word' id='word_1_253' title='bbox 373 2347 527 2374; x_wconf 80' lang='lat' dir='ltr'>desertum</span> <span class='ocrx_word' id='word_1_254' title='bbox 546 2355 564 2374; x_wconf 88' lang='lat' dir='ltr'>a</span> <span class='ocrx_word' id='word_1_255' title='bbox 584 2348 706 2382; x_wconf 83' lang='lat' dir='ltr'>spiritu,</span> <span class='ocrx_word' id='word_1_256' title='bbox 726 2350 762 2374; x_wconf 81' lang='lat' dir='ltr'>ut</span> <span class='ocrx_word' id='word_1_257' title='bbox 779 2350 981 2383; x_wconf 82' lang='lat' dir='ltr'>temptaretur</span> <span class='ocrx_word' id='word_1_258' title='bbox 1000 2355 1019 2375; x_wconf 83' lang='lat' dir='ltr'>a</span> <span class='ocrx_word' id='word_1_259' title='bbox 1040 2347 1172 2380; x_wconf 83' lang='lat' dir='ltr'>diabolo,</span> <span class='ocrx_word' id='word_1_260' title='bbox 1192 2346 1317 2373; x_wconf 83' lang='lat' dir='ltr'>Matthei</span> <span class='ocrx_word' id='word_1_261' title='bbox 1332 2346 1385 2373; x_wconf 85' lang='lat' dir='ltr'>IV.</span> <span class='ocrx_word' id='word_1_262' title='bbox 1407 2345 1465 2373; x_wconf 80' lang='lat' dir='ltr'>Hic</span> <span class='ocrx_word' id='word_1_263' title='bbox 1485 2345 1542 2372; x_wconf 85' lang='lat' dir='ltr'>tria</span> 
     </span>
     <span class='ocr_line' id='line_1_34' title="bbox 226 2380 1542 2420; baseline -0.002 -10"><span class='ocrx_word' id='word_1_264' title='bbox 226 2386 380 2420; x_wconf 74' lang='lat' dir='ltr'>notantur.</span> <span class='ocrx_word' id='word_1_265' title='bbox 398 2381 498 2417; x_wconf 88' lang='lat' dir='ltr'>primo</span> <span class='ocrx_word' id='word_1_266' title='bbox 514 2381 624 2417; x_wconf 81' lang='lat' dir='ltr'>ductus</span> <span class='ocrx_word' id='word_1_267' title='bbox 639 2383 684 2409; x_wconf 69' lang='lat' dir='ltr'>vel</span> <span class='ocrx_word' id='word_1_268' title='bbox 701 2382 799 2409; x_wconf 83' lang='lat' dir='ltr'>exitus</span> <span class='ocrx_word' id='word_1_269' title='bbox 814 2382 1024 2412; x_wconf 83' lang='lat' dir='ltr'>voluntarius:</span> <span class='ocrx_word' id='word_1_270' title='bbox 1045 2381 1086 2409; x_wconf 88' lang='lat' dir='ltr'>ibi</span> <span class='ocrx_word' id='word_1_271' title='bbox 1103 2381 1209 2409; x_wconf 84' lang='lat' dir='ltr'>ductus</span> <span class='ocrx_word' id='word_1_272' title='bbox 1229 2384 1274 2409; x_wconf 78' lang='lat' dir='ltr'>est</span> <span class='ocrx_word' id='word_1_273' title='bbox 1285 2380 1374 2409; x_wconf 74' lang='lat' dir='ltr'>Jesus·</span> <span class='ocrx_word' id='word_1_274' title='bbox 1386 2389 1405 2408; x_wconf 85' lang='lat' dir='ltr'>a</span> <span class='ocrx_word' id='word_1_275' title='bbox 1418 2380 1542 2416; x_wconf 77' lang='lat' dir='ltr'>spiritu,</span> 
     </span>
     <span class='ocr_line' id='line_1_35' title="bbox 226 2416 1542 2452; baseline -0.002 -8"><span class='ocrx_word' id='word_1_276' title='bbox 226 2417 341 2444; x_wconf 74' lang='lat' dir='ltr'>scillcet</span> <span class='ocrx_word' id='word_1_277' title='bbox 357 2416 496 2452; x_wconf 88' lang='lat' dir='ltr'>proprio.</span> <span class='ocrx_word' id='word_1_278' title='bbox 518 2417 661 2445; x_wconf 79' lang='lat' dir='ltr'>Secundo</span> <span class='ocrx_word' id='word_1_279' title='bbox 682 2417 767 2444; x_wconf 89' lang='lat' dir='ltr'>locus</span> <span class='ocrx_word' id='word_1_280' title='bbox 789 2416 962 2447; x_wconf 78' lang='lat' dir='ltr'>solitarius:</span> <span class='ocrx_word' id='word_1_281' title='bbox 984 2417 1041 2444; x_wconf 86' lang='lat' dir='ltr'>ibi:</span> <span class='ocrx_word' id='word_1_282' title='bbox 1065 2417 1218 2444; x_wconf 81' lang='lat' dir='ltr'>desertum</span> <span class='ocrx_word' id='word_1_283' title='bbox 1233 2438 1239 2443; x_wconf 93' lang='lat'>.</span> <span class='ocrx_word' id='word_1_284' title='bbox 1257 2437 1263 2443; x_wconf 83' lang='lat'><strong>.</strong></span> <span class='ocrx_word' id='word_1_285' title='bbox 1281 2438 1286 2443; x_wconf 95' lang='lat'>.</span> <span class='ocrx_word' id='word_1_286' title='bbox 1303 2421 1387 2443; x_wconf 89' lang='lat' dir='ltr'>actus</span> <span class='ocrx_word' id='word_1_287' title='bbox 1403 2424 1542 2442; x_wconf 83' lang='lat' dir='ltr'>necessa-</span> 
     </span>
    </p>
   </div>
   <div class='ocr_carea' id='block_1_6' title="bbox 226 2449 1542 2834">
    <p class='ocr_par' dir='ltr' id='par_1_12' title="bbox 226 2449 1542 2659">
     <span class='ocr_line' id='line_1_36' title="bbox 227 2449 1541 2489; baseline -0.002 -10"><span class='ocrx_word' id='word_1_288' title='bbox 227 2452 300 2480; x_wconf 73' lang='lat' dir='ltr'>rins.</span> <span class='ocrx_word' id='word_1_289' title='bbox 329 2455 363 2478; x_wconf 86' lang='lat' dir='ltr'>ut</span> <span class='ocrx_word' id='word_1_290' title='bbox 386 2454 588 2489; x_wconf 71' lang='lat' dir='ltr'>temptaretur</span> <span class='ocrx_word' id='word_1_291' title='bbox 612 2459 630 2478; x_wconf 88' lang='grc' dir='ltr'><em>α</em></span> <span class='ocrx_word' id='word_1_292' title='bbox 657 2451 791 2479; x_wconf 81' lang='lat' dir='ltr'>diabolo.</span> <span class='ocrx_word' id='word_1_293' title='bbox 823 2451 857 2479; x_wconf 95' lang='lat' dir='ltr'>In</span> <span class='ocrx_word' id='word_1_294' title='bbox 888 2451 989 2487; x_wconf 80' lang='lat' dir='ltr'>primo</span> <span class='ocrx_word' id='word_1_295' title='bbox 1017 2456 1140 2478; x_wconf 82' lang='lat' dir='ltr'>notatur</span> <span class='ocrx_word' id='word_1_296' title='bbox 1166 2450 1268 2478; x_wconf 82' lang='lat' dir='ltr'>divine</span> <span class='ocrx_word' id='word_1_297' title='bbox 1295 2449 1541 2477; x_wconf 78' lang='lat' dir='ltr'>mansuetndinis</span> 
     </span>
     <span class='ocr_line' id='line_1_37' title="bbox 226 2485 1542 2515; baseline -0.003 -1"><span class='ocrx_word' id='word_1_298' title='bbox 226 2486 393 2515; x_wconf 74' lang='lat' dir='ltr'>humilitas,</span> <span class='ocrx_word' id='word_1_299' title='bbox 417 2494 446 2512; x_wconf 82' lang='lat' dir='ltr'>in</span> <span class='ocrx_word' id='word_1_300' title='bbox 469 2486 604 2513; x_wconf 78' lang='lat' dir='ltr'>secundo</span> <span class='ocrx_word' id='word_1_301' title='bbox 626 2486 781 2513; x_wconf 81' lang='lat' dir='ltr'>mundane</span> <span class='ocrx_word' id='word_1_302' title='bbox 802 2507 809 2513; x_wconf 91' lang='lat'>.</span> <span class='ocrx_word' id='word_1_303' title='bbox 827 2508 832 2513; x_wconf 94' lang='lat'>.</span> <span class='ocrx_word' id='word_1_304' title='bbox 850 2508 856 2513; x_wconf 94' lang='lat'>.</span> <span class='ocrx_word' id='word_1_305' title='bbox 875 2508 880 2513; x_wconf 95' lang='lat'>.</span> <span class='ocrx_word' id='word_1_306' title='bbox 904 2486 1041 2513; x_wconf 86' lang='lat' dir='ltr'>litndinis</span> <span class='ocrx_word' id='word_1_307' title='bbox 1063 2486 1217 2515; x_wconf 71' lang='lat' dir='ltr'>sterilizas.</span> <span class='ocrx_word' id='word_1_308' title='bbox 1244 2485 1273 2512; x_wconf 94' lang='lat' dir='ltr'>in</span> <span class='ocrx_word' id='word_1_309' title='bbox 1295 2485 1389 2512; x_wconf 85' lang='lat' dir='ltr'>tercio</span> <span class='ocrx_word' id='word_1_310' title='bbox 1411 2485 1542 2511; x_wconf 90' lang='lat' dir='ltr'>lnnnane</span> 
     </span>
     <span class='ocr_line' id='line_1_38' title="bbox 226 2519 1539 2556; baseline -0.002 -8"><span class='ocrx_word' id='word_1_311' title='bbox 226 2520 442 2556; x_wconf 77' lang='lat' dir='ltr'>teinptacionis</span> <span class='ocrx_word' id='word_1_312' title='bbox 459 2520 572 2547; x_wconf 79' lang='lat' dir='ltr'>utilitas</span> <span class='ocrx_word' id='word_1_313' title='bbox 589 2542 593 2547; x_wconf 92' lang='lat'><em>.</em></span> <span class='ocrx_word' id='word_1_314' title='bbox 612 2542 617 2547; x_wconf 86' lang='lat'><strong><em>.</em></strong></span> <span class='ocrx_word' id='word_1_315' title='bbox 636 2542 641 2547; x_wconf 95' lang='lat'>.</span> <span class='ocrx_word' id='word_1_316' title='bbox 660 2542 665 2547; x_wconf 91' lang='lat'>.</span> <span class='ocrx_word' id='word_1_317' title='bbox 683 2520 781 2547; x_wconf 84' lang='lat' dir='ltr'>tribns</span> <span class='ocrx_word' id='word_1_318' title='bbox 799 2520 855 2547; x_wconf 88' lang='lat' dir='ltr'>fnit</span> <span class='ocrx_word' id='word_1_319' title='bbox 870 2520 1011 2548; x_wconf 82' lang='lat' dir='ltr'>Christus</span> <span class='ocrx_word' id='word_1_320' title='bbox 1027 2525 1209 2556; x_wconf 82' lang='lat' dir='ltr'>temptatus:</span> <span class='ocrx_word' id='word_1_321' title='bbox 1225 2520 1257 2547; x_wconf 89' lang='lat' dir='ltr'>In</span> <span class='ocrx_word' id='word_1_322' title='bbox 1274 2519 1476 2547; x_wconf 75' lang='lat' dir='ltr'>immoderate</span> <span class='ocrx_word' id='word_1_323' title='bbox 1493 2541 1498 2546; x_wconf 91' lang='lat'><em>.</em></span> <span class='ocrx_word' id='word_1_324' title='bbox 1514 2541 1518 2545; x_wconf 92' lang='lat'>.</span> <span class='ocrx_word' id='word_1_325' title='bbox 1535 2541 1539 2546; x_wconf 89' lang='lat'><em>.</em></span> 
     </span>
     <span class='ocr_line' id='line_1_39' title="bbox 226 2554 1540 2593; baseline -0.002 -11"><span class='ocrx_word' id='word_1_326' title='bbox 226 2555 318 2583; x_wconf 85' lang='lat' dir='ltr'>ditate</span> <span class='ocrx_word' id='word_1_327' title='bbox 339 2556 448 2582; x_wconf 72' lang='lat' dir='ltr'>endan</span> <span class='ocrx_word' id='word_1_328' title='bbox 466 2576 471 2581; x_wconf 90' lang='lat'><strong>.</strong></span> <span class='ocrx_word' id='word_1_329' title='bbox 489 2577 495 2582; x_wconf 89' lang='lat'><strong>.</strong></span> <span class='ocrx_word' id='word_1_330' title='bbox 513 2577 536 2584; x_wconf 87' lang='lat'>..</span> <span class='ocrx_word' id='word_1_331' title='bbox 559 2554 777 2593; x_wconf 26' lang='lat' dir='ltr'>inUinordinata</span> <span class='ocrx_word' id='word_1_332' title='bbox 799 2555 964 2590; x_wconf 81' lang='lat' dir='ltr'>cupiditate</span> <span class='ocrx_word' id='word_1_333' title='bbox 985 2555 1110 2590; x_wconf 83' lang='lat' dir='ltr'>posside</span> <span class='ocrx_word' id='word_1_334' title='bbox 1132 2577 1137 2582; x_wconf 92' lang='lat'><em>.</em></span> <span class='ocrx_word' id='word_1_335' title='bbox 1157 2577 1163 2582; x_wconf 94' lang='lat'>.</span> <span class='ocrx_word' id='word_1_336' title='bbox 1181 2577 1186 2582; x_wconf 93' lang='lat'>.</span> <span class='ocrx_word' id='word_1_337' title='bbox 1204 2577 1210 2582; x_wconf 87' lang='lat'>.</span> <span class='ocrx_word' id='word_1_338' title='bbox 1232 2554 1303 2581; x_wconf 78' lang='lat' dir='ltr'>etin</span> <span class='ocrx_word' id='word_1_339' title='bbox 1320 2555 1396 2581; x_wconf 82' lang='lat' dir='ltr'>elata</span> <span class='ocrx_word' id='word_1_340' title='bbox 1412 2562 1468 2580; x_wconf 62' lang='lat' dir='ltr'>van</span> <span class='ocrx_word' id='word_1_341' title='bbox 1486 2575 1491 2580; x_wconf 88' lang='lat'>.</span> <span class='ocrx_word' id='word_1_342' title='bbox 1511 2575 1515 2580; x_wconf 94' lang='lat'>.</span> <span class='ocrx_word' id='word_1_343' title='bbox 1535 2576 1540 2580; x_wconf 94' lang='lat'>.</span> 
     </span>
     <span class='ocr_line' id='line_1_40' title="bbox 226 2588 1541 2625; baseline -0.003 -8"><span class='ocrx_word' id='word_1_344' title='bbox 226 2590 343 2625; x_wconf 64' lang='lat' dir='ltr'>glorian</span> <span class='ocrx_word' id='word_1_345' title='bbox 372 2590 396 2623; x_wconf 85' lang='lat' dir='ltr'>i;</span> <span class='ocrx_word' id='word_1_346' title='bbox 425 2594 531 2616; x_wconf 84' lang='lat' dir='ltr'>contra</span> <span class='ocrx_word' id='word_1_347' title='bbox 557 2594 614 2616; x_wconf 81' lang='lat' dir='ltr'>tria</span> <span class='ocrx_word' id='word_1_348' title='bbox 636 2594 705 2616; x_wconf 81' lang='lat' dir='ltr'>sunt</span> <span class='ocrx_word' id='word_1_349' title='bbox 726 2598 869 2625; x_wconf 84' lang='lat' dir='ltr'>opponen</span> <span class='ocrx_word' id='word_1_350' title='bbox 968 2590 1069 2617; x_wconf 80' lang='lat' dir='ltr'>carnis</span> <span class='ocrx_word' id='word_1_351' title='bbox 1100 2589 1286 2618; x_wconf 81' lang='lat' dir='ltr'>maceracio:</span> <span class='ocrx_word' id='word_1_352' title='bbox 1317 2597 1440 2616; x_wconf 82' lang='lat' dir='ltr'>carnem</span> <span class='ocrx_word' id='word_1_353' title='bbox 1471 2588 1541 2614; x_wconf 70' lang='lat' dir='ltr'>edo-</span> 
     </span>
     <span class='ocr_line' id='line_1_41' title="bbox 228 2622 1541 2659; baseline -0.003 -7"><span class='ocrx_word' id='word_1_354' title='bbox 228 2629 289 2652; x_wconf 82' lang='lat' dir='ltr'>mat</span> <span class='ocrx_word' id='word_1_355' title='bbox 310 2646 316 2652; x_wconf 90' lang='lat'><em>.</em></span> <span class='ocrx_word' id='word_1_356' title='bbox 334 2646 339 2652; x_wconf 94' lang='lat'>.</span> <span class='ocrx_word' id='word_1_357' title='bbox 358 2647 363 2652; x_wconf 92' lang='lat'>.</span> <span class='ocrx_word' id='word_1_358' title='bbox 382 2647 388 2652; x_wconf 86' lang='grc'><em>.</em></span> <span class='ocrx_word' id='word_1_359' title='bbox 411 2632 477 2651; x_wconf 82' lang='lat' dir='ltr'>rum</span> <span class='ocrx_word' id='word_1_360' title='bbox 508 2624 689 2651; x_wconf 84' lang='lat' dir='ltr'>distribucio</span> <span class='ocrx_word' id='word_1_361' title='bbox 716 2633 774 2658; x_wconf 82' lang='lat' dir='ltr'>qne</span> <span class='ocrx_word' id='word_1_362' title='bbox 802 2633 857 2659; x_wconf 88' lang='lat' dir='ltr'>pro</span> <span class='ocrx_word' id='word_1_363' title='bbox 880 2646 886 2652; x_wconf 76' lang='grc'><em>,</em></span> <span class='ocrx_word' id='word_1_364' title='bbox 904 2646 909 2652; x_wconf 92' lang='grc'><em>.</em></span> <span class='ocrx_word' id='word_1_365' title='bbox 927 2646 932 2651; x_wconf 95' lang='grc'><em>.</em></span> <span class='ocrx_word' id='word_1_366' title='bbox 951 2646 956 2651; x_wconf 92' lang='grc'>.</span> <span class='ocrx_word' id='word_1_367' title='bbox 978 2624 1197 2654; x_wconf 80' lang='lat' dir='ltr'>communicat,</span> <span class='ocrx_word' id='word_1_368' title='bbox 1225 2623 1328 2651; x_wconf 81' lang='lat' dir='ltr'>cordis</span> <span class='ocrx_word' id='word_1_369' title='bbox 1350 2646 1356 2651; x_wconf 91' lang='lat'>.</span> <span class='ocrx_word' id='word_1_370' title='bbox 1373 2646 1378 2651; x_wconf 94' lang='lat'><em>.</em></span> <span class='ocrx_word' id='word_1_371' title='bbox 1396 2645 1401 2650; x_wconf 88' lang='lat'>.</span> <span class='ocrx_word' id='word_1_372' title='bbox 1421 2645 1426 2650; x_wconf 92' lang='lat'><em>.</em></span> <span class='ocrx_word' id='word_1_373' title='bbox 1455 2622 1541 2650; x_wconf 74' lang='lat' dir='ltr'>tricio</span> 
     </span>
    </p>

    <p class='ocr_par' dir='ltr' id='par_1_13' title="bbox 250 2657 1541 2686">
     <span class='ocr_line' id='line_1_42' title="bbox 250 2657 1541 2686; baseline -0.001 -1"><span class='ocrx_word' id='word_1_374' title='bbox 250 2668 284 2686; x_wconf 80' lang='lat' dir='ltr'>ne</span> <span class='ocrx_word' id='word_1_375' title='bbox 306 2668 374 2686; x_wconf 85' lang='lat' dir='ltr'>men</span> <span class='ocrx_word' id='word_1_376' title='bbox 397 2681 425 2686; x_wconf 91' lang='lat'>..</span> <span class='ocrx_word' id='word_1_377' title='bbox 444 2680 449 2685; x_wconf 89' lang='lat'><em>.</em></span> <span class='ocrx_word' id='word_1_378' title='bbox 468 2680 473 2685; x_wconf 90' lang='lat'><strong>.</strong></span> <span class='ocrx_word' id='word_1_379' title='bbox 495 2658 645 2685; x_wconf 80' lang='lat' dir='ltr'>linrniliat.</span> <span class='ocrx_word' id='word_1_380' title='bbox 761 2667 794 2686; x_wconf 89' lang='lat'>11.</span> <span class='ocrx_word' id='word_1_381' title='bbox 815 2660 859 2686; x_wconf 74' lang='lat' dir='ltr'>A:</span> <span class='ocrx_word' id='word_1_382' title='bbox 882 2659 1023 2686; x_wconf 82' lang='lat' dir='ltr'>meritum</span> <span class='ocrx_word' id='word_1_383' title='bbox 1046 2659 1252 2686; x_wconf 76' lang='lat' dir='ltr'>continebant.</span> <span class='ocrx_word' id='word_1_384' title='bbox 1363 2657 1399 2685; x_wconf 71' lang='lat'>13.</span> <span class='ocrx_word' id='word_1_385' title='bbox 1422 2657 1487 2684; x_wconf 76' lang='lat' dir='ltr'>BC:</span> <span class='ocrx_word' id='word_1_386' title='bbox 1513 2662 1541 2684; x_wconf 85' lang='lat' dir='ltr'>nt</span> 
     </span>
    </p>

    <p class='ocr_par' dir='ltr' id='par_1_14' title="bbox 228 2693 1542 2834">
     <span class='ocr_line' id='line_1_43' title="bbox 250 2693 1541 2728; baseline -0.002 -8"><span class='ocrx_word' id='word_1_387' title='bbox 250 2699 321 2721; x_wconf 75' lang='lat' dir='ltr'>eest.</span> <span class='ocrx_word' id='word_1_388' title='bbox 408 2693 445 2722; x_wconf 80' lang='lat'>15.</span> <span class='ocrx_word' id='word_1_389' title='bbox 469 2693 509 2720; x_wconf 81' lang='lat'>16.</span> <span class='ocrx_word' id='word_1_390' title='bbox 533 2693 598 2720; x_wconf 65' lang='lat' dir='ltr'>BC:</span> <span class='ocrx_word' id='word_1_391' title='bbox 621 2693 798 2720; x_wconf 81' lang='lat' dir='ltr'>exhortatus</span> <span class='ocrx_word' id='word_1_392' title='bbox 819 2698 874 2720; x_wconf 82' lang='lat' dir='ltr'>est.</span> <span class='ocrx_word' id='word_1_393' title='bbox 958 2702 1003 2721; x_wconf 63' lang='lat'>¹20.</span> <span class='ocrx_word' id='word_1_394' title='bbox 1026 2694 1046 2720; x_wconf 65' lang='grc' dir='ltr'>Β</span> <span class='ocrx_word' id='word_1_395' title='bbox 1068 2694 1096 2720; x_wconf 92' lang='lat' dir='ltr'>in</span> <span class='ocrx_word' id='word_1_396' title='bbox 1120 2702 1231 2728; x_wconf 54' lang='lat' dir='ltr'>marg:</span> <span class='ocrx_word' id='word_1_397' title='bbox 1255 2693 1389 2728; x_wconf 81' lang='lat' dir='ltr'>Spiritus</span> <span class='ocrx_word' id='word_1_398' title='bbox 1411 2694 1541 2720; x_wconf 59' lang='lat' dir='ltr'>Sanctus</span> 
     </span>
     <span class='ocr_line' id='line_1_44' title="bbox 228 2727 1540 2763; baseline -0.001 -9"><span class='ocrx_word' id='word_1_399' title='bbox 228 2737 321 2763; x_wconf 76' lang='lat' dir='ltr'>qnare</span> <span class='ocrx_word' id='word_1_400' title='bbox 343 2728 501 2755; x_wconf 79' lang='lat' dir='ltr'>Christum</span> <span class='ocrx_word' id='word_1_401' title='bbox 524 2727 610 2754; x_wconf 79' lang='lat' dir='ltr'>duxit</span> <span class='ocrx_word' id='word_1_402' title='bbox 630 2728 659 2755; x_wconf 91' lang='lat' dir='ltr'>in</span> <span class='ocrx_word' id='word_1_403' title='bbox 681 2728 835 2755; x_wconf 77' lang='lat' dir='ltr'>desertum</span> <span class='ocrx_word' id='word_1_404' title='bbox 864 2737 955 2755; x_wconf 78' lang='lat' dir='ltr'>cansa</span> <span class='ocrx_word' id='word_1_405' title='bbox 976 2728 1096 2763; x_wconf 82' lang='lat' dir='ltr'>triplex.</span> <span class='ocrx_word' id='word_1_406' title='bbox 1223 2736 1261 2755; x_wconf 81' lang='lat'>21.</span> <span class='ocrx_word' id='word_1_407' title='bbox 1283 2729 1311 2755; x_wconf 73' lang='lat' dir='ltr'><strong>A</strong></span> <span class='ocrx_word' id='word_1_408' title='bbox 1331 2728 1361 2755; x_wconf 92' lang='lat' dir='ltr'>in</span> <span class='ocrx_word' id='word_1_409' title='bbox 1384 2735 1497 2754; x_wconf 79' lang='lat' dir='ltr'>mar·&#39;.:</span> <span class='ocrx_word' id='word_1_410' title='bbox 1521 2735 1540 2753; x_wconf 89' lang='lat'>1.</span> 
     </span>
     <span class='ocr_line' id='line_1_45' title="bbox 228 2746 1542 2798; baseline -0.002 -8"><span class='ocrx_word' id='word_1_411' title='bbox 228 2771 271 2790; x_wconf 79' lang='lat'>22.</span> <span class='ocrx_word' id='word_1_412' title='bbox 293 2762 359 2790; x_wconf 74' lang='lat' dir='ltr'>BC:</span> <span class='ocrx_word' id='word_1_413' title='bbox 381 2763 417 2790; x_wconf 82' lang='lat' dir='ltr'>de</span> <span class='ocrx_word' id='word_1_414' title='bbox 438 2762 571 2795; x_wconf 76' lang='lat' dir='ltr'>mnndo;</span> <span class='ocrx_word' id='word_1_415' title='bbox 592 2763 620 2789; x_wconf 69' lang='lat' dir='ltr'>A</span> <span class='ocrx_word' id='word_1_416' title='bbox 641 2762 670 2789; x_wconf 91' lang='lat' dir='ltr'>in</span> <span class='ocrx_word' id='word_1_417' title='bbox 693 2771 806 2797; x_wconf 60' lang='lat' dir='ltr'>marg:</span> <span class='ocrx_word' id='word_1_418' title='bbox 828 2771 854 2790; x_wconf 84' lang='lat'>2.</span> <span class='ocrx_word' id='word_1_419' title='bbox 955 2771 1001 2797; x_wconf 72' lang='lat'>24.</span> <span class='ocrx_word' id='word_1_420' title='bbox 1024 2764 1051 2790; x_wconf 87' lang='lat' dir='ltr'><strong>A</strong></span> <span class='ocrx_word' id='word_1_421' title='bbox 1073 2763 1101 2790; x_wconf 93' lang='lat' dir='ltr'>in</span> <span class='ocrx_word' id='word_1_422' title='bbox 1124 2771 1238 2798; x_wconf 82' lang='lat' dir='ltr'>marg.:</span> <span class='ocrx_word' id='word_1_423' title='bbox 1260 2761 1284 2789; x_wconf 81' lang='lat'>3.</span> <span class='ocrx_word' id='word_1_424' title='bbox 1381 2761 1424 2789; x_wconf 77' lang='lat'>25.</span> <span class='ocrx_word' id='word_1_425' title='bbox 1447 2746 1486 2790; x_wconf 63' lang='lat' dir='ltr'>C:</span> <span class='ocrx_word' id='word_1_426' title='bbox 1509 2770 1542 2788; x_wconf 80' lang='lat' dir='ltr'>ac</span> 
     </span>
     <span class='ocr_line' id='line_1_46' title="bbox 229 2797 1246 2834; baseline -0.002 -9"><span class='ocrx_word' id='word_1_427' title='bbox 229 2798 265 2825; x_wconf 79' lang='lat' dir='ltr'>ab</span> <span class='ocrx_word' id='word_1_428' title='bbox 286 2797 396 2825; x_wconf 75' lang='lat' dir='ltr'>carnis.</span> <span class='ocrx_word' id='word_1_429' title='bbox 470 2805 514 2832; x_wconf 83' lang='lat'>27.</span> <span class='ocrx_word' id='word_1_430' title='bbox 535 2798 579 2825; x_wconf 87' lang='lat' dir='ltr'>A:</span> <span class='ocrx_word' id='word_1_431' title='bbox 601 2797 756 2826; x_wconf 83' lang='lat' dir='ltr'>illicebris.</span> <span class='ocrx_word' id='word_1_432' title='bbox 829 2805 877 2834; x_wconf 73' lang='grc'>29.</span> <span class='ocrx_word' id='word_1_433' title='bbox 899 2797 966 2825; x_wconf 82' lang='lat' dir='ltr'>BC:</span> <span class='ocrx_word' id='word_1_434' title='bbox 987 2802 1091 2825; x_wconf 84' lang='lat' dir='ltr'>sancta</span> <span class='ocrx_word' id='word_1_435' title='bbox 1111 2797 1246 2825; x_wconf 80' lang='lat' dir='ltr'>ecclesie.</span> 
     </span>
    </p>
   </div>
   <div class='ocr_carea' id='block_1_7' title="bbox 302 2903 1389 2947">
    <p class='ocr_par' dir='ltr' id='par_1_15' title="bbox 302 2903 1389 2947">
     <span class='ocr_line' id='line_1_47' title="bbox 302 2903 1389 2947; baseline -0.002 -11"><span class='ocrx_word' id='word_1_436' title='bbox 302 2903 330 2936; x_wconf 77' lang='lat'>5.</span> <span class='ocrx_word' id='word_1_437' title='bbox 359 2903 410 2936; x_wconf 86' lang='lat' dir='ltr'>Cf.</span> <span class='ocrx_word' id='word_1_438' title='bbox 437 2903 603 2947; x_wconf 83' lang='lat' dir='ltr'>Wyclif&#39;s</span> <span class='ocrx_word' id='word_1_439' title='bbox 630 2905 800 2936; x_wconf 73' lang='lat' dir='ltr'>Sei-mons</span> <span class='ocrx_word' id='word_1_440' title='bbox 827 2905 880 2935; x_wconf 89' lang='lat' dir='ltr'>ed.</span> <span class='ocrx_word' id='word_1_441' title='bbox 909 2904 952 2947; x_wconf 89' lang='lat' dir='ltr'>by</span> <span class='ocrx_word' id='word_1_442' title='bbox 981 2904 1114 2935; x_wconf 68' lang='lat' dir='ltr'>Arnold</span> <span class='ocrx_word' id='word_1_443' title='bbox 1143 2903 1166 2942; x_wconf 83' lang='lat' dir='ltr'>l,</span> <span class='ocrx_word' id='word_1_444' title='bbox 1200 2912 1389 2947; x_wconf 80' lang='lat'>109-112.</span> 
     </span>
    </p>
   </div>
  </div>
 </body>
</html>
