2017 3353
269 265 407 295 SERMO
422 256 577 315 xxxlx]
787 271 927 304 PRIMA
955 273 1079 304 PARS.
1797 280 1817 306 2
1828 271 1845 307 5
1855 283 1876 318 9

719 398 913 439 SERMO
945 399 1134 441 XXXIX.

322 491 516 528 Misereor
547 505 664 542 super
694 494 860 530 turbam.
895 494 1021 532 Marci
1052 496 1174 540 V1110‚
1211 506 1247 532 2.

320 548 415 585 Tria
449 559 614 597 possunt
647 551 779 588 notari
817 565 938 601 supra
970 552 1166 590 literalem
1200 566 1359 590 sensum
1394 554 1434 590 in
1468 568 1584 592 evan·
1647 563 1858 603 Alltegoric-al·

232 606 365 653 figelio
399 607 613 644 hodierno:
648 608 779 657 primo
813 612 1020 659 quomodo
1055 613 1105 648 ad
1139 624 1299 648 sensum
1324 613 1585 661 allegoricum
1604 599 1877 668 meagiqiggagtentlns

263 665 439 712 prelatus
474 667 589 702 debet
622 679 808 715 spargere
841 667 882 704 in
914 669 1052 717 capaci
1093 670 1245 718 populo
1289 672 1454 707 verbum
1501 671 1585 708 Dei.
1775 666 1779 668 .

264 724 350 770 Ipse
383 723 487 759 enim
522 725 640 760 debet
673 737 756 762 esse
790 726 972 763 Christus
996 740 1115 775 quem
1140 728 1312 776 populus
1337 730 1453 766 debet
1476 729 1588 778 sequi

264 779 303 816 in
335 780 469 817 triduo
502 781 739 830 penitencie,
774 792 811 820 et
843 793 934 833 post
967 786 1084 822 debet
1128 785 1238 822 refici
1283 798 1354 835 per
1399 787 1588 836 epistolas

262 838 371 874 verbi
406 838 490 885 Dei,
541 839 635 889 quia
667 840 783 878 aliter
814 841 855 879 in
885 842 949 879 via
982 845 1033 880 ad
1072 844 1245 892 patriam
1284 844 1406 881 ieiuni
1446 845 1588 882 defice-

211 908 248 930 10
263 905 362 933 rent.
398 897 548 946 Septem
578 911 700 947 panes
732 908 823 936 sunt
857 910 1030 950 quatuor
1063 901 1267 950 evangelia
1301 911 1338 939 et
1371 911 1449 940 tres
1482 903 1586 950 libri,

263 954 536 1003 sapienciales,
570 958 827 1005 prophetales
860 967 897 995 et
930 959 1156 997 historiales
1178 960 1322 997 veteris
1345 962 1586 1009 testamenti,

256 1013 436 1062 pisciculi
460 1015 580 1063 pauci
610 1024 701 1051 sunt
733 1016 995 1065 sapienciales
1029 1018 1196 1066 epistole
1235 1031 1335 1055 nove
1374 1019 1482 1068 legis,
1518 1033 1588 1070 po-

256 1071 375 1120 pulus
407 1071 648 1109 discumbens
679 1081 735 1110 est
765 1075 878 1123 plebs
911 1075 1073 1113 humilis
1106 1078 1155 1113 ad
1195 1076 1450 1114 audicionem
1484 1079 1588 1115 fruc-

261 1128 419 1166 tiferam
451 1130 561 1166 verbi
595 1130 717 1168 divini
749 1132 966 1180 inclinata;
999 1142 1142 1184 septem
1175 1143 1307 1184 sportc
1338 1144 1428 1184 post
1461 1138 1589 1185 reple·

208 1186 418 1224 x5cionem
454 1189 631 1225 conversi
678 1191 817 1239 populi
861 1201 952 1228 sunt
991 1192 1253 1241 sapienciales
1289 1193 1587 1241 postillaciones

262 1245 405 1294 quibus
438 1246 638 1294 posterior
670 1249 843 1297 populus
883 1258 940 1286 est
972 1252 1210 1299 pascendus,
1256 1259 1423 1300 quatuor
1466 1254 1587 1289 millia

261 1312 353 1340 sunt
384 1303 620 1341 universitas
653 1305 865 1354 iustorum,
901 1320 976 1357 que
1010 1309 1192 1345 consistit
1230 1308 1271 1345 in
1303 1319 1477 1358 quatuor
1508 1311 1586 1348 vir—

261 1361 413 1398 tutibus
446 1362 732 1411 cardinalibus,
767 1378 844 1414 que
875 1366 1115 1404 universitas
1148 1367 1274 1403 libero
1323 1368 1492 1405 arbitrio
1527 1369 1585 1405 di-

262 1419 434 1456 mittitur
466 1429 509 1457 ut
541 1420 581 1457 in
615 1423 781 1460 domum
815 1423 887 1460 Dei
920 1425 1117 1462 acceleret
1150 1434 1186 1462 et
1219 1428 1583 1474 correspondenter

205 1489 245 1512 20
262 1478 309 1514 de
333 1477 481 1515 Christi
509 1478 623 1516 donis
656 1490 804 1518 sereret
837 1482 1087 1519 confidenter
1118 1483 1304 1520 veritates
1339 1485 1584 1533 catholicas3

261 1548 305 1572 ex
337 1549 507 1584 quarum
554 1539 766 1576 contrariis
811 1540 979 1578 ecclesia
1012 1541 1160 1578 Christi
1199 1544 1471 1591 perturbatur,
1516 1545 1586 1581 sed

259 1606 398 1630 vecors
431 1594 685 1633 taciturnitas
717 1597 869 1635 indicat
901 1598 1182 1637 Antichristos.

318 1654 502 1689 Secunda
534 1654 738 1692 sentencia
770 1656 938 1694 rutilans
971 1657 1012 1694 in
1043 1658 1120 1695 hoc
1154 1658 1359 1707 evangelio
1394 1668 1451 1697 est
1483 1662 1584 1698 ordo
1600 1665 1679 1693 How
1696 1675 1741 1694 we
1762 1667 1872 1696 should

260 1719 297 1746 et
329 1710 504 1747 attencio
537 1712 754 1750 elemosine
781 1715 1017 1763 corporalis.
1043 1716 1224 1753 Christus
1247 1717 1353 1754 enirn
1377 1719 1585 1767 pauperri-
1662 1702 1701 1729 do
1722 1703 1812 1730 alms.

202 1770 242 1802 25
261 1781 348 1804 mus
381 1781 425 1805 ex
458 1769 603 1806 eternis
637 1771 791 1809 diviciis
824 1772 1065 1810 miraculose
1097 1774 1206 1823 pavit
1250 1788 1331 1811 non
1375 1776 1584 1824 phariseos

257 1827 318 1862 vel
351 1826 553 1875 principes
585 1830 654 1865 sed
687 1830 845 1878 plebem
878 1844 1111 1880 pauperem,
1136 1833 1193 1869 sic
1215 1833 1406 1871 secularis
1430 1836 1584 1872 habun-

258 1885 356 1921 dans
389 1884 429 1920 in
461 1885 576 1922 bonis
608 1886 767 1925 fortune
800 1889 917 1926 debet
963 1899 1150 1940 prompte
1195 1900 1231 1928 et
1277 1892 1443 1940 provide
1488 1894 1584 1930 dare

257 1942 474 1991 egentibus.
509 1945 671 1993 Septem
705 1955 839 1983 autem
882 1960 1006 1996 opera
1039 1949 1262 1997 corporalis
1307 1950 1584 1989 misericordie

255 2010 394 2049 patent
425 2001 466 2038 in
497 2002 574 2039 hoc
604 2015 739 2041 versu:

198 2060 240 2093 30
322 2059 451 2106 Visito‚
478 2068 585 2110 poto,
618 2062 713 2109 cibo,
746 2063 908 2111 redimo,
941 2071 1044 2115 tego,
1077 2066 1235 2117 colligo,
1268 2067 1400 2104 condo.

313 2119 386 2154 Sex
438 2117 607 2155 istorum
652 2129 791 2168 patent
833 2122 959 2159 Marci
1003 2124 1142 2169 XXV0‚
1190 2133 1227 2161 et
1271 2125 1487 2174 septimum
1534 2127 1582 2163 de

256 2185 510 2212 mortuorum
543 2178 750 2226 sepultura
782 2188 893 2228 patet
933 2181 1089 2218 Thobie
1122 2184 1148 2218 I.
1196 2184 1413 2229 Quomodo
1445 2193 1581 2222 autem

255 2233 305 2269 sit
339 2246 382 2270 ex
414 2243 566 2282 septem
600 2236 770 2284 panibus
815 2247 953 2287 pastus
1004 2239 1105 2276 tanti
1149 2240 1289 2289 populi
1332 2254 1422 2278 cum
1469 2251 1582 2280 tanta

256 2291 489 2329 residuitate
521 2303 688 2331 narrant
721 2296 850 2342 multi,
896 2306 939 2333 ut
971 2297 1039 2344 hii,
1081 2300 1190 2347 quod
1234 2299 1341 2336 idern
1387 2301 1502 2349 panis
1540 2301 1581 2338 in

198 2351 238 2383 35
255 2362 425 2387 numero
459 2351 738 2400 multipliciter
770 2354 898 2391 eciam
952 2355 1146 2404 digeritur
1190 2356 1231 2393 in
1273 2358 1478 2396 ventribus
1523 2359 1580 2396 di-

325 2504 350 2524 2.
373 2497 423 2525 BC
443 2498 474 2526 in
495 2507 609 2536 marg.:
630 2501 794 2528 Dominica
815 2502 962 2537 septima;
984 2502 1024 2530 ib.
1041 2503 1081 2531 C:
1105 2508 1175 2539 post
1194 2503 1374 2539 Trinitatis:
1396 2505 1436 2532 ib.
1455 2505 1572 2533 Codd.:

257 2532 378 2559 turbam
400 2538 427 2560 et
447 2538 547 2561 cetera
568 2543 626 2570 que
646 2541 827 2574 sequuntur.
926 2536 951 2564 3.
973 2538 1001 2565 A
1021 2537 1050 2565 in
1074 2547 1188 2574 marg:
1221 2548 1240 2566 ι,
1339 2548 1366 2575 9.
1389 2541 1434 2567 A:
1456 2540 1578 2567 ieiunus

258 2566 408 2595 deficeret.
478 2577 520 2603 14.
541 2570 585 2597 A:
607 2571 692 2597 verbi
714 2570 850 2605 domini;
878 2571 918 2598 ib.
940 2573 984 2599 A:
1007 2578 1118 2607 spcrte.
1195 2574 1231 2601 15.
1254 2574 1320 2601 BC:
1343 2583 1450 2601 omnes
1471 2576 1576 2610 postil-

258 2601 401 2629 laciones.
501 2603 540 2631 18.
561 2606 606 2632 A:
650 2609 760 2632 uatuor
779 2614 838 2641 que
858 2606 1054 2634 universitas.
1153 2608 1193 2639 18,
1216 2617 1258 2644 19.
1280 2609 1347 2636 BC:
1369 2609 1575 2637 dimittuntur.

258 2644 265 2663 1
293 2657 298 2662 .
321 2636 386 2675 BCJ
415 2637 598 2668 accelerent:
626 2613 666 2666 ib
688 2639 710 2667 B
730 2640 761 2667 in
782 2648 897 2679 marg:
924 2642 1089 2676 Approbat
1115 2643 1379 2682 postillacionem:
1411 2644 1517 2683 ib3tot
1543 2653 1577 2679 ge

280 2680 328 2706 μκ-
349 2676 420 2703 (510.
513 2681 559 2700 20.
583 2674 622 2702 C:
652 2674 768 2702 Christi
794 2680 921 2702 veritate
948 2684 1047 2703 serere
1075 2677 1192 2705 domini
1221 2683 1363 2705 verltates
1390 2679 1577 2715 conlidenter

257 2706 440 2741 catholicas3
462 2707 502 2734 ib.
525 2707 641 2736 Codd.:
663 2717 774 2737 serere.
797 2709 935 2738 Correxi.
1010 2710 1053 2738 23.
1075 2713 1104 2739 A
1124 2712 1154 2739 in
1177 2721 1290 2747 marg:
1313 2721 1337 2740 τι.
1414 2717 1460 2740 20.
1483 2715 1527 2740 A:
1549 2719 1576 2740 et

258 2741 422 2780 principes.
514 2742 560 2770 28.
590 2744 619 2771 A
646 2744 677 2771 in
707 2752 821 2779 marg:
859 2745 963 2780 Opera
992 2746 1204 2774 misericordie
1234 2748 1415 2786 corporalis.
1447 2748 1575 2775 Versus.

257 2775 295 2803 31.
319 2776 340 2802 B
361 2784 389 2803 m
413 2785 526 2812 marg:
554 2777 632 2805 Tres
660 2778 823 2814 opiniones
849 2781 1008 2814 quomodo
1029 2790 1065 2808 ex
1086 2787 1202 2817 septem
1225 2783 1356 2817 panibus
1379 2783 1511 2817 populus
1532 2788 1576 2810 est

258 2811 407 2839 saciatus:
430 2812 483 2839 sed
504 2820 586 2839 cave.

327 2904 358 2928 2.
386 2896 436 2928 Cf.
458 2895 625 2939 Wyclif’s
653 2899 820 2930 sermons
849 2899 902 2930 ed.
930 2899 974 2942 by
1000 2901 1133 2932 Arnold
1162 2901 1186 2941 1,
1217 2911 1266 2943 17·

1368 2970 1405 3003 17
