2017 3353
180 889 216 909 lO

179 1168 212 1199 15

174 1468 215 1489 20

173 1749 212 1781 25

175 2330 212 2363 35

234 244 370 273 SERMO
386 231 454 290 xr]
746 247 886 279 PRIMA
906 247 1030 280 PARS.

232 365 355 402 quam
401 365 445 388 ex
489 352 821 389 confederacione
866 353 1127 401 cognacionis
1161 355 1339 403 obligata
1373 356 1542 393 existere

232 411 271 446 in
304 410 463 458 nupciis
496 410 656 457 nepotis
689 410 765 448 sui.
799 414 848 448 Et
869 412 985 448 Jesus
1018 424 1108 448 cum
1144 412 1358 460 discipulis
1392 413 1474 450 suis
1499 426 1541 450 ex

232 468 504 505 familiaritate
536 477 701 505 vocatus
735 477 794 505 est
833 470 884 506 ad
923 469 1011 506 illas
1056 470 1239 518 nupcias.
1294 473 1349 507 Ex
1394 472 1542 520 quibus

232 526 394 563 elicitur
427 527 536 574 quod
570 526 716 574 nupcie
750 536 844 563 sunt
875 527 984 564 licite
1018 536 1055 564 et
1094 541 1175 564 non
1220 538 1401 577 peccata,
1448 542 1540 566 cum

232 597 311 621 non
356 583 474 621 aliter
518 596 678 621 summa
712 585 866 622 Veritas
912 585 992 622 illis
1037 586 1197 634 nupciis
1231 600 1253 624 a
1285 596 1366 623 tam
1401 598 1541 625 sancto

231 642 441 691 proposito
465 641 687 680 interesset.
721 643 890 680 Elicitur
904 644 1081 680 secundo
1099 645 1208 692 quod
1224 645 1326 682 sicut
1341 647 1542 682 Johannes

230 709 398 737 vocatus
432 709 490 736 est
522 701 572 737 ad
605 701 879 748 apostolatum
913 712 1005 738 ante
1040 703 1242 739 carnalem
1267 704 1456 751 copulam
1483 705 1543 753 (ut

232 758 330 795 dicit
369 760 511 795 beatus
554 759 823 807 Jeronymus),
878 760 934 797 ita
979 760 1072 796 licet
1117 761 1279 810 utrique
1324 761 1542 810 coniugum

231 817 382 854 intrare
415 815 652 864 religionem
686 817 746 854 vel
780 826 931 855 statum
966 818 1201 865 sacerdocii,
1251 821 1345 856 dum
1380 833 1461 856 non
1494 820 1545 857 sit

231 875 392 911 aliunde
436 874 707 921 obstaculum,
763 884 981 925 antequam
1031 877 1344 914 matrimonium
1391 879 1544 915 carnali

232 933 379 980 copula
412 942 728 970 consummetur.
792 935 920 971 Mater
951 933 1086 983 itaque
1117 937 1209 972 Jesu
1243 936 1291 972 de
1323 936 1416 974 vino
1451 936 1545 973 soli-

231 990 324 1035 cita,
348 992 444 1026 dum
469 990 613 1027 defecit
636 992 955 1039 quodammodo,
990 1002 1212 1042 conquesta
1235 1003 1293 1031 est
1316 994 1400 1031 filio
1424 1008 1543 1044 quem

231 1048 401 1085 credidit
433 1061 503 1096 per
535 1048 731 1086 miracula
764 1051 899 1087 statim
924 1052 1162 1099 apposuisse
1196 1053 1433 1090 remedium.
1468 1055 1546 1090 Sed

232 1107 356 1144 facete
389 1119 434 1143 ac
469 1107 649 1144 modeste
683 1111 742 1153 (ut
773 1108 814 1144 in
846 1109 1054 1157 evangelio
1088 1109 1230 1158 priori)
1273 1123 1344 1159 per
1377 1112 1543 1148 modum

231 1164 564 1213 interrogacionis
598 1166 876 1214 conqueritur:
932 1168 1077 1212 Vinum,
1110 1168 1255 1216 inquit,
1289 1182 1361 1206 non
1394 1171 1544 1206 habent.

233 1223 310 1260 Ubi
344 1231 455 1271 patet
488 1233 570 1260 tam
603 1224 747 1272 logicis
781 1237 903 1273 quam
928 1226 1126 1274 theologis
1152 1227 1260 1274 quod
1282 1239 1363 1264 non
1386 1236 1546 1276 oportet

232 1281 360 1329 ipsam
378 1281 630 1318 commisisse
648 1282 917 1330 mendacium,
936 1296 1027 1320 cum
1046 1284 1127 1321 vini
1143 1285 1304 1333 copiam
1321 1287 1542 1323 secundum

232 1339 473 1387 nupciarum
498 1339 788 1378 sufficienciam
815 1350 909 1378 tunc
943 1355 1025 1379 non
1058 1343 1220 1380 habent.
1256 1344 1332 1380 Sed
1358 1344 1544 1381 Christus

233 1397 440 1445 respondit
487 1397 605 1435 matri
653 1411 721 1435 sue
767 1408 963 1447 extranee,
1009 1400 1105 1449 quia
1148 1413 1229 1437 non
1268 1402 1464 1439 subtraxit
1495 1404 1544 1439 ab

231 1455 299 1492 illa
332 1465 519 1492 naturam
554 1457 776 1493 secundum
810 1471 930 1506 quam
970 1459 1118 1495 faceret
1161 1459 1413 1507 originaliter
1449 1473 1543 1509 que-

231 1526 404 1562 cumque
438 1514 647 1561 miracula,
683 1527 774 1552 cum
810 1515 1006 1553 miracula
1039 1517 1096 1554 sic
1119 1517 1212 1554 fecit
1234 1519 1366 1554 solum
1400 1531 1542 1555 secun-

231 1572 326 1608 dum
360 1580 546 1609 naturam
581 1572 758 1610 divinam
793 1587 815 1611 a
847 1587 926 1622 qua
959 1574 1047 1623 ipsa
1079 1575 1152 1612 fuit
1185 1585 1391 1613 extranea:
1438 1577 1543 1614 Non-

231 1631 320 1666 dum
369 1631 469 1667 venit
513 1632 622 1674 Ιιονα,
671 1631 710 1667 in
750 1645 828 1680 qua
862 1641 1068 1680 pateretur
1100 1635 1321 1670 secundum
1356 1643 1541 1672 naturam

231 1701 352 1735 quam
386 1689 435 1725 ab
469 1701 514 1725 ea
547 1700 836 1737 assumpserat.
872 1692 986 1728 Unde
1007 1692 1094 1728 Joh.
1119 1693 1208 1728 ΧΧο
1244 1701 1281 1729 et
1312 1692 1378 1730 hic
1402 1706 1543 1730 secun-

231 1747 325 1782 dum
360 1747 524 1783 beatum
548 1747 819 1795 Augustinum
855 1748 985 1796 ipsam
1019 1750 1203 1787 nominat
1234 1751 1458 1798 mulierem,
1482 1752 1541 1788 vel

231 1810 287 1849 (ut
307 1805 439 1852 placet
463 1805 729 1850 Crisostomo)
750 1806 834 1843 sine
858 1807 975 1843 huius
999 1808 1271 1856 repugnancia
1294 1810 1410 1846 beata
1433 1810 1543 1858 virgo

232 1876 274 1899 ex
320 1862 467 1910 pietate
510 1863 639 1900 voluit
681 1864 912 1911 prevenisse
957 1866 1200 1902 miraculum
1246 1876 1338 1904 ante
1383 1877 1543 1916 tempus

232 1921 432 1966 debitum3
467 1933 538 1957 nec
563 1934 607 1958 ex
630 1922 705 1958 hoc
729 1922 911 1970 sequitur
933 1925 1043 1971 quod
1067 1925 1259 1972 peccavit,
1295 1938 1385 1962 cum
1411 1926 1543 1962 solum

233 1980 414 2016 modeste
448 1988 484 2015 et
516 1979 852 2017 condicionaliter
882 1981 1022 2019 voluit.
1059 1984 1159 2019 Cum
1194 1993 1328 2020 autem
1363 1985 1438 2020 hoc
1471 1984 1543 2021 fuit

175 2040 189 2071 3
233 2037 408 2085 primum
445 2037 594 2074 Christi
630 2038 870 2075 miraculum
906 2040 1043 2077 debuit
1076 2041 1225 2077 factum
1260 2041 1380 2078 fuisse
1414 2042 1544 2090 publi-

232 2108 322 2132 cum
358 2104 394 2132 et
428 2108 497 2143 per
529 2108 780 2144 consequens
815 2108 974 2145 tempus
1006 2100 1207 2146 ydoneum
1255 2109 1543 2147 exspectatum,

231 2154 319 2190 ideo
354 2167 431 2190 non
466 2154 598 2191 solum
633 2164 817 2192 extranee
850 2157 920 2193 sed
946 2156 1178 2194 instructive
1202 2168 1238 2194 et
1263 2158 1424 2195 racione
1458 2172 1544 2206 pre-

230 2213 478 2259 ponderante
523 2212 618 2249 dixit
652 2214 761 2260 quod
806 2215 971 2251 nondum
1017 2216 1116 2251 venit
1160 2217 1257 2252 hora
1295 2217 1406 2264 operi
1452 2217 1544 2253 huic

231 2270 470 2306 conveniens
515 2283 587 2307 nec
627 2271 701 2307 sibi
740 2281 777 2308 et
812 2272 931 2309 matri
965 2286 1034 2309 sue
1068 2273 1141 2310 fuit
1172 2273 1271 2310 illud
1305 2283 1398 2312 tunc
1424 2276 1544 2323 perti—

228 2341 339 2366 nens.
395 2329 485 2365 Ideo
518 2329 700 2366 nominat
742 2329 870 2377 ipsam
914 2339 1105 2378 tanquam
1160 2333 1368 2369 mulierem
1419 2342 1543 2371 extra-

229 2399 360 2433 neam,
396 2399 487 2423 cum
520 2400 602 2424 non
636 2389 684 2424 ab
708 2388 795 2436 ipsa
818 2389 956 2426 habuit
976 2402 1220 2438 cognoscere
1244 2391 1360 2438 plene
1384 2400 1543 2439 tempus

230 2445 401 2482 faciendi
427 2445 634 2493 miracula,
669 2448 738 2483 sed
760 2447 901 2494 pocius
925 2456 1129 2496 oporteret
1152 2457 1360 2497 expectare
1384 2458 1542 2498 tempus

298 2568 322 2595 3.
343 2568 388 2596 A:
410 2568 633 2596 famulieritate.
671 2569 696 2598 5.
718 2570 760 2596 A:
782 2576 809 2598 et
829 2576 892 2599 tarn
914 2577 1041 2605 sancto;
1064 2572 1104 2599 ib.
1126 2572 1153 2599 A
1174 2572 1203 2599 in
1226 2580 1342 2608 marg:
1364 2581 1384 2600 1.
1425 2574 1442 2602 6
1465 2575 1491 2601 A
1512 2574 1541 2601 in

231 2611 345 2637 marg.:
366 2612 391 2631 2.
446 2612 487 2637 14.
510 2604 556 2631 A:
572 2604 661 2632 tacite
676 2610 778 2640 atque.
849 2606 890 2634 16.
912 2607 959 2634 A:
980 2607 1134 2642 theoligis.
1201 2615 1241 2642 17.
1259 2610 1303 2635 A:
1325 2611 1426 2643 ipsam
1448 2609 1542 2636 deest.

231 2648 260 2674 ις)
293 2639 360 2667 BC:
383 2640 462 2674 quod
485 2647 563 2673 non;
584 2640 624 2667 ib.
652 2639 717 2667 BC:
739 2642 889 2669 contraxit
909 2647 1060 2670 naturam.
1187 2649 1230 2676 22,
1252 2643 1294 2671 23.
1316 2645 1360 2671 A:
1393 2644 1540 2671 Nondum

229 2674 322 2702 enim.
379 2674 421 2702 25.
444 2674 508 2701 BC:
531 2675 653 2702 beatum
675 2676 775 2708 deest;
815 2677 856 2703 ib.
885 2677 914 2703 A
943 2678 973 2703 in
996 2685 1111 2709 marga
1144 2678 1352 2712 Augustinus.
1427 2678 1473 2706 26.
1496 2679 1538 2706 A:

229 2710 293 2736 eius
315 2710 534 2744 repugnancia.
624 2709 670 2737 28.
693 2712 739 2737 A:
762 2710 899 2738 debitum
920 2711 1030 2744 niciam
1058 2713 1099 2740 ib.
1127 2714 1172 2740 A:
1201 2713 1307 2747 sequi;
1337 2714 1376 2741 ib.
1398 2714 1442 2741 A:
1471 2721 1542 2741 cum

231 2744 391 2778 modeste;
408 2744 447 2772 C:
472 2752 532 2772 non
549 2745 662 2772 solum.
737 2743 782 2772 30.
805 2745 847 2774 C:
869 2746 914 2773 vel
931 2747 1102 2781 publicum.
1183 2746 1227 2782 37.
1249 2749 1291 2774 A:
1315 2754 1382 2782 post
1398 2748 1541 2775 faciendi*

253 2844 259 2853 ‘
303 2859 352 2891 24.
381 2852 469 2893 Aug.
497 2852 590 2894 Opp.
617 2858 701 2883 tom.
735 2853 773 2892 V,
802 2862 877 2895 291.

1567 539 1763 567 Lawfulness
1784 539 1821 567 of

1618 575 1772 609 marriage

1604 610 1717 645 proved
1741 612 1779 646 by

1633 644 1763 672 Chrisi’s

1616 687 1773 714 presence.

1578 1351 1709 1380 Christ⁷s
1730 1352 1818 1387 reply

1561 1387 1665 1414 marks
1691 1388 1756 1414 that
1787 1388 1834 1415 his

1561 1430 1665 1457 power
1692 1430 1756 1449 was
1782 1427 1836 1450 not

1584 1457 1710 1484 derived
1732 1457 1815 1484 from

1595 1491 1642 1519 his
1663 1492 1798 1520 mother.
