2017 3353
114 321 188 354 194

106 1167 237 1194 Clirist's
250 1166 378 1201 divinity

130 1204 187 1230 had
211 1207 262 1228 not
285 1202 356 1228 been

115 1240 188 1272 fully
209 1238 320 1263 known
343 1242 372 1262 ιο

198 1272 291 1298 them.

124 1576 220 1603 Proof
236 1575 299 1602 that
319 1574 369 1600 the

124 1611 274 1645 tempora}
295 1617 365 1636 max·

107 1647 141 1673 be
165 1654 255 1672 cause
278 1644 312 1671 of
331 1639 380 1671 tfie

181 1680 304 1708 etei-nal.

699 313 921 345 JOHANNIS
941 313 1122 346 wvcmr
1140 313 1397 345 SERMONUM
1433 298 1584 357 [SERMO
1600 309 1707 338 XXIX-

394 418 573 456 tudinem
607 431 710 464 vere,
744 432 824 455 non
856 420 951 456 false
984 419 1093 468 loqui
1127 421 1174 455 de
1207 418 1398 467 preterito
1430 418 1490 454 vel
1522 417 1708 465 presenti.

394 479 496 513 Nam
530 486 624 513 tunc
658 477 765 513 iuxta
798 477 1075 525 apostolorum
1117 476 1425 525 disposicionem
1468 484 1505 511 et
1538 475 1710 512 racionis

395 535 704 583 congruenciam
738 547 818 570 non
850 535 1080 582 parabolice
1113 536 1179 571 sed
1213 535 1346 582 palam
1382 533 1436 570 eis
1463 533 1640 581 loquitur
1664 535 1710 569 de

392 592 589 629 Trinitate
629 602 665 629 et
705 592 845 628 ceteris
886 592 1072 628 misteriis
1107 592 1214 640 regni
1250 592 1333 627 Dei.
1375 594 1415 627 In
1448 591 1516 626 illo
1550 590 1612 627 die
1645 603 1710 639 pe-

394 650 548 686 cierunt
581 650 752 698 apostoli
787 649 1010 697 spiritualia
1044 650 1081 685 in
1116 649 1276 686 nomine
1306 648 1466 691 Christi,
1502 661 1581 684 non
1614 648 1744 687 isra-5

394 708 646 744 cionabiliter
690 707 931 755 temporalia
975 708 1035 743 vel
1081 709 1244 744 caduca.
1300 708 1413 743 Unde
1465 706 1504 742 in
1549 706 1711 742 nomine

394 765 540 801 Christi
576 766 833 813 baptizabant
867 765 904 800 in
939 765 1139 813 primitiva
1170 765 1337 801 ecclesia
1362 778 1434 812 pro
1459 764 1526 800 illo
1550 764 1711 800 nomine

393 824 632 865 extollendo,
667 833 703 860 et
737 823 775 859 in
811 823 885 859 tine
919 823 1154 859 oracionum
1189 822 1353 859 ecclesie
1382 822 1517 858 dicunt
1541 824 1591 858 ad
1616 823 1709 858 hoc:

394 882 471 917 Per
508 882 704 917 Christum
740 882 945 916 Dominum
985 889 1157 917 nostrum
1197 882 1256 917 vel
1301 893 1422 916 unum
1470 880 1708 928 equivalens.

395 939 474 974 Nec
525 940 608 975 dico
668 940 784 983 vobis,
852 939 1050 986 gignendo
1115 951 1225 986 spem
1286 947 1434 974 certam
1493 947 1708 985 antequam
1731 956 1768 977 10

395 996 556 1032 effectus
589 997 756 1042 eveniat,
796 997 881 1045 quia
921 1010 993 1047 ego
1035 996 1265 1032 humanitus
1301 997 1449 1046 rogabo
1476 1004 1629 1045 patrem
1664 997 1711 1031 de

394 1055 524 1094 vobis:
570 1067 641 1091 nec
686 1064 818 1103 posset
863 1067 945 1090 csse
990 1054 1164 1090 medium
1212 1054 1348 1102 apcius
1397 1055 1528 1102 quoad
1569 1056 1709 1097 Deum,

395 1125 484 1148 cum
520 1112 605 1160 ipsa
639 1112 867 1149 humanitas
901 1122 936 1148 et
971 1112 1118 1148 Christi
1153 1112 1336 1148 divinitas
1360 1111 1437 1147 sint
1461 1113 1598 1147 eadem
1623 1123 1711 1158 per-

393 1184 491 1206 sona
526 1170 594 1206 filii
628 1180 664 1206 ct
698 1170 753 1206 sic
788 1173 904 1206 Deus.
938 1172 1040 1206 Ante
1074 1170 1299 1218 passionem
1334 1178 1467 1205 tamen
1500 1182 1611 1205 suam
1647 1181 1712 1216 pe-

393 1228 581 1264 ticionem
628 1228 867 1265 humanitati
902 1228 1049 1264 Christi
1095 1227 1330 1272 direxerant,
1377 1236 1414 1263 et
1457 1236 1550 1262 tunc
1595 1226 1767 1266 nimis13

394 1299 535 1334 parum
578 1286 649 1322 fuit
689 1286 743 1322 eis
783 1286 967 1322 divinitas
1009 1286 1091 1322 eius
1130 1295 1237 1322 nota.
1272 1288 1320 1321 Et
1354 1285 1470 1321 istam
1503 1284 1711 1320 veritatem

394 1344 567 1380 ostendit
601 1343 655 1380 eis
689 1344 869 1380 Christus
904 1344 994 1380 licet
1027 1343 1260 1380 abscondite
1294 1343 1331 1378 in
1366 1343 1440 1378 hiis
1473 1342 1614 1379 verbis.
1664 1344 1711 1378 Et

395 1404 444 1438 ad
485 1403 757 1438 denotandum
798 1402 1107 1450 congruenciam
1149 1401 1187 1437 in
1226 1401 1351 1449 petito
1391 1400 1485 1436 dicit
1532 1400 1712 1436 Christus

396 1461 443 1496 de
476 1459 570 1507 ipsis
604 1460 815 1508 apostolis:
849 1461 946 1509 lpse,
979 1459 1119 1507 inquit,
1150 1467 1264 1508 pater
1291 1467 1394 1494 [iniat
1429 1471 1506 1500 vos,
1530 1459 1615 1506 quia
1648 1471 1714 1493 vos

395 1531 454 1554 me
484 1519 643 1553 amastis
674 1526 708 1554 et
740 1518 958 1554 credidistis
990 1518 1075 1566 quia
1107 1531 1128 1553 α
1163 1518 1246 1553 Deo
1278 1517 1390 1553 exivi.
1728 1533 1770 1554 20

452 1577 506 1611 Ex
545 1576 688 1624 quibus
726 1576 987 1621 convincitur,
1028 1588 1117 1611 cum
1162 1588 1276 1611 amor
1315 1574 1439 1622 patris
1472 1573 1520 1609 sit
1554 1582 1711 1610 eternus

396 1642 432 1670 et
456 1646 570 1670 amor
594 1633 882 1682 discipulorum
908 1646 987 1682 quo
1012 1633 1301 1669 humanitatem
1319 1632 1465 1667 Christi
1482 1632 1711 1672 dilexerant,

396 1691 543 1739 incepit
582 1691 621 1727 in
659 1700 855 1739 tempore,
896 1692 1003 1739 quod
1042 1704 1165 1727 unum
1205 1690 1428 1738 temporale
1460 1698 1590 1737 potest
1630 1702 1713 1725 esse

395 1762 514 1786 causa
548 1749 672 1785 eterni
706 1751 812 1798 quod
847 1748 1041 1797 contingit
1080 1762 1101 1785 a
1136 1748 1349 1796 temporali
1384 1747 1613 1783 huiusmodi
1648 1749 1712 1782 de—

395 1809 581 1855 pendere.
627 1806 752 1843 Aliter
799 1807 903 1843 enim
949 1820 1029 1843 non
1075 1806 1223 1842 diceret
1255 1805 1411 1842 Veritas
1456 1807 1563 1853 quod
1609 1807 1713 1841 Deus
1731 1810 1770 1842 25

395 1873 508 1913 pater
553 1874 661 1901 amat
701 1864 930 1913 discipulos,
972 1864 1067 1913 quia
1105 1864 1179 1912 ipsi
1220 1863 1421 1900 Christum
1468 1871 1712 1899 amaverant.

395 1924 444 1958 Et
482 1922 557 1959 ista
596 1922 744 1959 noticia
785 1931 841 1959 est
879 1922 1067 1959 notabilis
1106 1922 1145 1958 in
1188 1921 1355 1958 materia
1389 1923 1436 1957 de
1469 1920 1713 1968 predestina-

397 1980 510 2016 cione
549 1989 585 2016 et
619 1980 752 2016 multis
797 1980 884 2017 aliis
928 1980 1162 2017 veritatibus
1209 1979 1353 2016 eternis
1399 1978 1714 2026 dependentibus

397 2051 417 2074 a
467 2037 700 2075 veritatibus
751 2038 1041 2086 temporalibus
1094 2037 1382 2085 contingenter.
1447 2036 1714 2072 Crediderunt

396 2104 529 2132 autem
563 2096 735 2144 apostoli
769 2096 845 2132 fide
878 2097 1138 2133 antecedente
1171 2096 1221 2131 ad
1254 2095 1372 2131 istum
1402 2106 1580 2130 amorem
1606 2095 1713 2142 quod
1732 2098 1773 2131 30

397 2153 577 2189 Christus
622 2154 741 2190 exivit
781 2155 826 2190 de
864 2155 948 2190 Deo
992 2166 1062 2202 per
1101 2162 1278 2189 eternam
1326 2152 1631 2200 generacionem
1678 2160 1713 2187 et

397 2212 648 2258 personalem
691 2211 996 2248 distinccionem
1037 2220 1073 2247 et
1112 2219 1201 2258 post
1246 2210 1361 2246 istam
1408 2209 1710 2257 generacionem

397 2277 577 2304 eternam
612 2270 731 2305 exivit
763 2282 784 2304 α
813 2277 929 2318 patre
960 2268 1232 2317 produccione
1266 2269 1314 2304 ad
1349 2276 1456 2303 extra
1489 2275 1523 2303 et
1558 2267 1655 2302 venit
1677 2267 1712 2301 in

397 2327 578 2361 mzmdum
624 2339 694 2374 per
739 2327 869 2363 carnis
913 2325 1251 2374 assumpcionem,
1305 2333 1339 2361 et
1383 2325 1519 2360 iterum
1561 2325 1713 2372 reliquit

397 2384 579 2419 mundum
613 2385 747 2432 quoad
769 2384 962 2421 viacionis
986 2383 1262 2420 habitudinem
1297 2391 1330 2418 et
1365 2383 1467 2417 vadit
1490 2383 1541 2417 ad
1558 2390 1712 2431 patrem
1730 2386 1769 2419 35

396 2442 530 2489 quoad
565 2440 853 2490 triumphantis
887 2441 1253 2489 regeneracionem.

465 2628 490 2648 2.
511 2621 550 2648 A:
571 2625 599 2648 et
619 2621 769 2648 omnium.
810 2629 838 2655 9.
861 2620 926 2648 BC:
948 2620 1118 2659 annectitur
1139 2629 1192 2659 per
1212 2620 1388 2648 Christum:
1416 2621 1521 2658 itm-A:
1543 2619 1711 2647 Dominum

398 2660 537 2682 nostrum
560 2655 653 2682 deest.
705 2664 745 2682 10.
767 2656 809 2682 A:
831 2655 867 2682 Et
888 2663 969 2682 nunc
990 2655 1058 2682 d1co
1080 2656 1177 2682 vobis.
1231 2663 1264 2682 11.
1287 2655 1327 2682 C:
1350 2655 1534 2682 humanitas.
1587 2662 1624 2681 12.
1647 2654 1711 2680 BC:

398 2690 506 2725 possit.
586 2690 623 2718 15.
647 2689 712 2717 BC:
734 2695 761 2716 et
781 2695 893 2716 tamen.
974 2689 1015 2716 16.
1037 2691 1081 2716 A:
1103 2689 1231 2721 noticia:
1253 2690 1293 2716 ib.
1316 2689 1356 2716 C:
1378 2689 1414 2716 Et
1435 2689 1527 2716 deest.
1608 2697 1645 2724 17-
1668 2689 1712 2715 A:

398 2724 542 2751 Christus
562 2724 655 2751 deest.
708 2733 748 2760 19.
771 2725 814 2751 A:
837 2724 901 2759 ipse
922 2724 1013 2750 enim.
1064 2732 1110 2751 20.
1132 2725 1176 2751 A:
1198 2729 1225 2751 et
1245 2724 1420 2751 credidistis
1441 2724 1533 2750 deest.
1584 2731 1623 2750 21.
1647 2723 1711 2749 BC:

398 2759 443 2785 Ex
463 2767 534 2793 quo.
607 2766 650 2786 22.
672 2760 716 2786 A:
747 2759 776 2785 in
805 2767 916 2793 marg:
949 2758 1050 2785 Unum
1081 2759 1250 2794 temporale
1278 2763 1377 2793 potest
1403 2767 1468 2785 esse
1495 2766 1586 2785 causa
1606 2757 1710 2784 eterni.

399 2792 442 2820 23.
463 2796 507 2820 A:
528 2793 642 2828 incepit
662 2802 728 2820 esse
749 2793 841 2829 quod.
915 2800 961 2827 24.
983 2793 1026 2819 A:
1048 2801 1116 2820 cum
1139 2793 1297 2828 contingit.
1371 2793 1412 2820 25.
1434 2793 1478 2819 A:
1499 2792 1578 2819 enim
1600 2792 1711 2818 diceret

400 2828 493 2862 quod.
596 2827 642 2855 26.
663 2828 704 2855 C:
724 2832 913 2854 amaverunt.
1021 2835 1064 2862 27.
1088 2827 1153 2854 BC:
1175 2832 1255 2854 nota.
1358 2835 1404 2863 29.
1425 2828 1469 2854 A:
1498 2835 1513 2853 a
1534 2826 1712 2853 veritatibus

399 2862 623 2897 temporalibus
649 2862 742 2889 deest.
832 2862 877 2889 30.
899 2863 942 2888 A:
973 2867 1073 2888 autem
1101 2862 1194 2889 deest.
1285 2861 1324 2889 31.
1344 2862 1389 2889 A:
1411 2870 1426 2888 a
1448 2861 1528 2894 Deo:
1558 2861 1598 2887 ib.
1619 2861 1662 2887 A:
1684 2865 1711 2886 et

399 2897 492 2934 deest.
531 2895 576 2930 34.
600 2897 639 2924 C:
662 2896 814 2932 relinquit.
887 2896 928 2923 35.
950 2897 994 2923 A:
1016 2897 1143 2923 viatoris
1163 2896 1398 2923 habitacionem.
1474 2894 1520 2922 36.
1541 2896 1585 2922 A:
1608 2903 1712 2930 regna-

397 2939 527 2957 etonem.
