2017 3353
150 299 224 335 150

154 640 198 668 He
218 641 288 667 who
310 640 401 674 keeps

160 675 291 702 Christ's
312 673 397 700 word

143 710 203 736 will
226 715 277 737 not
298 718 346 736 see
367 709 416 735 the

165 746 275 773 second
298 743 397 771 death.

146 1393 213 1421 The
235 1393 314 1420 Jews
340 1401 419 1420 were

214 1429 357 1463 ignorant

174 1464 301 1490 because
321 1463 391 1490 thex·

170 1506 248 1526 were
269 1495 396 1526 wicked.

728 300 952 334 JOHANNIS
979 300 1165 332 WYCLIF'
1193 298 1448 331 SERMONUM
1478 283 1629 342 [SERMO
1651 295 1744 323 XXII-

431 411 555 447 solem
591 408 746 446 iusticie
779 406 988 455 dirigendo
1021 406 1163 442 faciem
1197 417 1310 442 suam
1344 404 1384 441 in
1416 404 1528 441 illum
1562 404 1601 440 in
1639 414 1747 442 tene-

431 468 511 505 bris
543 467 763 505 ambulare.
798 466 890 501 Ideo
923 463 1169 513 pertinenter
1201 463 1422 511 subiungit:
1461 463 1595 509 Amen,
1626 463 1746 500 Amen

432 527 515 563 dico
554 526 670 571 vobis,
709 524 743 560 si
778 523 860 572 quis
896 534 1110 559 sermonem
1151 533 1273 558 meum
1312 521 1540 568 servaverit,
1584 529 1745 558 mortem

431 597 503 621 non
539 584 677 620 videbit
709 582 744 617 in
778 588 963 617 eternum.

490 645 601 679 Patet
634 653 678 678 ex
710 641 786 676 hoc
810 640 919 687 quod
941 650 1101 675 servans
1124 638 1290 674 verbum
1314 649 1429 673 suum
1454 636 1746 686 incorruptum,
1764 639 1779 670 5

433 713 522 737 cum
571 700 701 748 ipsum
750 697 800 734 sit
846 709 981 734 semen
1028 695 1288 733 beatitudinis
1335 694 1634 741 fructificatum,
1675 695 1748 731 erit

432 760 570 795 beatus
616 766 652 794 et
697 769 768 805 per
812 767 1059 803 consequens
1103 766 1184 790 non
1227 753 1377 790 videbit
1421 762 1591 790 mortem
1633 766 1746 790 suam

432 817 663 861 secundam,
705 827 793 851 cum
828 814 930 850 foret
962 811 1201 849 beatitudini
1234 823 1302 848 sue
1335 811 1550 857 contraria,
1576 811 1669 860 quia
1692 811 1747 848 sic

433 877 537 911 Deus
576 874 678 910 foret
717 881 857 909 auctor
896 869 1247 915 contradiccionis,
1288 878 1325 905 et
1357 869 1412 906 sic
1445 869 1626 906 Christus
1659 882 1748 918 per-

432 933 605 969 tinenter
637 930 841 980 specificat
875 938 1044 966 mortem
1080 928 1296 964 secundam
1330 940 1406 976 que
1445 936 1502 964 est
1539 936 1746 976 perpetua,
1768 939 1806 961 ιο

433 990 527 1039 quia
549 991 713 1027 verbum
748 1002 863 1025 suum
898 996 954 1024 est
987 999 1123 1024 semen
1155 985 1402 1022 fructificans
1434 985 1474 1022 in
1505 985 1627 1022 vitam
1660 998 1748 1034 per-

433 1058 610 1097 petuam.

491 1109 539 1143 Et
572 1104 867 1143 contrariorum
903 1104 1041 1141 eadem
1077 1111 1133 1138 est
1163 1100 1388 1149 disciplina.
1422 1102 1621 1138 Dixerunt
1652 1114 1750 1151 ergo

435 1165 562 1201 Iudeis
599 1165 712 1200 Nunc
745 1162 1013 1214 cognoscimus
1045 1161 1131 1210 quia
1166 1160 1381 1196 demonium
1415 1160 1543 1205 habes,
1589 1168 1624 1196 et
1657 1173 1749 1207 pro-

434 1224 530 1259 bant
582 1223 657 1259 hoc
711 1234 753 1258 ex
803 1219 950 1257 Christi
1004 1217 1234 1256 mendacio:
1285 1217 1497 1265 Abraham,
1550 1217 1748 1266 inquiunt,
1770 1219 1805 1251 15

434 1289 610 1317 mortuus
642 1288 697 1317 est
727 1287 762 1316 et
789 1278 992 1329 prophete,
1025 1285 1059 1313 et
1091 1285 1128 1313 tu
1163 1276 1257 1312 dicis
1289 1275 1515 1325 oppositum.
1555 1278 1603 1311 Et
1642 1284 1750 1324 patet

435 1347 630 1388 quantum
667 1337 782 1374 Judei
819 1334 1043 1384 blasphemi
1082 1335 1299 1371 horrebant
1344 1333 1612 1379 mendacium,
1659 1346 1748 1370 cum

437 1410 479 1434 ex
518 1397 586 1433 illo
627 1396 921 1433 concludebant
960 1392 1163 1430 Christum
1209 1404 1292 1428 esse
1336 1391 1638 1437 demoniacum3
1683 1393 1751 1428 sed

437 1455 529 1504 quia
573 1454 704 1492 omnis
748 1454 877 1490 malus
922 1452 1112 1501 ignorans
1150 1451 1208 1497 (ut
1247 1458 1357 1498 patet
1395 1452 1443 1486 III
1482 1449 1750 1497 Ethicorum),

436 1514 601 1562 planum
635 1522 692 1550 est
725 1513 833 1560 quod
867 1510 1012 1547 cecitas
1045 1522 1112 1546 sue
1144 1507 1376 1557 ignorancie
1409 1520 1453 1544 ex
1476 1520 1614 1544 eorum
1639 1507 1752 1544 mali-
1766 1519 1809 1541 20

438 1572 497 1609 cia
536 1572 793 1619 procedebat.
833 1572 1071 1618 Ignorarunt
1110 1567 1215 1604 enim
1256 1565 1610 1615 equivocacionem
1649 1565 1752 1602 inter

439 1638 609 1666 mortem
644 1638 680 1666 et
716 1628 839 1665 vitam
878 1627 1143 1675 temporalem
1184 1633 1304 1673 atque
1341 1632 1593 1672 perpetuam.
1639 1626 1753 1671 Igno-

438 1696 577 1725 rarunt
610 1687 735 1724 eciam
769 1686 975 1734 quomodo
1007 1683 1211 1733 pertinens
1244 1681 1316 1718 fuit
1340 1681 1499 1718 Christo
1527 1681 1755 1730 specialiter

438 1745 549 1794 loqui
581 1747 629 1782 de
661 1754 791 1781 morte
824 1752 1031 1792 perpetua.
1064 1745 1165 1779 Nam
1189 1742 1393 1777 Abraham
1428 1749 1465 1776 et
1498 1739 1626 1776 sancti
1658 1739 1754 1788 legis

438 1803 580 1841 veteris
620 1803 895 1840 moriebantur
941 1810 1069 1838 morte
1113 1800 1370 1836 solummodo
1414 1797 1641 1846 temporali,
1687 1799 1754 1834 sed
1771 1800 1810 1831 25

441 1871 569 1898 morte
606 1870 801 1910 perpetua
841 1872 961 1896 nemo
995 1858 1164 1895 moritur
1196 1857 1271 1894 nisi
1305 1856 1521 1905 gustaverit
1553 1856 1681 1904 ipsam
1715 1855 1755 1891 in

441 1929 641 1965 eternum;
682 1928 719 1956 et
756 1918 812 1955 sic
848 1931 986 1955 verum
1027 1916 1210 1953 dixerunt
1248 1915 1340 1952 licet
1377 1914 1610 1963 ignoranter
1648 1915 1755 1962 quod

441 1978 622 2015 Christus
645 1977 694 2014 sit
719 1976 847 2014 maior
870 1989 991 2024 quam
1016 1975 1220 2011 Abraham
1243 1975 1305 2010 vel
1327 1973 1427 2010 alius
1450 1973 1754 2021 prophetarum.

442 2038 518 2073 Sed
552 2044 746 2084 quantum
780 2036 830 2072 ad
863 2033 1167 2071 accusacionem
1202 2044 1280 2080 qua
1312 2031 1528 2067 innuerunt
1552 2029 1753 2067 Christum

440 2094 610 2143 gloriam
643 2107 755 2131 suam
790 2104 956 2141 querere
987 2090 1285 2139 magnificando
1309 2102 1348 2126 se
1371 2089 1501 2137 ipsum
1526 2087 1755 2137 pompatice
1772 2088 1813 2121 30

441 2166 560 2201 super
590 2153 795 2189 Abraham
836 2160 872 2187 et
914 2149 1013 2187 alios
1052 2148 1303 2198 patriarchas
1336 2146 1517 2184 Christus
1550 2145 1756 2193 respondit

442 2212 549 2259 quod
582 2211 657 2246 hoc
690 2218 843 2258 spectat
875 2208 1100 2257 specialiter
1133 2207 1182 2243 ad
1217 2218 1347 2242 mores
1375 2213 1411 2242 et
1443 2203 1755 2240 instruccionem

442 2268 620 2305 ecclesie.
653 2268 707 2315 Si,
740 2266 882 2315 inquit,
915 2266 1094 2317 glorifico
1126 2277 1185 2301 me
1216 2264 1353 2313 ipsum,
1384 2263 1514 2313 gloria
1538 2274 1619 2298 mea
1643 2261 1759 2297 nichil

442 2334 510 2371 est,
542 2339 635 2363 nam
668 2338 770 2362 vana
793 2325 920 2372 gloria
944 2323 1024 2360 sive
1048 2323 1146 2359 falsa
1170 2321 1331 2358 racione
1353 2320 1531 2357 veritatis
1555 2318 1757 2356 contraria

442 2383 564 2420 nichil
598 2392 666 2429 est,
699 2384 760 2419 vel
797 2396 879 2419 non
917 2390 974 2418 est
1012 2380 1138 2429 gloria
1175 2380 1243 2416 sed
1283 2379 1407 2427 magis
1446 2377 1646 2423 confusio;
1690 2378 1757 2413 sed
1776 2378 1814 2410 35

444 2455 533 2478 cum
580 2444 685 2477 Deus
741 2441 872 2489 ipsum
929 2439 1127 2487 glorificat
1179 2437 1312 2474 multis
1359 2435 1501 2482 modis,
1554 2444 1663 2484 patet
1715 2447 1758 2471 ex

445 2499 559 2536 dictis
593 2500 700 2547 quod
735 2511 777 2535 ex
810 2496 1049 2534 rectitudine
1073 2508 1141 2533 sue
1172 2494 1250 2532 vite
1283 2496 1401 2532 habet
1428 2506 1562 2531 veram
1588 2492 1756 2541 gloriam

445 2565 769 2605 consequentem.
815 2558 863 2592 Et
900 2555 965 2591 ille
998 2557 1103 2591 Deus
1148 2566 1266 2601 quem
1312 2552 1491 2589 Christus
1534 2564 1624 2588 vere
1663 2550 1758 2587 dicit

445 2628 528 2652 esse
566 2624 721 2663 patrem
761 2627 877 2649 suum
912 2612 1025 2649 Judei
1066 2611 1203 2648 dicunt
1241 2611 1332 2647 licet
1365 2609 1613 2646 mendaciter
1651 2609 1757 2657 quod

446 2686 488 2710 ex
532 2672 601 2709 imi
630 2668 634 2726 Ι
663 2671 821 2709 tacione
872 2670 954 2707 eius
999 2679 1035 2707 et
1079 2668 1338 2706 observancia
1382 2669 1665 2704 mandatorum
1709 2666 1758 2702 sit
1774 2645 1856 2731 ξξέζ,

516 2838 536 2857 1.
557 2830 600 2857 A:
623 2830 733 2856 solum.
790 2836 815 2855 2.
839 2826 878 2855 C:
900 2827 999 2854 Amen
1023 2826 1101 2853 dico.
1154 2834 1194 2860 η.
1216 2825 1352 2853 Rectius:
1374 2824 1587 2858 cognovimus.
1648 2831 1690 2853 to.
1712 2823 1756 2850 A:

446 2865 623 2892 Emit-orum
645 2868 689 2890 est
708 2864 864 2898 ignorans.
961 2860 1004 2888 23.
1026 2863 1070 2888 A:
1093 2860 1187 2887 eciam
1209 2861 1303 2887 deest.
1394 2860 1437 2887 25.
1459 2860 1502 2886 A:
1525 2856 1704 2887 solomocso:
1727 2857 1755 2884 in

446 2908 560 2930 mara:
582 2899 666 2925 Mors
686 2898 810 2933 duplex.
875 2896 920 2923 26.
943 2897 986 2924 A:
1009 2895 1151 2934 gustavit.
1213 2903 1258 2930 27.
1280 2893 1344 2921 BC:
1366 2894 1434 2921 licet
1454 2897 1599 2920 errantes.
1654 2891 1696 2919 35.
1719 2892 1739 2918 Β

446 2928 546 2960 Nicliil
568 2938 612 2960 cst
633 2933 676 2959 vel
699 2933 792 2959 deest.
866 2930 912 2966 39.
934 2932 976 2958 A:
1000 2931 1065 2957 hcet
1087 2930 1180 2956 deest.
