2017 3353
218 242 354 272 SERMO
374 231 454 287 ml
717 243 860 275 ΡκιΜΑ
888 241 1014 274 PARS.
1742 230 1819 269 365

219 352 402 387 mandat:
442 351 537 385 Cum
559 349 668 399 sacis
690 347 950 394 elemosinam,
974 347 1054 383 noli
1083 353 1171 382 ante
1204 352 1239 382 te
1270 346 1359 381 tuba
1392 359 1532 383 canere

217 409 315 445 sicut
340 408 528 459 ypocrite
550 407 721 457 faciunt.

276 466 397 503 Sexto
431 466 572 502 dicitur
604 466 717 515 lupus
743 463 847 514 pelle
879 462 989 499 ovina
1023 462 1197 508 indutus3
1231 462 1336 498 unde
1367 461 1534 498 Matthei
1585 468 1613 495 6.
1634 469 1794 515 axvotfin

218 526 321 570 V110,
369 525 411 560 15
460 524 625 560 mandat
669 521 882 559 Dominus:
926 520 1132 567 Attendite,
1177 519 1318 568 inquit,
1364 532 1385 556 a
1413 520 1537 569 salsis
1622 504 1770 574 Jffiffi’n}

186 583 418 632 §prophetis
455 582 520 631 qui
552 581 703 618 veniunt
734 581 786 616 ad
818 592 884 616 vos
916 579 952 614 in
986 578 1218 614 vestimentis
1256 578 1397 625 ovium,
1436 578 1536 614 intus

219 648 346 677 autern
379 647 467 677 sunt
499 639 582 689 lupi
612 651 786 688 rapaces.

278 698 447 748 Septimo
482 697 673 748 ypocrita
718 703 774 733 est
816 695 968 731 arundo
1009 706 1078 743 que
1118 694 1290 730 radicem
1327 694 1460 744 fixam
1500 694 1536 730 in
1604 702 1771 737 7 areed,

218 757 342 792 solido
382 756 555 792 veritatis
593 768 665 791 non
704 754 817 790 habet
854 754 922 790 sed
960 753 1039 789 luto
1071 765 1116 789 ac
1157 759 1366 789 concavata
1400 752 1536 788 intrin-

219 826 327 851 secus
358 814 599 863 infructuosa
623 820 658 849 et
681 812 869 848 instabilis
901 811 1167 861 temptacionis
1197 810 1336 860 spiritu
1371 810 1536 846 circum-

166 887 204 908 10
208 873 360 921 fertur.
383 873 426 908 In
458 872 678 908 summitate
709 878 835 907 autem
868 882 1017 906 comam
1048 869 1154 920 gerit
1186 876 1226 904 ut
1247 869 1391 918 fatuus
1423 881 1535 917 quam

219 938 254 966 et
287 930 510 981 lanuginem
543 930 655 966 habet
682 941 759 978 pro
780 929 935 978 fructu.
970 929 1084 964 Unde
1118 926 1328 975 Sapiencie
1359 928 1426 973 VO,
1468 927 1535 962 15:

220 989 316 1038 Spes
348 988 456 1038 impii
475 988 586 1037 quasi
617 988 773 1038 lanugo.
803 988 852 1023 Et
885 985 977 1022 hinc
999 985 1166 1022 Matthei
1196 986 1282 1031 XIO,
1309 997 1330 1033 7
1355 983 1537 1022 Christus

222 1046 497 1095 discomparat
529 1045 753 1094 Baptistam
786 1044 980 1081 arundini.

284 1105 429 1141 Octavo
454 1105 645 1156 ypocrita
667 1103 862 1140 similatur
886 1102 992 1151 vulpi
1022 1114 1092 1150 que
1113 1109 1169 1138 est
1199 1101 1345 1137 animal
1364 1101 1537 1150 fetidum
1616 1108 1643 1136 S.
1667 1117 1682 1136 a
1703 1108 1764 1136 sox.

167 1167 203 1199 15
220 1170 255 1199 et
300 1163 490 1210 dolosum,
534 1162 641 1198 cuius
684 1174 821 1198 carnes
858 1168 946 1197 sunt
989 1159 1141 1196 inutiles
1177 1160 1246 1196 sed
1278 1159 1396 1209 pellis
1438 1159 1538 1195 valet

220 1228 354 1257 contra
382 1221 601 1271 paralisim.
636 1221 751 1257 Unde
779 1217 1000 1256 Ezechielis
1022 1219 1144 1263 X1110‚
1169 1230 1214 1263 4:
1252 1217 1375 1262 Quasi
1406 1217 1539 1266 vulpes

220 1279 256 1315 in
289 1280 441 1315 deserto
469 1279 660 1328 prophete
692 1279 748 1314 tui
778 1277 931 1314 Israhel
961 1284 1083 1313 erant.
1117 1277 1166 1311 Et
1198 1275 1290 1312 hinc
1330 1275 1537 1323 apostolus
1588 1271 1810 1333 ’ξὲῑθῂὲξίἓζῒῖἓῐ

220 1338 437 1385 prophetat
481 1338 551 1373 has
594 1337 732 1384 vulpes
776 1335 817 1372 in
861 1334 977 1371 sectis
1022 1333 1125 1370 fictis
1167 1342 1204 1370 et
1248 1333 1431 1370 nominat
1470 1315 1742 1379 eostli‘esepfosses
1761 1341 1781 1368 i.
1802 1349 1827 1368 e.

220 1395 422 1443 ypocritas
469 1394 694 1431 novissimis
741 1393 992 1442 temporibus
1037 1393 1291 1429 adventuros.
1338 1391 1538 1428 Simulant
1581 1376 1800 1438 theossglggggpus

164 1467 205 1489 20
221 1453 326 1490 enim
359 1465 400 1490 se
434 1454 586 1490 mundo
617 1461 798 1489 mortuos
822 1460 1031 1500 tamquam
1054 1450 1193 1498 vulpes
1216 1451 1284 1487 sed
1318 1458 1538 1498 apparente

220 1511 415 1548 beneficio
459 1511 500 1547 in
545 1524 624 1560 quo
669 1511 846 1547 reluceat
891 1508 1030 1546 mundi
1061 1508 1310 1557 prosperitas
1349 1507 1538 1545 vivaciter

221 1578 532 1618 prosequuntur.
577 1568 782 1618 Ypocrisis
827 1567 933 1604 enim
979 1566 1204 1615 corrumpit
1248 1579 1349 1615 opus
1394 1565 1538 1603 extrin-

221 1640 357 1664 secum
404 1629 555 1664 bonurn
595 1629 642 1664 de
682 1639 839 1675 genere.
880 1622 972 1662 Ideo
1007 1627 1112 1662 Luce
1152 1626 1219 1661 XII
1252 1633 1420 1661 vocatur
1447 1625 1538 1673 fer-

221 1693 388 1722 mentum
416 1686 714 1736 plzariseorunu
746 1694 783 1721 et
816 1685 996 1721 Herodes
1029 1692 1244 1732 propterea
1277 1683 1410 1733 vulpes
1442 1681 1539 1719 dici—

164 1748 298 1790 25tu1·‚
339 1752 375 1780 et
414 1752 579 1792 propter
620 1743 821 1780 maliciam
860 1741 1119 1778 intrinsecam
1160 1750 1197 1777 et
1236 1740 1438 1777 maliciam
1478 1753 1539 1777 ex-

221 1802 437 1839 trinsecam
489 1802 631 1839 callide
682 1801 910 1838 infectivam
962 1799 1095 1848 operis
1148 1798 1242 1836 boni
1295 1800 1343 1835 de
1395 1811 1539 1847 genere

222 1859 369 1897 dicitur
391 1873 414 1897 a
438 1862 554 1897 beato
577 1862 794 1908 Jeronymo
818 1859 962 1907 duplex
985 1857 1189 1906 iniquitas.
1221 1859 1336 1894 Unde
1357 1856 1539 1894 Christus

221 1931 303 1955 non
339 1918 484 1966 legitur
521 1918 561 1954 in
601 1918 806 1966 evangelio
848 1916 1009 1954 acucius
1043 1924 1184 1953 contra
1217 1924 1427 1964 peccatum
1469 1914 1538 1951 ali-

223 1978 331 2025 quod
375 1976 566 2013 invexisse
612 1978 670 2024 (ut
704 1984 814 2024 patet
845 1974 1013 2012 Matthei
1044 1976 1165 2010 XXIII
1205 1983 1242 2010 et
1282 1986 1374 2022 sepe
1414 1973 1538 2022 alibi).

165 2035 426 2083 30Dyabolus
476 2034 581 2072 enim
632 2043 800 2082 peccato
850 2034 918 2070 2110
965 2032 1122 2081 decepit
1174 2032 1350 2080 primum
1394 2033 1538 2077 Adam,

223 2092 409 2130 Scarioth
441 2105 512 2142 per
544 2093 726 2130 oscufium
760 2091 927 2129 tradidit
960 2092 1181 2128 secundum
1204 2092 1334 2127 Adam
1369 2099 1405 2126 et
1428 2089 1539 2126 Anti-

222 2151 393 2188 christus
432 2151 471 2187 ΞΠ
511 2151 588 2188 fine
626 2150 748 2188 seculi
787 2163 858 2199 per
895 2149 1112 2198 ypocrisim
1152 2158 1352 2186 sectarum
1392 2148 1541 2184 nutriet

222 2218 378 2258 partem
420 2222 547 2246 suam.
594 2210 709 2246 Unde
748 2208 850 2245 sicut
888 2210 1039 2245 bonum
1073 2220 1173 2256 opus
1214 2209 1261 2243 de
1293 2218 1447 2256 genere*
1469 2219 1540 2255 per

222 2266 440 2316 ypocrisim
480 2276 689 2316 tamquam
730 2279 886 2304 summe
920 2265 1080 2303 Christo
1120 2265 1368 2302 contrarium
1409 2265 1539 2301 defor-

166 2330 206 2363 35
224 2334 357 2362 matur
396 2334 434 2362 et
472 2325 527 2362 sic
566 2326 654 2374 plus
693 2338 815 2374 quam
849 2337 950 2374 opus
983 2324 1134 2361 malum
1169 2325 1216 2360 de
1249 2336 1393 2371 genere
1424 2335 1539 2359 vene-

223 2396 380 2430 nosum,
421 2383 476 2420 sic
516 2383 664 2420 Chi-isti
703 2383 913 2421 ordinacio
956 2382 997 2419 in
1042 2383 1150 2419 clero
1188 2395 1260 2418 suo
1307 2394 1382 2430 que
1423 2382 1540 2417 debet

224 2453 307 2478 esse
345 2441 385 2477 in
417 2454 550 2489 pugna
582 2455 654 2479 sua
686 2442 796 2491 pugil
827 2441 1042 2490 precipuus
1075 2441 1387 2477 transformatur
1427 2448 1464 2475 et
1497 2439 1540 2474 fit

221 2499 403 2536 versucia
435 2500 596 2548 dyaboli
629 2500 758 2537 mafus
791 2499 1077 2549 periculosum.

292 2621 317 2650 3.
339 2623 367 2650 Α
387 2622 417 2649 in
439 2630 553 2658 marg:
576 2622 604 2650 6.
667 2621 692 2657 3,
713 2631 743 2656 4.
764 2623 808 2650 A:
832 2622 1009 2650 MavhtiV.
1075 2630 1101 2657 7.
1123 2622 1151 2649 A
1172 2621 1200 2648 in
1223 2628 1338 2656 marg:
1361 2628 1393 2655 73
1414 2619 1455 2647 ib.
1472 2618 1538 2648 BC:

223 2657 356 2685 radicari
379 2666 476 2685 suam.
552 2665 590 2684 η.
612 2657 680 2684 AB:
703 2657 790 2687 XVI:
813 2657 852 2684 C:
875 2658 940 2685 XII.
1017 2665 1058 2691 Μ..
1080 2657 1109 2684 Α
1131 2656 1160 2683 in
1184 2664 1296 2691 marga
1320 2656 1347 2683 8.
1426 2654 1473 2682 26.
1497 2655 1537 2682 C:

222 2692 373 2720 callidide.
422 2700 466 2727 27.
489 2691 527 2719 C.-
551 2692 648 2719 boto:
672 2692 708 2719 13:
732 2692 829 2725 bono:
851 2692 983 2719 correxit
1004 2692 1101 2719 beato.
1141 2690 1184 2718 ¹:12.
1206 2692 1250 2718 A:
1274 2694 1393 2718 secatus
1415 2689 1537 2717 nutriet.

222 2726 269 2762 34,
290 2726 333 2755 35.
356 2727 395 2755 ss:
417 2727 580 2755 deformat.
656 2726 702 2754 36.
724 2727 769 2754 A:
792 2735 847 2754 suo
869 2727 963 2754 deest.
1038 2725 1083 2761 37.
1106 2726 1171 2753 BC:
1194 2730 1221 2752 et
1243 2725 1299 2753 sic.

296 2833 350 2856 20.
376 2822 428 2856 Cf.
456 2823 605 2863 English
632 2823 765 2855 Works
792 2822 976 2866 onyclif
999 2822 1053 2856 ed.
1080 2822 1125 2865 by
1152 2820 1331 2853 Matthew.
1362 2830 1441 2863 pag.
1465 2820 1538 2853 123.

224 2880 277 2911 24.
306 2871 420 2902 Lucae
445 2869 535 2910 XIII,
565 2869 605 2901 32
