2017 3353
212 271 291 309 290
797 267 1020 298 JOHANNIS
1043 266 1226 299 WYCLIF
1246 267 1504 300 SERMONUM
1540 254 1691 312 [SERMO
1707 266 1814 294 XLIII-

497 385 566 409 sue
615 372 786 409 avaricie
837 382 873 409 et
925 373 1244 410 contradicentes
1290 387 1378 410 cum
1420 374 1584 411 audiant
1631 376 1815 411 mordent

498 431 734 477 mortaliter,
768 440 805 467 et
837 431 893 467 sic
927 431 1131 468 circueunt
1163 432 1341 469 civitates
1374 440 1416 468 ut
1445 445 1562 469 canes
1586 433 1815 469 huiusmodi

496 489 696 526 venenosi.
744 488 793 525 Et
831 498 873 525 ut
906 489 1086 525 Christus
1124 490 1264 526 asserit
1302 490 1468 526 Matthei
1507 492 1609 535 V110‚
1651 492 1692 527 15
1729 498 1816 527 sunt

496 547 723 584 intrinsecus
767 547 849 596 lupi
891 560 1063 597 rapaces.
1118 548 1157 583 Si
1203 557 1335 585 autem
1381 548 1522 585 fratres
1568 551 1816 585 contendunt

496 607 603 653 quod
635 618 718 641 non
749 605 1009 641 includuntur
1050 605 1089 641 in
1128 605 1212 642 istis
1244 606 1373 642 verbis
1406 606 1652 654 propheticis
1685 610 1848 643 osten-5

496 665 594 699 dunt
628 663 667 699 in
698 663 778 699 vita
802 663 1115 711 proprietatibus
1142 664 1224 700 istis
1249 665 1510 710 contrarium,
1537 665 1630 713 quia
1652 664 1815 701 indubie

495 721 526 757 si
559 721 779 769 practisent
810 721 927 757 istam
961 721 1205 758 sentenciam
1240 722 1279 758 in
1313 722 1467 768 effectu,
1502 722 1577 771 ipsi
1601 732 1691 759 sunt
1715 735 1815 772 quos

495 779 666 826 Spiritus
699 780 868 815 Sanctus
900 779 1071 827 predicit
1103 780 1268 816 ecclesie
1300 780 1521 829 fugiendos.

222 851 294 879 Like
316 850 395 877 them
418 858 467 876 arc
553 839 600 872 Et
633 836 738 873 idem
764 846 820 873 est
844 837 1034 873 iudicium
1061 839 1108 873 de
1131 851 1235 886 papa
1265 838 1333 887 qui
1357 838 1502 874 dicitur
1528 840 1650 875 abbas
1674 852 1813 876 eorum

205 885 479 955 ¹¹¹¹{Hsscf¹}sffittlt1¹ff
496 903 532 931 et
571 894 658 931 aliis
690 895 842 931 vocatis
875 895 1153 932 ecclesiasticis
1193 896 1280 944 plus
1317 897 1378 933 vel
1410 896 1554 934 minus.
1589 899 1675 945 Ipse
1708 897 1812 934 enim
1833 913 1872 935 10

249 954 440 1002 eici-gyw'ho
494 952 679 989 vendicat
717 952 824 989 iuxta
868 966 1017 990 nomen
1054 967 1169 990 suum
1209 955 1317 1002 quod
1361 954 1410 990 sit
1449 955 1814 1004 propinquissimus

244 991 342 1018 mmm
370 989 444 1016 lum.
496 1023 642 1059 sequax
686 1010 833 1047 Christi
878 1011 918 1047 in
963 1011 1141 1048 moribus
1186 1021 1223 1048 et
1265 1021 1400 1049 tamen
1445 1013 1485 1048 in
1527 1013 1607 1050 vita
1652 1022 1688 1049 et
1732 1013 1814 1050 eius

495 1068 689 1104 fructibus
735 1069 982 1105 mendaciter
1026 1069 1278 1106 contradicit.
1326 1071 1418 1107 Ideo
1463 1071 1494 1107 si
1538 1083 1619 1107 non
1667 1072 1815 1108 habent

496 1128 681 1163 abbatem
706 1127 829 1163 alium
862 1136 995 1175 preter
1022 1127 1162 1164 istum:
1186 1128 1323 1178 Qualis
1348 1136 1465 1178 pater
1496 1129 1584 1165 talis
1616 1137 1671 1165 est
1689 1129 1813 1179 filius.

496 1186 544 1220 Et
576 1184 682 1220 idem
716 1193 774 1221 est
806 1185 999 1221 iudicium
1024 1187 1071 1222 de
1096 1185 1306 1234 episcopis,
1332 1187 1379 1222 de
1402 1186 1638 1232 rectoribus,
1668 1186 1815 1223 curatis
1835 1193 1871 1225 15

495 1243 556 1279 vel
588 1242 755 1288 clericis,
790 1243 857 1291 qui
890 1256 1028 1280 omnes
1060 1244 1223 1280 veniunt
1263 1244 1303 1280 in
1336 1244 1483 1281 Christi
1516 1245 1678 1281 nomine
1711 1257 1815 1281 asse-

496 1310 627 1337 rentes
671 1301 848 1337 frontose
893 1303 1001 1349 quod
1045 1315 1117 1352 ego
1161 1315 1245 1338 sum
1303 1302 1492 1339 Clu-istus.
1540 1305 1642 1339 Nam
1696 1315 1815 1340 omne

498 1360 723 1395 membrum
757 1368 892 1395 sancte
926 1359 1064 1396 matris
1089 1360 1253 1396 ecclesie
1286 1362 1393 1409 quod
1415 1360 1456 1396 in
1479 1361 1643 1397 nomine
1667 1360 1815 1398 Christi
1832 1390 1894 1421 Fol

497 1418 670 1465 regendo
685 1416 817 1452 influit
840 1418 910 1453 sub
940 1413 945 1471 l
974 1417 1084 1454 iectis
1101 1427 1157 1454 est
1177 1419 1479 1466 quodammodo
1494 1420 1604 1455 Jesus
1620 1419 1813 1465 Christus,
1835 1415 1912 1479 1743)

497 1488 586 1511 cum
621 1475 787 1511 Matthei
819 1477 957 1521 XXV0‚
991 1488 1044 1521 40
1077 1476 1281 1512 scribitur:
1333 1477 1446 1520 Quod
1478 1477 1542 1512 uni
1573 1478 1619 1513 de
1650 1477 1815 1513 minimis
1830 1492 1872 1514 20

497 1533 589 1569 meis
620 1532 704 1569 istis
744 1533 811 1581 qui
850 1533 889 1568 in
930 1546 991 1569 me
1031 1535 1197 1570 credunt
1225 1534 1393 1582 fecistis,
1432 1535 1526 1570 milzi
1552 1535 1718 1583 fecistis.
1765 1537 1813 1570 Et

497 1591 623 1627 multo
657 1590 782 1638 magis
815 1591 913 1627 tales
945 1591 1171 1639 superiores
1203 1592 1368 1628 ecclesie
1395 1601 1486 1628 sunt
1510 1594 1814 1641 quodammodo

497 1649 579 1697 ipse
604 1648 798 1695 Christus,
824 1658 860 1685 et
882 1649 938 1685 sic
959 1662 1052 1686 vera
1076 1658 1112 1686 et
1142 1651 1320 1686 notanda
1343 1659 1400 1686 est
1422 1650 1642 1698 prophecia
1666 1650 1814 1687 Christi

497 1708 604 1755 quod
645 1706 759 1742 multi
796 1707 955 1743 venient
992 1707 1032 1743 in
1071 1708 1234 1744 nomine
1272 1721 1343 1744 suo
1383 1708 1572 1754 dicentes,
1615 1708 1708 1757 quia
1740 1721 1813 1759 ego

495 1777 579 1801 sum
618 1765 809 1812 Christus,
848 1773 883 1801 et
916 1766 1056 1801 multos
1088 1767 1278 1802 seducent.
1330 1767 1478 1803 Omnes
1513 1766 1709 1815 (inquam)
1746 1765 1870 1815 qui25

495 1822 708 1859 vendicant
746 1835 786 1859 se
826 1836 908 1859 esse
947 1824 1128 1860 membra
1167 1833 1302 1861 sancte
1335 1824 1474 1861 matris
1508 1824 1671 1861 ecclesie
1705 1833 1742 1861 et
1773 1824 1814 1860 in

496 1880 576 1917 vita
609 1890 646 1917 et
678 1893 798 1929 opere
828 1881 1108 1918 contradicunt
1131 1891 1223 1918 sunt
1247 1882 1477 1919 huiusmodi
1500 1882 1812 1930 pseudochristi3

227 1952 313 1989 They
336 1953 461 1988 pretend
497 1940 565 1974 sed
599 1938 692 1987 quia
724 1939 950 1987 percipiunt
985 1941 1092 1987 quod
1124 1940 1285 1976 nonnisi
1318 1940 1386 1976 illo
1419 1940 1536 1977 titulo
1560 1940 1715 1989 rapient
1739 1941 1814 1977 ele-

228 1989 460 2050 ¹¹¹t²ffc1¹ffss¹¹ssjjd
498 1996 673 2033 mosinas
712 1997 985 2033 subiectorum
1025 1997 1236 2046 intrepide,
1278 1998 1403 2035 eciam
1443 2011 1568 2047 usque
1611 2000 1661 2035 ad
1694 1998 1814 2035 inter-

227 2059 326 2084 ‹›1¹*c1¹d
350 2059 463 2085 Christ·
496 2054 698 2091 nicionem
733 2055 951 2091 defendunt
984 2057 1090 2103 quod
1114 2056 1189 2104 ipsi
1212 2065 1302 2092 sunt
1324 2056 1456 2092 taliter
1478 2058 1589 2093 Jesus
1613 2056 1813 2102 Christus3
1830 2061 1872 2094 30

498 2121 534 2149 et
573 2112 628 2149 sic
666 2112 774 2160 ipsos
813 2113 1026 2158 offendere,
1068 2114 1243 2150 decimas
1283 2123 1350 2151 aut
1389 2114 1626 2151 elemosinas
1669 2126 1815 2162 negare

497 2179 554 2207 est
586 2170 787 2207 offendere
817 2172 950 2207 Jesum
985 2171 1202 2208 Christum.
1238 2173 1315 2208 Sed
1348 2185 1438 2208 cum
1472 2184 1545 2208 nec
1578 2173 1725 2209 habent
1756 2172 1815 2208 in-

497 2228 764 2276 spiracionem
809 2241 882 2265 nec
928 2229 1175 2266 evidenciam
1221 2242 1263 2266 ex
1309 2230 1389 2266 vita
1441 2243 1511 2266 sua
1563 2229 1813 2278 probabilem

498 2288 606 2334 quod
645 2295 734 2322 sunt
772 2287 1033 2334 predestinati
1071 2288 1131 2324 vel
1169 2287 1348 2324 salvandi
1388 2296 1425 2324 et
1463 2300 1533 2336 per
1567 2300 1813 2336 consequens

500 2344 680 2380 membra
733 2344 894 2390 Christi,
947 2354 1057 2393 patet
1110 2347 1216 2394 quod
1269 2345 1534 2382 inverecunde
1592 2347 1812 2382 secundum
1830 2351 1870 2383 05

499 2402 650 2438 scolam
685 2402 844 2449 dyaboli
879 2403 1143 2439 menciuntur.

212 2476 483 2511 Allmatapriest
557 2461 611 2495 Ex
648 2459 732 2495 istis
775 2459 930 2495 videtur
975 2460 1188 2497 correlarie
1233 2461 1344 2509 sequi
1389 2463 1497 2509 quod
1540 2462 1672 2497 nullus
1716 2473 1814 2509 pure

214 2511 483 2573 11Ϊέζίχῖξῃζῑᾞιῑιζζῇ.
499 2518 685 2554 sacerdos
724 2518 784 2553 vel
824 2517 990 2554 clericus
1031 2519 1146 2554 debet
1185 2519 1263 2555 alio
1297 2519 1412 2555 titulo
1447 2532 1565 2568 quam
1601 2519 1814 2556 elemosine

501 2574 676 2611 decimas
714 2575 774 2611 vel
813 2575 891 2612 alia
930 2577 1033 2612 bona
1072 2589 1293 2624 pauperum
1334 2577 1564 2623 vendicare3
1608 2590 1701 2614 nam
1735 2576 1814 2613 sive

571 2729 591 2747 1.
613 2721 658 2747 A:
681 2721 811 2750 audant:
832 2721 872 2748 ib.
889 2721 932 2747 A:
955 2722 1097 2749 mordent
1117 2722 1209 2750 deest.
1284 2731 1309 2750 2.
1330 2724 1375 2750 A:
1398 2723 1567 2750 mortaliter
1588 2727 1814 2758 persequuntur

502 2759 529 2781 et
550 2755 593 2782 sic
613 2755 796 2782 circuerunt.
872 2755 898 2782 6.
922 2757 965 2782 A:
988 2756 1056 2783 vite.
1131 2765 1159 2792 ς).
1181 2759 1208 2784 Α
1229 2757 1259 2784 i11
1281 2766 1394 2792 marga
1416 2758 1459 2784 De
1481 2766 1576 2793 papa:
1604 2757 1625 2784 B
1646 2757 1674 2784 in
1698 2765 1811 2791 marga

503 2789 563 2824 Qui
587 2789 700 2816 Christi
722 2790 846 2817 nominc
868 2790 1077 2824 designantur.
1164 2800 1210 2819 20.
1231 2793 1275 2818 A:
1297 2792 1421 2827 quando
1443 2793 1503 2819 uni.
1595 2800 1633 2819 21.
1656 2792 1724 2818 AB:
1747 2791 1813 2818 istis

502 2824 602 2853 deest:
633 2824 673 2851 ib.
695 2826 739 2851 A:
762 2825 888 2851 credunt
911 2824 984 2851 mihi
1007 2825 1131 2853 fecistis.
1208 2826 1254 2853 26.
1277 2826 1344 2853 BC:
1366 2828 1551 2854 membrum,
1636 2834 1683 2862 29.
1705 2825 1750 2853 30.
1772 2826 1810 2852 B:

508 2858 798 2919 interempchmem:
830 2859 868 2886 C:
897 2859 1120 2887 intericioncm.
1194 2860 1237 2895 37.
1260 2861 1281 2887 Β
1308 2861 1338 2888 in
1366 2870 1478 2895 marg:
1510 2862 1579 2895 Quo
1607 2861 1693 2887 titulo
1714 2861 1813 2887 clerus

502 2893 588 2919 debet
612 2894 666 2920 .κίἺί
691 2894 768 2920 bona
790 2894 914 2921 ecclesie
936 2894 1104 2921 vendicare.
1179 2895 1223 2922 3⁸.
1245 2896 1288 2922 A:
1311 2896 1487 2923 elemosina.
