2017 3353
240 1106 305 1133 The
323 1106 384 1132 rich
403 1104 511 1132 should

259 1141 326 1175 help
348 1140 397 1167 the
419 1148 496 1175 poor

258 1176 327 1201 who
350 1183 399 1201 are
420 1174 496 1201 alix-e

277 1210 350 1237 with
373 1210 464 1236 them.

309 1683 393 1711 Evils
414 1684 448 1711 of

272 1718 481 1746 foundations.

825 236 1046 268 ‚uoHANNIs
1068 235 1248 267 wchF
1267 235 1523 269 SERMONUM
1592 223 1744 281 [SERMO
1766 234 1841 262 mx.

528 353 635 394 patet
674 345 782 393 quod
821 342 1113 380 auctorizantes
1146 341 1406 378 fundaciones
1438 341 1668 380 huiusmodi
1707 356 1843 392 presu-

528 411 641 439 munt
679 402 870 439 blasfeme
909 413 948 437 se
988 413 1109 449 supra
1148 399 1352 437 Christum
1393 400 1592 438 extollere.
1632 402 1723 438 ldeo
1762 414 1843 438 non

528 460 693 497 dubium
727 458 942 496 scrutatori
976 458 1167 507 evangelii
1200 459 1309 507 quod
1341 458 1432 495 talis
1464 458 1652 496 fundacio
1685 459 1724 496 in
1757 468 1842 496 toto

528 518 675 556 Christi
714 517 917 566 evangelio
957 530 1037 553 non
1076 517 1278 553 fundatur.
1316 515 1484 553 Videtur
1522 517 1648 554 eciam
1689 517 1842 554 racioni

528 590 611 614 esse
644 575 857 622 contraria,
892 575 985 624 quia
1018 588 1108 612 cum
1141 574 1278 611 omnia
1310 575 1416 611 bona
1449 587 1524 623 que
1556 576 1655 612 tales
1688 576 1842 612 fundati

529 643 730 683 occupant
762 634 840 670 sint
873 635 979 670 bona
1014 632 1176 669 Domini
1216 641 1252 669 et
1285 645 1354 680 per
1387 645 1634 682 consequens
1679 646 1842 670 suorum

529 693 719 730 fidelium.
744 692 912 728 Videtur
927 692 1035 740 quod
1056 690 1151 739 ipsis
1176 692 1225 728 ad
1248 690 1472 728 fatuitatem
1490 691 1685 739 perversis
1700 691 1843 728 iniuste

528 759 728 799 occupant
767 751 873 786 bona
912 748 1078 785 ecclesie
1116 748 1293 785 fidelium
1333 758 1452 797 atque
1491 749 1575 786 Dei.
1616 752 1696 786 Nec
1736 758 1843 786 caret

528 809 603 846 ista
636 807 841 845 conclusio
874 806 1118 855 subterfugio
1152 807 1344 853 racionis3
1378 819 1454 856 que
1493 820 1585 856 ergo
1626 807 1843 844 elemosina

529 868 695 903 fundare
738 866 860 902 talem
910 865 1047 901 nidum
1094 873 1371 913 apostatarum
1422 874 1458 901 et
1509 865 1731 902 infidelium
1776 865 1843 914 qui

529 925 672 961 iniuste
711 924 766 961 sic
807 925 999 960 devorant
1043 924 1147 959 bona
1192 935 1415 971 pauperum
1453 925 1544 960 Jesu
1585 923 1756 961 Christi?
1796 925 1843 960 Et

529 991 637 1031 patet
676 982 837 1019 fatuitas
882 981 1147 1018 mundialium
1192 981 1233 1017 in
1276 980 1613 1019 elemosinacione
1651 991 1844 1030 perpetua

529 1040 810 1078 excellencium
846 1039 1063 1075 Dominum
1096 1041 1229 1075 Jesum
1263 1038 1480 1076 Christum.

586 1100 712 1135 Debet
752 1111 844 1146 ergo
890 1099 1012 1134 homo
1051 1099 1136 1133 Deo
1181 1110 1263 1133 esse
1308 1096 1499 1134 obediens
1544 1106 1580 1134 et
1625 1099 1845 1134 secundum

529 1158 637 1205 quod
676 1158 810 1204 plures
853 1156 914 1192 vel
959 1155 1168 1204 pauciores
1208 1155 1532 1192 elemosinandos
1570 1155 1654 1204 ipse
1694 1155 1845 1192 miserit

530 1216 579 1251 ad
620 1214 881 1251 elemosinam
920 1213 1087 1249 divitum
1128 1213 1430 1250 convivancium
1465 1215 1746 1262 acceptandos‚
1788 1226 1845 1250 se—

530 1274 704 1309 cundum
734 1273 809 1308 hoc
839 1273 954 1308 debet
979 1271 1085 1307 dives
1108 1271 1230 1308 seculi
1259 1271 1336 1307 illis
1366 1271 1603 1308 elemosinas
1626 1271 1844 1320 impa1·tiri;

530 1330 644 1367 aliter
678 1330 781 1367 enim
815 1329 997 1366 frustrari
1029 1329 1176 1377 poterit
1209 1329 1280 1366 Dei
1313 1329 1521 1366 ordinacio
1555 1339 1591 1366 et
1624 1329 1846 1366 incarcera-

530 1398 662 1425 torum
703 1401 867 1424 suorum
908 1387 1103 1424 relevacio
1149 1400 1219 1435 per
1264 1388 1333 1424 has
1379 1388 1518 1424 stultas
1559 1387 1845 1436 perpetuitates

531 1446 746 1483 elemosine
790 1445 1053 1482 introductas.
1101 1446 1200 1481 Cum
1247 1445 1350 1481 enim
1398 1447 1502 1482 Deus
1551 1459 1632 1482 non
1682 1455 1846 1494 propter

529 1504 747 1541 stulticiam
792 1503 931 1540 talium
985 1503 1339 1539 elemosinancium
1386 1504 1452 1539 dat
1497 1503 1697 1552 copiosius
1742 1505 1847 1540 bona

530 1575 612 1608 sua,
646 1570 756 1611 patet
789 1562 896 1610 quod
929 1561 1170 1609 temporalia
1202 1560 1340 1597 tribuit
1373 1561 1452 1598 suis
1486 1561 1669 1598 fidelibus
1702 1570 1738 1598 et
1767 1561 1846 1598 suis

529 1620 773 1669 pauperibus
806 1619 845 1656 in
879 1631 1078 1655 mensura.

588 1679 759 1724 Quando
794 1690 888 1725 ergo
922 1679 1073 1713 mundo
1113 1676 1252 1713 divites
1285 1689 1329 1713 ex
1361 1676 1543 1713 fatuitate
1575 1690 1646 1714 sua
1678 1678 1847 1726 superbe

529 1736 717 1772 ordinant
740 1736 837 1772 tales
863 1735 1101 1771 elemosinas
1131 1743 1357 1783 perpetuaS‚
1384 1734 1619 1782 preveniunt
1642 1735 1681 1771 in
1705 1735 1847 1771 effectu
1866 1749 1879 1769 2

530 1793 802 1830 ordinacionis
847 1792 978 1829 divine
1025 1792 1354 1829 distribucionem
1407 1802 1443 1829 et
1493 1805 1585 1841 sepe
1635 1794 1846 1830 excludunt

531 1851 679 1889 Christi
710 1863 907 1900 pauperes
947 1860 983 1887 et
1022 1850 1240 1887 admittunt
1274 1859 1413 1887 contra
1446 1851 1648 1887 Christum
1683 1851 1848 1888 ecclesie

530 1909 770 1958 proditores.
801 1910 877 1945 Sed
913 1922 1033 1957 quam
1064 1921 1156 1945 ceca
1186 1909 1287 1945 foret
1316 1908 1383 1945 illa
1413 1908 1649 1946 elemosina!
1680 1911 1727 1945 Et
1756 1908 1847 1946 hinc

531 1969 588 2014 (ut
622 1967 758 2004 dicunt
792 1967 973 2016 quidam)
1007 1966 1284 2015 multiplicatis
1317 1966 1488 2003 inimicis
1522 1967 1685 2003 ecclesie
1715 1966 1846 2003 multi-

530 2025 702 2074 plicatur
739 2026 863 2062 fames
907 2034 988 2061 tam
1034 2023 1252 2073 spiritualis
1291 2037 1411 2073 quam
1446 2024 1681 2073 corporalis,
1722 2025 1846 2073 raptis

530 2083 645 2120 bonis
679 2083 826 2120 Christi
859 2096 1081 2131 pauperum
1116 2084 1165 2119 ad
1198 2081 1451 2131 potenciores
1484 2084 1617 2131 quoad
1651 2084 1845 2119 mundum

531 2150 650 2190 atque
680 2141 886 2177 diabolum
929 2141 1047 2177 Tales
1078 2153 1170 2189 ergo
1200 2141 1417 2177 fundantur
1445 2139 1485 2176 in
1513 2140 1588 2176 ista
1617 2140 1847 2177 coniectura

533 2199 681 2236 diaboli
706 2200 813 2247 quod
843 2199 942 2235 tales
975 2197 1268 2235 antichristiani
1292 2199 1443 2234 mundo
1467 2207 1661 2246 potentes,
1686 2200 1846 2246 quando

531 2256 710 2305 preventi
746 2266 874 2293 morte
907 2256 1080 2293 naturali
1117 2269 1198 2293 non
1231 2255 1433 2292 sufficiunt
1466 2265 1605 2292 contra
1628 2256 1845 2292 Dominum

531 2314 696 2350 ulterius
719 2315 913 2351 rebellare
938 2327 981 2350 ex
1004 2315 1173 2350 collecta
1196 2313 1416 2362 iniquitatis
1433 2326 1666 2350 mammona
1681 2314 1848 2350 fundant

531 2371 669 2408 nidum
703 2371 938 2409 Antichristi
971 2371 1205 2417 scolaribus,
1239 2371 1278 2408 in
1311 2384 1390 2419 quo
1422 2371 1566 2408 nutriri
1599 2381 1732 2420 posset
1760 2384 1847 2420 per-

533 2442 739 2466 versorum
779 2429 993 2466 infidelitas
1038 2443 1116 2478 qua
1160 2430 1234 2465 hoc
1279 2430 1425 2465 bellum
1467 2439 1606 2466 contra
1645 2428 1846 2466 Christum

532 2486 757 2524 continuari
773 2487 920 2536 poterit
945 2496 981 2524 et
1004 2487 1173 2524 defendi.
1190 2489 1271 2524 Nec
1293 2487 1431 2524 dubito
1455 2487 1551 2536 quin
1573 2487 1662 2525 talis
1684 2487 1845 2524 fatuitas

601 2664 625 2683 2.
643 2656 708 2684 BC:
733 2665 763 2683 se
778 2655 936 2684 Christum
958 2656 1111 2683 excellere.
1179 2654 1203 2683 3.
1221 2656 1285 2684 BC.·
1309 2656 1505 2688 scrutatorie3
1527 2656 1566 2684 ib,
1583 2657 1622 2684 E:
1644 2656 1844 2691 evangelium.

534 2691 560 2717 6,
584 2692 625 2718 A:
656 2692 735 2718 bona
756 2690 880 2718 ecclesie
902 2691 962 2718 sint
982 2690 1045 2717 sive
1066 2691 1109 2717 vel
1133 2691 1212 2717 bona
1234 2691 1369 2718 Domini.
1488 2689 1516 2721 6,
1538 2700 1564 2726 7.
1588 2691 1653 2718 BC:
1685 2699 1845 2718 servorum

533 2734 659 2753 suorum
681 2725 826 2753 fidelium.
900 2734 925 2760 7.
948 2726 991 2753 A:
1015 2733 1188 2760 perversus.
1270 2734 1311 2755 10,
1337 2735 1370 2753 11.
1393 2726 1432 2753 13:
1477 2727 1525 2753 uia
1546 2725 1665 2753 iniuste.
1740 2734 1778 2760 17*
1801 2726 1844 2752 A:

531 2760 694 2798 impartiri.
751 2768 794 2793 22,
816 2759 858 2787 23.
880 2761 924 2787 A:
946 2764 973 2786 et
995 2760 1058 2787 suis
1080 2760 1267 2794 pauperibus
1288 2761 1381 2788 deest.
1439 2734 1482 2788 23.
1505 2760 1577 2788 AC:
1599 2760 1629 2788 in
1651 2768 1844 2793 mensui·am;

532 2795 573 2821 D:
595 2803 625 2821 ln
647 2799 813 2822 mensatur.
915 2802 961 2826 24.
984 2794 1077 2821 BCD:
1100 2794 1222 2823 mundi:
1253 2795 1292 2821 ib.
1312 2795 1380 2822 AB:
1404 2804 1456 2822 sue
1478 2795 1630 2828 superbie.
1730 2794 1772 2821 32.
1795 2795 1823 2821 A
1849 2805 1854 2821 :

530 2838 601 2863 ergo
622 2829 719 2863 deest;
742 2829 809 2868 DE:
831 2829 922 2857 Tales
937 2837 1008 2868 ergo
1025 2828 1059 2855 si.
1116 2828 1157 2856 33.
1174 2830 1217 2856 A:
1240 2830 1438 2859 Antichristi:
1467 2830 1586 2857 BCDE:
1609 2829 1834 2858 Antichristivi.

528 2862 571 2899 33,
592 2862 638 2898 34.
660 2864 702 2891 D:
724 2871 797 2899 quin
818 2868 964 2899 preventi.
1037 2863 1082 2899 37.
1103 2864 1141 2891 B:
1164 2869 1270 2892 contra
1290 2864 1358 2892 hoc.

1864 878 1902 900 10

1867 1157 1902 1190 15

1863 1456 1903 1478 20

1863 2028 1904 2061 30

1865 2317 1903 2349 35
