2017 3353
264 269 400 299 SERMO
417 258 570 315 xxvm]
779 268 919 300 PRIMA
947 267 1073 300 PARS.
1795 272 1862 306 191

265 377 417 421 dixerit,
442 375 671 414 eternaliter
693 373 859 411 interius
883 373 1015 409 dicere
1038 385 1105 409 eos
1128 371 1251 417 audit,
1276 380 1581 419 verumptamen

265 449 354 472 cum
396 438 500 471 Deus
539 443 576 470 et
614 441 757 470 natura
797 431 948 468 subitas
981 429 1230 466 mutaciones
1264 439 1301 465 et
1334 429 1584 466 inordinatas

264 494 417 539 odiunt,
451 491 622 540 Spiritus
655 492 823 527 Sanctus
855 489 896 526 in
928 488 1023 537 ipsis
1054 487 1287 524 veritatibus
1321 496 1586 535 congruenter

265 552 353 587 illos
398 550 558 586 instruit
602 548 815 597 paulatim.
881 549 983 583 Nam
1028 555 1214 583 venturas
1266 545 1452 582 veritates
1505 558 1585 581 non

232 618 404 650 §omnes
442 609 510 644 sed
548 606 792 655 pertinentes
825 604 1010 641 distincte
1043 603 1202 640 docebit
1241 604 1459 652 apostolos,
1495 603 1666 639 cumTlle
1683 603 1872 654 spiritdoes

266 667 320 704 eis
365 665 593 713 congruerit
637 664 744 713 ipsas
782 675 960 707 noscere,
995 670 1036 698 ut
1074 661 1246 698 Johanni
1285 662 1481 698 revelatus
1529 639 1874 703 estniliiisfissiithnssss'se

266 724 395 761 maior
440 732 600 760 eventus
645 731 770 759 status
810 720 975 758 ecclesie
1014 732 1138 768 usque
1183 721 1232 756 ad
1279 720 1398 756 finem
1447 718 1585 754 mundi
1611 707 1863 769 ¹¹¹²¹1kss¹jjssss¹1¹lffi¹b⁶

265 789 322 829 (ut
375 790 484 830 patet
536 781 576 817 in
619 779 885 829 Apocalipsi)‚
940 781 1056 815 Petro
1105 778 1324 814 revelatum
1370 786 1427 814 est
1469 790 1583 813 suum

268 839 505 888 martyrium
551 842 610 887 (ut
654 847 764 887 patet
804 840 856 874 ΙΙΟ
899 836 1004 873 Petri
1050 837 1116 884 10),
1163 844 1200 872 et
1246 836 1369 872 Paulo
1414 836 1586 872 revelate

212 919 251 940 10
267 907 358 935 sunt
392 898 521 934 future
555 896 842 933 tribulaciones
873 893 1122 931 Jerosolimis
1155 899 1211 940 (ut
1245 902 1355 942 patet
1378 895 1465 929 Act.
1490 894 1585 935 XX).

268 959 315 992 Et
360 956 450 992 ideo
489 968 579 991 cum
614 954 785 1003 Spiritus
819 956 988 990 Sanctus
1026 965 1099 1000 pro
1137 951 1201 988 via
1245 964 1325 988 non
1370 951 1426 987 sic
1471 952 1587 987 docet

268 1014 474 1063 apostolos
502 1013 678 1061 singulas
710 1012 909 1057 veritates,
954 1009 1213 1047 subtilissime
1258 1009 1432 1046 inculcat
1471 1022 1587 1046 evan-

268 1072 415 1120 gelium
446 1073 554 1121 quod
587 1083 804 1120 quecunque
834 1070 963 1106 audiet
996 1069 1185 1118 loquetur,
1218 1069 1326 1116 quod
1360 1076 1417 1104 est
1449 1080 1586 1104 verum

268 1144 342 1179 pro
387 1138 493 1166 statu
538 1129 679 1177 patrie.
733 1130 811 1165 Sed
851 1127 945 1176 quia
988 1136 1118 1163 totum
1164 1138 1237 1174 pro
1281 1134 1388 1162 statu
1431 1125 1491 1162 vie
1531 1134 1588 1161 est

217 1188 457 1233 ¹5fut11ricio
491 1196 651 1224 eventus
685 1185 892 1235 apostolis,
933 1185 1023 1222 ideo
1058 1184 1154 1220 dicit
1187 1183 1485 1232 particulariter
1519 1195 1589 1232 que

270 1254 430 1283 ventura
474 1253 561 1282 sunt
605 1245 849 1281 annunciabit
893 1243 1009 1280 vobis.
1066 1244 1143 1278 Sed
1190 1255 1264 1290 pro
1310 1241 1589 1278 declaracione

270 1304 413 1341 maiori
466 1303 578 1340 istius
631 1302 831 1339 sentencie
884 1301 980 1338 dicit
1033 1300 1214 1336 Christus
1268 1301 1376 1348 quod
1417 1299 1589 1347 Spiritus

269 1364 438 1399 Sanctus
471 1363 594 1411 ipsum
627 1360 868 1411 clarificabit,
905 1360 991 1408 quia
1017 1359 1063 1395 de
1084 1371 1152 1394 suo
1184 1358 1343 1407 accipiet
1376 1366 1409 1394 et
1442 1370 1588 1393 annun-

269 1421 382 1457 ciabit
425 1420 488 1456 eis.
541 1419 693 1466 Omnia,
731 1418 873 1467 inquit,
925 1429 1142 1466 quecunque
1191 1417 1302 1452 habet
1346 1424 1465 1465 pater
1506 1428 1588 1451 mea

213 1486 377 1523 2osunt;
420 1486 635 1526 propterea
679 1476 770 1523 dixi,
816 1476 902 1525 quia
948 1477 994 1512 de
1031 1487 1113 1511 meo
1155 1475 1314 1523 accipiet
1356 1482 1391 1510 et
1442 1487 1588 1509 annun-

269 1537 381 1573 ciabit
420 1537 535 1572 vobis.
581 1538 624 1572 In
655 1535 800 1583 quibus
830 1533 961 1571 verbis
995 1533 1097 1569 mira
1119 1532 1339 1569 subtilitate
1363 1532 1590 1568 declaratur

270 1594 416 1631 Christi
450 1593 635 1631 divinitas
669 1606 789 1641 quam
824 1591 1050 1629 doctrinam
1090 1603 1170 1627 non
1209 1599 1321 1627 erant
1360 1591 1491 1627 adhuc
1527 1602 1590 1626 ca-

269 1666 386 1701 paces
432 1652 655 1700 concipere.
704 1651 809 1688 Dicit
855 1649 1036 1687 Christus
1075 1650 1183 1699 quod
1216 1648 1388 1696 Spiritus
1421 1650 1590 1685 Sanctus

180 1745 203 1775 F
233 1744 241 1774 l
269 1711 400 1759 ipsum
435 1709 673 1747 clarificabit
705 1710 925 1746 secundum
960 1707 1164 1745 racionem
1198 1719 1277 1756 qua
1310 1715 1367 1743 est
1399 1719 1470 1743 sua
1494 1705 1591 1743 divi-

177 1755 255 1822 15⁰2&
269 1769 385 1805 nitas.
420 1770 520 1804 Cum
554 1776 687 1805 autem
722 1768 848 1803 omnia
880 1779 950 1816 que
978 1767 1090 1802 habet
1112 1773 1229 1815 pater
1257 1766 1369 1801 habet
1397 1772 1432 1801 et
1453 1764 1592 1815 filius‚1

271 1826 478 1864 manifeste
522 1825 701 1874 sequitur
740 1826 848 1873 quod
886 1825 935 1861 sit
969 1826 1086 1870 Deus,
1133 1833 1170 1860 et
1214 1835 1284 1872 per
1329 1835 1589 1870 consequens,
1674 1822 1821 1884 Ῑέιῧῗζῐῖῒ

270 1885 371 1921 sicut
404 1893 518 1933 pater
556 1885 675 1921 habet
708 1883 902 1932 Spiritum
936 1884 1142 1928 Sanctum,
1175 1881 1232 1918 sic
1265 1889 1302 1917 et
1335 1880 1440 1917 filius
1473 1881 1591 1917 habet
1676 1891 1816 1927 divinity.

271 1945 440 1979 eundem
476 1951 513 1979 et
545 1942 601 1979 sic
624 1942 727 1978 inter
751 1941 876 1978 filium
901 1949 939 1977 et
963 1940 1094 1989 ipsum
1118 1939 1313 1988 Spiritum
1338 1948 1394 1975 est
1418 1940 1590 1988 quedam

271 2001 461 2049 prioritas
499 2000 677 2048 originis,
715 2012 796 2036 non
833 2007 987 2036 nature.
1033 1998 1155 2035 Filius
1194 1997 1299 2035 enirn
1339 1997 1440 2033 sicut
1474 1998 1593 2033 habet

215 2070 257 2102 30
273 2068 442 2107 patrem,
488 2059 543 2095 sic
591 2060 710 2095 habet
753 2070 794 2094 se
838 2057 983 2106 ipsum,
1021 2056 1146 2105 patris
1184 2055 1444 2104 sapienciam,
1484 2064 1521 2091 et
1554 2054 1594 2090 in

272 2117 553 2166 predicacione
591 2117 810 2153 secundum
850 2115 1069 2152 essenciarn
1108 2115 1168 2151 vel
1212 2113 1435 2151 subiectum
1476 2114 1594 2149 habet

272 2188 391 2212 omne
424 2176 521 2211 illud
555 2176 663 2224 quod
696 2174 855 2211 adintra
889 2183 945 2210 est
979 2173 1205 2221 proprietas
1237 2171 1472 2221 personalis.
1513 2173 1594 2207 Nee

271 2234 351 2270 vidi
384 2233 667 2270 auctoritatem
691 2232 812 2269 aliam
836 2233 925 2281 plus
949 2243 1175 2280 expressam
1200 2233 1250 2267 ad
1275 2230 1593 2267 convincendum

272 2293 381 2340 quod
415 2292 595 2328 Christus
634 2290 684 2327 sit
716 2293 833 2327 Deus.
868 2293 970 2327 Nam
1010 2289 1042 2326 si
1076 2289 1145 2326 fiat
1177 2288 1413 2325 distribucio
1446 2288 1595 2324 solum-

217 2359 256 2391 35
274 2351 395 2386 modo
428 2363 501 2398 pro
535 2349 679 2386 creatis
712 2361 784 2385 nec
818 2348 880 2385 hic
914 2348 1051 2385 omnia
1084 2360 1155 2396 per
1187 2347 1318 2396 ipsum
1352 2347 1458 2383 facta
1490 2354 1594 2391 sunt,

273 2417 367 2444 tunc
407 2421 488 2444 non
526 2408 629 2444 valet
662 2406 810 2443 Christi
851 2405 1161 2455 consequencia:
1207 2406 1344 2441 Omnia
1382 2417 1452 2454 que
1484 2405 1595 2440 habet

268 2474 398 2515 pater,
431 2479 513 2502 mea
546 2473 653 2511 sunt,·
690 2477 783 2513 ergo
817 2464 990 2513 Spiritus
1023 2466 1193 2501 Sanctus
1227 2462 1418 2512 quicquid
1459 2461 1595 2498 fecerit

275 2526 322 2560 de
363 2537 451 2560 meo
491 2523 673 2571 accipiet.
715 2525 807 2559 Ideo
848 2531 1007 2571 oportet
1041 2535 1084 2558 ex
1119 2522 1195 2558 fide
1228 2533 1454 2570 supponere
1488 2521 1594 2568 quod

242 2582 343 2618 ‘fiat
388 2581 622 2618 distribucio
655 2594 728 2629 pro
762 2582 879 2617 rebus
923 2582 973 2617 ad
1015 2580 1131 2617 intra.
1178 2582 1226 2615 Et
1270 2579 1429 2621 iterum,
1463 2578 1494 2614 si
1528 2578 1597 2613 fiat

346 2704 364 2722 1.
388 2696 453 2722 BC:
475 2695 571 2730 ipsos.
663 2701 689 2720 2.
710 2694 738 2720 A
758 2693 788 2719 in
810 2701 924 2727 marg:
951 2692 1033 2719 Deus
1054 2696 1081 2719 et
1102 2696 1209 2719 natura
1230 2691 1339 2718 odiunt
1361 2691 1478 2717 subitas
1500 2694 1596 2716 muta-

275 2731 392 2763 ciom's:
421 2731 442 2757 B
463 2730 493 2757 in
516 2736 628 2763 marg:
649 2728 730 2755 Nota
752 2728 835 2754 bene.
859 2728 1027 2763 Quomodo
1042 2727 1177 2762 Spiritus
1193 2726 1325 2755 Sanctus
1346 2725 1450 2752 docuit
1472 2733 1595 2751 omnem

277 2766 434 2792 veritatem
455 2764 630 2799 apostolos;
660 2763 700 2789 ib.
722 2763 788 2789 BC:
810 2766 837 2789 et
858 2763 951 2789 deest.
1035 2762 1058 2789 5.
1080 2763 1125 2789 A:
1147 2761 1306 2796 apostolos
1327 2760 1421 2787 deest.
1502 2759 1529 2785 6.
1551 2760 1595 2785 A:

275 2805 433 2835 congruet.
518 2806 556 2826 12.
577 2799 621 2825 A:
643 2798 779 2832 singulas
800 2797 937 2823 virtutes.
1012 2798 1051 2823 18.
1074 2797 1115 2824 C:
1137 2797 1269 2823 Sanctus
1290 2795 1383 2822 deest.
1466 2803 1505 2829 ¹9·
1529 2794 1594 2820 BC:

277 2835 391 2862 Omnia
411 2835 504 2862 deest.
577 2841 624 2860 20.
644 2834 688 2860 A:
712 2837 781 2859 sunt
800 2832 944 2870 propria3
970 2831 1010 2859 ib.
1032 2832 1076 2858 A:
1097 2831 1160 2858 acci
1188 2831 1226 2857 iet
1246 2835 1301 2857 etc.
1375 2838 1418 2865 27.
1440 2830 1484 2856 A:
1508 2829 1594 2855 sicut.

276 2872 320 2896 28.
344 2870 408 2897 BC:
432 2870 475 2896 sic
494 2873 557 2907 est:
578 2868 617 2894 ib.
634 2867 700 2894 BC:
723 2867 873 2902 Spiritum
895 2871 940 2893 est
960 2866 1054 2893 deest.
1099 2865 1142 2893 32.
1189 2865 1230 2893 C:
1251 2864 1325 2892 illud
1348 2865 1441 2891 deest.
1492 2862 1534 2890 35.
1550 2864 1594 2890 A:

278 2910 308 2931 ut
331 2905 394 2937 hic:
418 2906 456 2932 ib.
479 2905 522 2930 A:
544 2906 622 2930 iacta
644 2906 713 2928 sunt
733 2902 828 2929 deest.
902 2900 945 2936 37.
967 2902 1012 2928 A:
1035 2909 1101 2928 mea
1123 2905 1193 2927 sunt
1214 2901 1307 2927 deest.
