2017 3353
114 309 187 354 196
694 315 917 346 JOHANNIS
938 314 1119 347 WYCLIF
1139 315 1394 348 SERMONUM
1430 302 1580 360 [SERMO
1597 313 1705 341 XXIX-

395 420 543 466 omnia,
576 429 619 456 ut
643 419 823 456 Christus
856 420 1046 469 loquitur,
1079 422 1148 457 sed
1172 420 1308 457 dicunt
1331 421 1586 457 Manicheum
1611 421 1712 458 inter

394 480 611 527 prophetas
655 478 818 514 sciendo
863 478 999 514 omnia
1044 478 1228 526 primitus
1262 478 1455 527 Spiritum
1502 479 1710 527 recepisse,

394 538 499 573 unde
532 549 613 572 non
645 535 848 584 accipiunt
870 538 993 572 Actus
1025 537 1300 584 apostolorum
1335 536 1373 572 in
1402 536 1544 585 quibus
1568 536 1713 572 dicitur

395 594 587 642 Spiritum
614 596 805 630 Sanctum
840 593 955 630 mitti.
977 595 1090 630 Tunc
1124 594 1227 630 enim
1262 608 1341 630 non
1366 608 1408 630 ex
1431 603 1544 642 parte
1567 594 1713 630 scirent

395 661 431 688 et
447 664 491 688 ex
508 661 621 700 parte
644 652 931 699 prophetarent
949 651 1062 697 (sicut
1080 651 1174 688 dicit
1198 653 1403 701 apostolus
1423 655 1452 688 II
1469 654 1560 688 Cor.
1576 653 1712 698 X1110)‚

394 711 461 746 sed
484 710 588 746 istud
622 709 772 745 dictum
807 710 913 746 iuxta
947 709 1239 757 exposicionem
1275 710 1448 758 priorem
1483 723 1563 746 non
1596 711 1714 746 habet

394 768 587 813 colorem,
634 780 723 803 cum
758 767 989 804 Manicheus
1034 780 1076 803 ex
1121 781 1253 804 crassa
1304 768 1535 816 ignorancia
1581 767 1714 816 posuit

394 828 521 862 Deum
556 826 720 861 malurn.
746 827 837 861 Ideo
861 825 963 861 absit
988 825 1144 862 fidelem
1169 825 1249 862 sive
1272 826 1554 874 philosophum
1582 826 1711 873 ipsum

394 885 555 919 credere
588 895 704 931 posse
737 883 874 931 equari
908 883 947 918 in
980 883 1192 920 sanctitate
1231 883 1310 920 sive
1342 883 1514 920 sciencia
1548 883 1713 919 domino

392 943 482 977 Jesu
507 941 679 977 Christo.
715 942 830 977 Unde
862 943 1080 977 secundum
1111 941 1413 978 ordinacionem
1439 942 1509 978 Dei
1534 950 1710 978 eternam

394 1001 555 1047 quando
596 1000 694 1035 venit
725 999 925 1048 plenitudo
963 1000 1148 1049 temporis
1186 1003 1243 1049 (ut
1284 999 1460 1048 loquitur
1498 1000 1714 1047 Apostolus

394 1058 443 1093 ad
468 1058 553 1093 Gal.
578 1059 662 1103 ΙΨ),
687 1059 742 1104 4),
776 1056 849 1092 fuit
881 1057 919 1092 in
953 1058 1068 1093 terris
1102 1057 1308 1105 plenitudo
1341 1057 1472 1105 gracie
1495 1059 1712 1093 secundum

393 1116 539 1163 gradus
572 1124 687 1163 aptos
720 1114 759 1150 in
792 1115 951 1151 Christo
985 1115 1200 1161 fontaines,
1242 1115 1279 1151 in
1312 1115 1439 1152 Maria
1471 1115 1646 1152 rivaliter
1679 1123 1715 1151 et

394 1173 433 1209 in
466 1173 660 1221 apostolis
692 1186 773 1208 non
806 1185 976 1221 semper7
1017 1175 1083 1209 sed
1120 1183 1208 1221 post
1247 1173 1518 1210 ascensionem
1554 1174 1715 1221 quando

396 1232 511 1279 plene
546 1232 702 1267 fuerant
737 1231 939 1267 maturati.

177 1296 309 1336 Chri-st's
452 1289 574 1325 Cuius
618 1289 758 1337 triplex
803 1298 859 1325 est
905 1289 1026 1335 racio,
1078 1289 1208 1337 prima
1254 1289 1346 1337 quia
1391 1289 1506 1325 dacio
1545 1288 1716 1337 Spiritus

137 1340 346 1402 ἓξὲξῗὸὲῖᾟᾷ
396 1347 530 1383 Sancti
555 1356 611 1383 est
644 1349 695 1383 ad
728 1348 969 1383 trahendum
1002 1347 1184 1383 homines
1217 1360 1239 1383 a
1273 1347 1438 1383 terrenis
1468 1348 1518 1383 ad
1542 1347 1714 1389 celestia,

135 1402 350 1463 ”Eiiffjssleogffle
397 1406 464 1441 sed
503 1419 593 1441 cum
633 1405 834 1454 appetitus
873 1405 1048 1441 hominis
1086 1418 1166 1441 non
1203 1405 1329 1441 tendit
1368 1405 1407 1440 in
1445 1405 1595 1453 aliquid
1640 1404 1715 1440 nisi

107 1471 220 1498 human
248 1476 380 1498 matures.
397 1465 503 1512 quod
549 1463 675 1500 credit
719 1463 921 1511 possibile,
967 1472 1075 1511 patet
1120 1465 1227 1512 quod
1274 1463 1340 1499 illa
1385 1463 1627 1510 possibilitas
1668 1464 1715 1498 de

396 1521 645 1558 humanitate
679 1530 715 1557 et
748 1521 953 1557 divinitate
988 1521 1028 1557 in
1061 1523 1200 1558 eodem
1236 1521 1445 1569 supposito
1478 1520 1551 1556 fuit
1584 1521 1714 1556 decla-

396 1581 521 1616 randa
560 1592 629 1627 per
670 1579 817 1615 Christi
856 1579 1129 1615 ascensionem
1172 1588 1208 1615 et
1247 1579 1325 1615 alia
1364 1579 1446 1614 eius
1479 1587 1714 1626 argumenta

396 1637 539 1685 quibus
565 1638 769 1685 apostolos
793 1637 963 1673 erudivit
987 1640 1042 1682 (ut
1073 1638 1356 1685 prophetatum
1383 1646 1439 1672 est
1455 1637 1608 1672 Michee
1632 1639 1713 1681 110).

400 1698 487 1731 Non
521 1708 614 1743 ergo
648 1695 783 1731 debuit
817 1695 902 1731 dari
936 1695 1145 1743 plenitudo
1179 1694 1351 1743 Spiritus
1395 1694 1588 1743 apostolis
1623 1703 1714 1730 ante

396 1753 544 1789 Christi
578 1753 853 1790 ascensionem
887 1762 955 1789 aut
987 1762 1078 1789 ante
1114 1753 1196 1789 eius
1231 1752 1586 1800 glorificacionem,
1623 1752 1716 1800 quia

396 1811 588 1848 Johannis
610 1813 714 1857 V110,
753 1824 798 1858 19
826 1811 1033 1847 scribitur:
1069 1811 1250 1846 Nondum
1284 1818 1368 1846 erat
1393 1811 1560 1859 Spiritus
1591 1811 1716 1855 datus,

398 1870 484 1917 quia
516 1869 627 1905 Jesus
659 1870 825 1905 nondum
848 1870 989 1918 fuerat
1019 1869 1278 1919 glorificatus.

108 1921 383 1992 [figssgffiffiflffiqssfe
455 1928 638 1963 Secunda
672 1926 795 1972 racio,
830 1926 924 1975 quia
957 1926 1129 1974 Spiritus
1162 1927 1330 1963 Sanctus
1365 1935 1421 1962 est
1454 1939 1568 1962 amor
1601 1925 1715 1973 spiri-

134 1975 359 2030 theiAppsUtle‘s'
397 1984 527 2030 tualis,
562 1985 652 2021 ideo
686 1984 858 2033 apostoli
893 1986 1115 2021 debuerunt
1143 1983 1403 2032 spiritualiter
1427 1983 1586 2020 Christo
1609 1983 1713 2019 affici

132 2027 198 2052 ¹⁰⁸oe
220 2026 369 2061 spanum.
399 2051 435 2079 et
468 2055 548 2079 non
581 2042 813 2091 imperfecte
847 2042 1113 2091 corporaliter
1146 2042 1228 2078 eius
1252 2041 1492 2078 humanitati
1517 2041 1618 2077 sicut
1641 2054 1714 2088 pro

401 2113 543 2148 magna
576 2110 689 2148 parte
728 2100 813 2146 fuit,
854 2102 1016 2149 quando
1050 2100 1232 2136 Christus
1271 2100 1582 2136 conversabatur
1624 2111 1712 2134 curn

399 2158 474 2194 illis
508 2158 754 2194 humanitus.
791 2159 881 2194 Ideo
907 2171 987 2194 non
1011 2158 1170 2194 fuerunt
1194 2166 1287 2193 tunc
1312 2157 1494 2205 dispositi
1520 2158 1569 2193 ad
1594 2156 1715 2192 susci-

400 2216 590 2263 piendum
631 2216 824 2264 Spiritum
865 2217 1057 2252 Sanctum
1098 2215 1151 2252 ita
1191 2216 1318 2263 plene.
1367 2217 1407 2250 In
1453 2214 1561 2251 omni
1608 2214 1711 2250 enim

398 2273 648 2310 successione
688 2273 870 2310 doctrine
909 2274 1186 2321 apostolorum
1222 2273 1468 2320 exemplatur
1507 2271 1714 2308 edificacio

400 2331 567 2367 ecclesie
601 2331 695 2379 quid
730 2331 896 2380 quilibet
936 2331 974 2367 in
1007 2332 1132 2378 gradu
1165 2344 1237 2366 suo
1271 2332 1385 2366 debet
1419 2331 1548 2366 facere
1588 2338 1625 2365 et
1659 2329 1714 2364 di-

401 2389 522 2425 misso
545 2389 773 2425 rudimento
792 2389 967 2425 terrestri
992 2390 1042 2424 ad
1064 2388 1263 2436 ampliora
1286 2387 1501 2424 carismata
1523 2387 1713 2435 aspirare.
1757 2391 1768 2422 ἶ

122 2453 227 2492 Christ
247 2452 372 2492 shossved
457 2446 600 2482 Tereia
633 2446 755 2492 racio,
791 2446 884 2494 quia
908 2445 1089 2482 Christus
1123 2447 1189 2482 dat
1214 2446 1406 2493 Spiritum
1432 2448 1622 2482 Sanctum
1657 2458 1715 2480 se—

111 2488 575 2549 wff12⁵132¹¹1²3¹21ffl0scundum
615 2513 801 2540 naturam
844 2503 1017 2540 divinam
1059 2513 1095 2539 et
1135 2516 1215 2540 non
1249 2504 1480 2549 humanam,
1519 2502 1610 2539 ideo
1643 2502 1716 2538 fuit

126 2557 377 2626 bei‘ffiessgiqciiting
401 2561 595 2610 equalitas
629 2561 710 2598 eius
744 2574 833 2597 cum
868 2570 980 2609 patre
1013 2574 1082 2609 per
1115 2561 1392 2598 ascencionem
1424 2570 1461 2597 et
1484 2560 1714 2596 ulteriorem

401 2620 677 2667 apostolorum
730 2618 1040 2667 disposicionem
1093 2620 1347 2665 declaranda,
1405 2628 1620 2666 antequam
1676 2630 1716 2653 se

469 2730 494 2761 3.
509 2740 538 2765 4.
558 2731 604 2758 A:
625 2730 737 2765 quibus
756 2731 907 2766 Spiritum
929 2732 1074 2758 Sanctum
1097 2731 1197 2757 mittit.
1246 2731 1269 2758 5.
1284 2731 1328 2758 A:
1350 2730 1582 2765 prophetarunt.
1630 2734 1656 2755 0.
1672 2730 1714 2755 A:

401 2765 485 2792 illud.
589 2765 617 2795 6,
639 2773 664 2800 7.
686 2766 729 2792 A:
751 2765 841 2792 habet
861 2765 973 2791 locum.
1067 2774 1092 2800 7.
1116 2765 1180 2792 BC:
1202 2774 1236 2791 ex
1257 2774 1375 2796 grossa.
1460 2764 1486 2791 8.
1509 2764 1574 2790 BC:
1596 2764 1714 2793 fideles:

401 2800 441 2826 ib.
463 2801 506 2826 A:
529 2799 591 2826 sive
611 2800 725 2826 Jestnn.
834 2798 871 2826 13.
891 2801 935 2826 A:
964 2799 1095 2829 rivatus:
1126 2800 1165 2826 ib.
1187 2801 1214 2826 A
1236 2794 1265 2826 in
1287 2808 1399 2834 marg:
1429 2798 1590 2835 Plenitudo
1616 2797 1715 2832 gracie

401 2834 526 2861 fundata
547 2834 576 2860 in
599 2834 787 2869 plenitudine
807 2834 956 2868 temporis
978 2839 1004 2860 et
1025 2835 1083 2860 hoc
1105 2834 1225 2861 racione
1246 2834 1368 2869 triplici.
1409 2837 1449 2860 ιο.
1465 2833 1536 2859 Ain
1560 2840 1672 2866 marg:
1695 2840 1714 2858 1.

401 2876 444 2895 22.
467 2868 532 2896 BC:
577 2869 728 2895 robaturn.
807 2876 850 2901 27.
872 2869 900 2895 A
920 2869 949 2895 in
971 2877 1084 2902 marga
1107 2876 1138 2901 Ως
1169 2869 1208 2895 ib.
1229 2870 1273 2896 A:
1295 2868 1420 2895 amoris.
1493 2867 1537 2893 28.
1559 2868 1603 2903 Ag
1626 2867 1716 2901 spiri—

401 2903 521 2929 tualiter
563 2908 634 2929 eest.
716 2910 762 2938 29.
784 2904 828 2930 A:
851 2903 1037 2929 humanitus.
1121 2903 1167 2937 34.
1190 2904 1233 2930 A:
1255 2903 1336 2938 quod
1359 2902 1494 2938 quilibet.
1569 2902 1614 2928 ΒΟ.
1636 2903 1663 2927 Α
1684 2900 1713 2927 in

402 2945 514 2972 marg:
535 2936 559 2964 3.
633 2936 678 2973 39.
700 2937 739 2965 13:
760 2941 828 2964 ante
849 2946 889 2964 se.

1732 956 1772 978 10

1737 1236 1771 1268 15

1731 1535 1773 1556 20

1733 1816 1772 1847 25
