2017 3353
104 710 207 738 Christ
228 710 350 737 teaches

104 746 295 773 Nicodemus
316 745 350 772 os
378 759 385 764 ·

102 780 151 807 the
172 781 346 815 ascension,

136 1637 193 1664 aud
216 1637 250 1663 ot'
267 1636 315 1663 the

117 1673 213 1699 virtue
234 1672 268 1698 of
285 1671 340 1698 His

130 1715 199 1733 own
221 1706 320 1733 death.

672 305 896 338 JOHANNIS
916 305 1100 337 WYCLIF
1119 305 1378 338 SERMONUM
1405 292 1555 349 [SERMO
1571 303 1694 331 XXXII.

378 412 545 447 credunt
577 410 662 447 istis
699 410 950 447 naturalibus
988 411 1093 447 notis
1126 411 1166 448 in
1199 411 1349 447 lumine
1387 411 1562 448 naturali
1596 424 1693 460 quo-

378 470 498 505 modo
531 468 562 505 si
596 468 735 505 dixerit
779 468 855 504 illis
901 469 1019 505 fidem
1052 469 1260 505 Trinitatis
1306 478 1342 505 et
1381 469 1478 506 alias
1509 469 1694 506 veritates

377 528 540 563 celestes
573 540 649 575 que
680 527 768 575 plus
801 528 849 563 ab
882 526 959 562 illis
997 536 1088 563 sunt
1126 527 1371 573 abscondite,
1411 528 1487 563 illis
1525 528 1692 564 credent.

377 586 431 621 Ex
466 586 540 621 hoc
574 597 668 633 ergo
702 584 947 620 Nicodemus
980 584 1160 632 arguitur
1193 587 1301 634 quod
1335 584 1522 621 deficiens
1555 598 1577 622 a
1610 598 1693 622 cre-

377 642 543 679 dulitate
577 642 682 679 illius
715 643 823 691 quod
857 642 982 690 magis
1016 644 1194 679 crederet
1228 645 1276 679 ab
1316 642 1552 679 abscondito
1586 644 1728 692 quod5

378 700 507 737 minus
554 700 788 737 omnimode
833 701 1074 737 retardatur.
1129 703 1206 737 Sed
1239 701 1332 750 quia
1366 700 1546 738 Christus
1584 701 1694 737 novit

376 768 496 795 istum
518 758 784 794 Nicodemum
817 771 907 794 cum
932 758 1013 794 suis
1036 758 1274 807 sequacibus
1298 759 1376 796 alia
1400 758 1578 795 misteria
1602 758 1693 795 fidei

377 829 420 853 ex
452 825 541 864 post
575 828 828 864 cognoscere,
862 816 1065 864 subiungit
1089 817 1209 853 fidem
1233 817 1476 853 ascensionis
1500 829 1543 853 ex
1566 816 1693 853 incar-

375 874 544 911 nacione
584 883 621 911 et
661 874 969 911 conversacione
1002 874 1165 911 Domini
1199 884 1522 924 consequentem.
1557 875 1693 921 Nemo,

375 932 517 981 inquit,
550 933 722 969 ascendit
752 933 787 968 in
817 933 953 979 celum,
986 932 1059 968 nisi
1085 933 1149 982 qui
1176 934 1221 969 de
1249 934 1329 969 celo
1353 933 1559 980 descendit,
1579 933 1693 983 filius
1715 947 1752 969 10

376 991 539 1027 hominis
577 991 642 1040 qui
677 998 732 1027 est
770 991 806 1026 in
845 991 938 1037 celo,
983 990 1096 1039 quasi
1138 990 1305 1028 diceret:
1350 1004 1469 1028 nemo
1514 990 1692 1027 ascendit

375 1048 415 1084 in
448 1049 578 1085 celum
611 1048 858 1097 acquirendo
892 1048 1181 1085 beatitudinem
1219 1048 1364 1086 virtute
1395 1048 1573 1097 propria,
1613 1048 1689 1085 nisi

375 1106 494 1142 fuerit
527 1106 630 1143 filius
664 1106 838 1143 hominis
871 1119 990 1155 quem
1014 1119 1083 1143 vos
1115 1107 1266 1144 vocatis
1299 1107 1498 1153 Messiam,
1533 1106 1601 1156 qui
1624 1119 1693 1154 per

376 1163 702 1202 incarnacionem
743 1166 1003 1201 descenderat
1043 1173 1080 1201 et
1118 1167 1337 1202 secundum
1377 1164 1565 1202 deitatem
1605 1177 1693 1213 per—

376 1231 498 1270 petuo
529 1232 586 1260 est
618 1223 658 1259 in
691 1223 789 1259 celo.
825 1224 974 1259 Omnes
1007 1223 1112 1259 enim
1147 1223 1214 1259 alii
1245 1236 1327 1260 non
1350 1224 1569 1260 ascendunt
1601 1235 1693 1271 pro—
1715 1227 1750 1259 ιδ

377 1280 461 1328 prie
493 1282 562 1317 sed
591 1280 735 1317 virtute
769 1280 885 1317 huius
909 1280 1050 1329 capitis
1074 1290 1282 1330 tamquam
1308 1282 1489 1318 membra
1512 1280 1693 1329 corporis

377 1339 542 1375 ecclesie
575 1348 666 1375 sunt
699 1338 872 1376 attracti.
913 1341 961 1374 Et
994 1339 1103 1376 racio
1137 1349 1194 1376 est
1227 1339 1320 1388 quia
1351 1341 1517 1376 verbum
1551 1338 1623 1375 Dei
1656 1347 1693 1375 et

375 1405 460 1434 tota
492 1398 696 1434 attrahens
718 1397 894 1434 Trinitas
916 1406 1111 1445 perpetuo
1135 1406 1191 1434 est
1214 1397 1254 1434 in
1277 1398 1380 1443 celo;
1405 1405 1564 1446 oportet
1587 1396 1691 1433 enim

376 1456 601 1492 trahentem
641 1456 861 1492 secundum
901 1455 1164 1503 philosophos
1204 1455 1235 1491 si
1275 1455 1325 1492 sit
1356 1455 1576 1491 immobilis
1609 1467 1692 1491 esse

376 1512 473 1549 inibi
513 1527 705 1562 quorsum
744 1513 880 1549 trahit.
932 1515 981 1549 Et
1018 1513 1058 1550 in
1097 1513 1173 1550 isto
1214 1513 1320 1550 dicto
1355 1513 1535 1550 Christus
1572 1512 1690 1549 istam
1711 1528 1751 1549 20

377 1571 639 1608 subtilitatem
672 1571 858 1617 inculcat,
905 1572 1013 1619 quod
1052 1571 1182 1607 omnis
1226 1572 1347 1608 homo
1381 1573 1599 1608 ascendens
1630 1572 1692 1607 vel

378 1630 552 1666 elevatus
573 1630 613 1666 in
635 1630 763 1666 celum
786 1630 901 1666 debet
917 1641 1000 1665 esse
1017 1631 1241 1665 membrum
1266 1629 1413 1666 Christi
1437 1638 1473 1666 et
1496 1630 1691 1678 quodam-

379 1689 500 1723 modo
559 1687 642 1736 ipse
701 1687 895 1733 Christus,
951 1688 1019 1723 sed
1071 1687 1166 1736 quia
1218 1687 1395 1723 medium
1454 1689 1504 1724 ad
1555 1686 1691 1723 omnia

378 1744 453 1782 ista
484 1746 755 1782 necessarium
795 1754 852 1781 est
884 1745 1032 1782 Christi
1066 1745 1227 1791 occisio,
1284 1745 1375 1782 ideo
1419 1747 1536 1782 docet
1574 1744 1692 1781 Nico—

379 1804 540 1840 demum
575 1804 747 1841 finaliter
778 1812 986 1852 tamquam
1018 1812 1250 1840 noscentem
1279 1803 1424 1851 figuras
1456 1803 1565 1851 legis,
1599 1802 1693 1851 quia
1711 1806 1750 1838 25

377 1861 473 1897 sicut
505 1862 668 1914 Moyses
711 1862 899 1898 exaltavit
942 1869 1156 1911 serpentem
1202 1874 1332 1898 eneunz
1366 1862 1401 1897 in
1447 1862 1612 1907 deserto,
1650 1869 1693 1896 ut

378 1918 577 1956 intuentes
620 1920 752 1968 ipsum
797 1921 998 1956 salventur
1031 1933 1052 1956 a
1086 1929 1214 1956 morte
1248 1919 1449 1968 corporali
1490 1923 1546 1965 (ut
1583 1927 1693 1967 patet

379 1977 543 2014 Numeri
582 1980 718 2024 XXIO),
756 1979 810 2014 sic
847 1985 999 2028 oportet
1036 1978 1208 2014 exultari
1231 1978 1363 2027 filium
1403 1978 1579 2025 hominis,
1618 1978 1693 2013 hoc

379 2044 448 2081 est,
484 2045 612 2073 morte
646 2036 793 2081 crucis3
827 2035 1015 2084 suspendi
1038 2044 1246 2084 tamquam
1269 2035 1454 2072 vexillum
1487 2036 1538 2071 ad
1562 2035 1693 2071 debel-

379 2095 518 2130 landas
563 2107 699 2131 aereas
738 2102 956 2142 potestates
995 2102 1031 2130 et
1070 2095 1119 2130 ad
1159 2095 1394 2130 salvandum
1434 2092 1638 2129 hominem
1672 2097 1751 2129 a30

380 2160 508 2188 morte
530 2154 706 2189 secunda
730 2152 790 2204 (ut
812 2151 1082 2188 sentenciatur
1105 2153 1154 2187 ad
1176 2153 1296 2188 Hebr.
1319 2147 1441 2203 XIIO).
1467 2151 1577 2187 Sicut
1601 2163 1693 2198 ergo

379 2222 540 2258 serpens
575 2222 694 2247 eneus
732 2209 871 2246 habuit
910 2209 1215 2245 similitudinem
1252 2208 1393 2245 veneni
1425 2208 1465 2244 in
1498 2217 1692 2257 quantum

379 2280 541 2315 serpens
565 2277 602 2304 et
627 2268 852 2305 carenciam
875 2267 1015 2304 veneni
1048 2267 1088 2303 in
1118 2275 1312 2315 quantum
1344 2279 1475 2311 eneus,
1510 2266 1565 2302 sic
1589 2265 1693 2302 filius

380 2325 451 2361 Dei
475 2325 613 2362 habuit
634 2325 937 2362 similitudinem
961 2324 1089 2362 carnis
1113 2324 1267 2373 peccati
1290 2324 1330 2361 in
1353 2333 1546 2373 quantum
1571 2325 1693 2360 horno

381 2392 417 2418 et
447 2383 672 2420 carenciam
705 2383 982 2433 possibilitatis
1014 2382 1169 2431 peccati
1202 2382 1241 2419 in
1275 2391 1469 2431 quantum
1503 2384 1621 2427 Deus,
1657 2390 1693 2418 et
1711 2385 1748 2418 35

380 2453 449 2488 per
488 2454 736 2490 consequens
775 2441 914 2478 habuit
952 2442 1056 2477 ultra
1094 2449 1319 2488 serpentem
1359 2453 1500 2476 eneum
1544 2452 1615 2488 per
1653 2452 1693 2475 se

380 2498 667 2536 sufficienciam
702 2501 752 2535 ad
785 2500 1031 2536 salvandum.

438 2559 485 2593 Et
518 2566 627 2605 patet
671 2556 887 2593 instruccio
931 2558 978 2593 de
1017 2556 1257 2604 baptizante.
1305 2557 1351 2592 de
1395 2555 1690 2596 incarnacione,

382 2616 428 2650 de
462 2615 609 2652 Christi
642 2615 827 2663 passione
861 2624 898 2651 et
931 2614 1014 2650 eius
1047 2614 1293 2651 ascensione.
1334 2616 1382 2649 Et
1415 2613 1470 2650 sic
1503 2615 1619 2650 Pater
1652 2613 1690 2649 in

382 2672 523 2709 divinis
547 2673 836 2719 manifestatur,
867 2672 907 2709 in
928 2685 1024 2709 voce
1047 2671 1167 2708 Filius
1191 2671 1231 2708 in
1253 2671 1428 2717 homine,
1461 2680 1499 2708 et
1522 2671 1692 2719 Spiritus
1706 2684 1750 2715 40

470 2830 539 2857 .:A
561 2829 701 2857 dixe1int.
753 2829 777 2857 5.
792 2830 836 2857 A·
859 2829 895 2856 ab
916 2829 1098 2857 abscondito
1119 2829 1201 2863 quod
1223 2829 1326 2857 minus
1347 2829 1439 2856 deest
1490 2828 1516 2854 S.
1537 2828 1581 2855 A:
1602 2827 1691 2854 fidem

381 2872 455 2890 cons
499 2869 629 2925 hiemem.
669 2873 710 2895 10
726 2873 758 2891 11.
780 2865 823 2891 A:
845 2864 1048 2891 filiuswcelo
1070 2864 1164 2891 deest.
1204 2873 1241 2899 17.
1264 2864 1304 2891 C:
1325 2863 1460 2890 Domini
1500 2871 1542 2897 19
1558 2870 1603 2889 2.()
1626 2861 1691 2888 BC:

381 2908 412 2924 cs
417 2908 446 2925 se
468 2907 483 2925 ιι
593 2907 639 2938 24.
660 2886 726 2926 BC:
747 2899 805 2925 ista
826 2899 918 2925 deest.
985 2899 1032 2938 26.
1052 2900 1096 2926 A:
1118 2907 1226 2926 cneum
1248 2899 1340 2926 deest.
1405 2897 1497 2925 32.A
1469 2899 1513 2925 A:
1535 2896 1640 2923 veneni
1660 2912 1692 2914 —

381 2942 395 2960 t
400 2934 482 2960 suuis
504 2935 617 2968 pecctti
638 2934 668 2960 in
689 2938 837 2969 quantum
860 2933 931 2960 dees
925 2938 953 2960 t.
1027 2932 1073 2969 3.9
1095 2935 1138 2960 A:
1161 2933 1203 2960 sic
1224 2933 1318 2960 det-st.
1390 2940 1439 2966 40.
1462 2932 1528 2959 BC:
1550 2936 1577 2958 et
1597 2931 1690 2957 deest.

2008 1392 2017 1671 ,,-.ι--...-...--.-
2011 1325 2017 1373 ...2
2012 1295 2014 1300 -
2012 1252 2017 1268 .,
