2017 3353
242 257 376 285 semro
398 247 504 304 xmr]
752 261 889 293 PRlMA
919 262 1044 294 PARS.

243 368 289 402 de
323 366 467 407 iniuria
506 367 593 414 plus
639 366 784 403 dilecti.
839 369 893 403 Ex
939 367 1081 416 quibus
1127 378 1234 416 patet
1280 370 1404 407 tercio
1450 374 1555 419 quod

241 424 372 460 omnis
425 423 663 461 christianus
716 426 831 461 debet
877 426 1012 462 dolere
1057 427 1103 462 de
1148 427 1258 463 omni
1310 438 1475 476 peccato
1521 439 1557 466 et

241 481 468 530 specialiter
500 482 678 530 proprio,
715 495 805 519 cum
839 485 944 519 Deus
978 497 1095 532 quem
1130 485 1261 521 omnis
1285 487 1406 522 homo
1441 489 1557 523 debet

242 539 406 587 diligere
438 542 488 577 ad
525 542 792 589 quodcunque
825 551 1032 589 peccatum
1071 542 1299 580 offenditur.
1346 547 1457 587 Item,
1492 545 1557 581 ille

209 600 226 632 5
243 607 298 634 est
333 598 503 634 infidelis
536 611 669 634 servus
693 598 760 647 qui
782 599 920 635 videns
940 599 1148 636 dominum
1174 613 1289 637 suum
1314 603 1557 639 dehonorari

242 665 278 692 et
312 656 542 704 contempni
576 665 612 692 et
651 665 787 693 tamen
818 670 891 693 nec
924 658 1058 694 obviat
1096 671 1225 707 neque
1270 661 1389 696 dolet.
1435 662 1558 697 Arma

241 723 374 750 autem
410 713 557 750 Christi
590 723 681 750 sunt
714 714 883 757 iusticia.
919 715 1196 753 misericordia
1229 727 1266 753 et
1298 717 1443 754 veritas
1483 731 1558 767 que

152 799 213 832 FO,
242 771 281 807 in
315 772 494 820 quolibet
527 772 694 809 crimine
727 782 818 809 sunt
850 783 1019 811 versata.
1055 775 1146 811 Ideo
1180 774 1245 811 ille
1285 785 1341 812 est
1386 776 1558 813 infidelis

152 825 227 889 ¹73⁶:
242 842 375 866 servus
410 830 559 867 Christi
593 830 659 879 qui
692 830 767 867 ista
801 830 1038 868 dissimulat.
1069 828 1074 883 Ι

188 903 227 925 10
302 890 412 931 Item,
446 901 526 924 una
546 901 610 924 sex
632 888 855 937 specierum
881 902 1145 926 consensuum
1172 900 1228 927 est
1251 893 1412 940 quando
1437 893 1558 929 homo

243 947 456 983 emendare
488 955 620 995 potest
653 956 689 983 et
711 947 887 995 negligit,
921 950 989 984 sed
1013 948 1143 985 omnis
1166 949 1294 986 viator
1316 963 1397 986 non
1421 951 1559 987 dolens

242 1005 290 1040 de
323 1004 502 1053 quolibet
535 1014 701 1053 peccato
736 1008 951 1043 emendare
983 1015 1115 1055 potest
1160 1016 1197 1043 et
1240 1007 1417 1056 negligit,
1464 1021 1558 1057 ergo

242 1063 452 1102 consentit.
487 1076 580 1099 narn
605 1073 813 1111 peccatum
848 1064 1057 1112 proprium
1092 1067 1306 1103 emendare
1338 1075 1488 1114 potest:
1522 1076 1559 1103 et

242 1133 331 1157 cum
366 1121 496 1157 omnis
525 1121 679 1169 peccati
703 1122 938 1159 emendacio
971 1122 1020 1159 sit
1049 1124 1150 1160 adeo
1183 1124 1380 1172 placendo
1404 1126 1489 1161 Deo
1523 1134 1560 1161 et

190 1182 225 1215 15
242 1179 414 1215 dolendo
454 1181 501 1215 de
539 1179 687 1216 iniuria
719 1180 793 1216 sibi
838 1181 956 1227 facta,
1002 1190 1178 1217 meretur
1211 1183 1333 1219 homo
1378 1191 1420 1218 ut
1452 1185 1559 1219 Deus

243 1236 395 1285 mitiget
428 1237 582 1285 peccati
617 1237 832 1275 maliciam.
867 1240 915 1275 Et
949 1240 1021 1275 hec
1054 1248 1111 1276 est
1144 1239 1253 1276 racio
1288 1240 1559 1289 correpcionis

241 1296 426 1331 fraterne.
462 1297 646 1332 Secundo
680 1297 796 1333 docet
830 1296 1011 1333 Christus
1056 1299 1288 1343 (secundum
1324 1299 1559 1347 Chrysosto-

242 1357 366 1399 mum)
400 1353 488 1402 quis
521 1355 637 1390 debet
670 1354 931 1391 effectualiter
964 1356 1098 1392 dolere
1131 1357 1179 1392 de
1212 1356 1379 1393 crimine
1412 1366 1449 1393 et
1492 1357 1560 1394 ubi

242 1412 358 1447 debet
396 1411 585 1460 incipere,
632 1413 725 1448 dum
761 1412 941 1449 Christus
986 1413 1148 1450 intravit
1191 1413 1231 1450 in
1275 1416 1470 1463 templum
1517 1424 1561 1452 ut

185 1483 225 1505 20
242 1469 428 1506 dominus
462 1479 499 1506 et
531 1469 785 1518 symoniacos
819 1470 1030 1515 deiecerat,
1077 1473 1224 1509 docens
1257 1472 1297 1509 in
1331 1474 1405 1510 hoc
1450 1475 1559 1522 quod

241 1540 350 1576 reges
404 1537 440 1564 et
493 1527 646 1565 domini
696 1530 940 1576 temporales
991 1531 1135 1566 debent
1192 1530 1435 1568 vindicando
1487 1531 1559 1568 Dei

241 1585 429 1622 iniuriam
465 1599 486 1622 a
520 1587 626 1622 clero
660 1586 848 1635 incipere,
885 1587 977 1636 quia
1010 1588 1094 1636 ipse
1133 1601 1341 1637 perversus
1375 1599 1415 1626 ut
1449 1590 1560 1626 radix

239 1645 300 1680 vel
331 1645 562 1681 stomachus
595 1644 720 1681 inficit
765 1644 968 1682 residuum
1014 1647 1195 1695 corporis
1240 1647 1401 1684 Christi.
1448 1650 1560 1685 Patet

240 1711 373 1739 autem
409 1703 484 1738 hoc
517 1702 695 1738 debitum
731 1716 773 1739 ex
806 1704 890 1751 lege
924 1704 1155 1741 dileccionis
1189 1705 1273 1752 Dei,
1317 1705 1559 1742 vindicando

184 1764 222 1796 25
240 1773 330 1796 suas
353 1759 517 1796 iniurias
542 1762 590 1797 ad
625 1762 733 1809 quod
766 1763 985 1798 secundum
1014 1764 1253 1811 Apostolum
1288 1765 1381 1800 data
1415 1773 1471 1800 est
1505 1764 1559 1801 eis

240 1828 429 1866 potestas,
465 1831 553 1854 cum
589 1819 704 1855 aliter
738 1829 952 1867 peccarent
990 1821 1212 1868 proditorie
1257 1834 1300 1858 ex
1346 1834 1554 1859 consensu.

242 1876 363 1912 Proni
395 1876 590 1925 (inquam)
624 1886 715 1913 sunt
748 1879 797 1914 ad
830 1877 1115 1915 vindicandum
1155 1892 1245 1916 suas
1279 1879 1456 1925 iniurias,
1491 1882 1559 1917 sed

239 1944 448 1983 tepescunt
480 1935 520 1971 in
552 1935 793 1972 vindicando
826 1935 992 1973 iniurias
1016 1936 1088 1973 Dei
1121 1937 1194 1974 sui.
1230 1939 1321 1974 Ideo
1356 1938 1559 1975 Timothei

241 1995 325 2033 1110,
361 2003 382 2028 2
418 1993 554 2029 scribit
577 1995 794 2041 Apostolus
827 1996 934 2042 quod
968 1995 1003 2031 in
1036 1996 1252 2031 novissimis
1286 1997 1416 2032 diebus
1449 2005 1561 2033 erunt

185 2055 226 2087 30
241 2051 411 2087 homines
441 2064 481 2088 se
518 2052 620 2101 ipsos
651 2060 844 2088 amantes:
875 2065 1005 2089 omnes
1036 2054 1133 2089 enim
1178 2062 1341 2102 querunt
1380 2067 1449 2103 que
1491 2068 1560 2091 sua

239 2117 327 2145 sunt
359 2118 396 2145 et
429 2122 508 2146 non
541 2123 617 2158 que
650 2110 804 2146 domini
835 2112 925 2147 Jesu
959 2111 1118 2148 Christi.
1163 2111 1391 2149 Vindictam
1425 2122 1560 2149 autem

240 2180 308 2203 sue
352 2167 496 2204 iniurie
540 2181 707 2217 querere
756 2168 886 2205 sciunt
934 2179 1096 2217 repente
1140 2171 1207 2206 sed
1254 2170 1324 2206 Dei
1372 2170 1560 2207 iniuriam

241 2225 541 2273 pretermittunt
580 2239 625 2263 ac
664 2226 694 2263 si
739 2239 819 2263 non
860 2236 1047 2263 curarent
1087 2229 1134 2264 de
1167 2230 1251 2264 Deo
1290 2230 1357 2265 sed
1397 2229 1484 2277 plus
1524 2238 1561 2266 et

241 2283 502 2332 principalius
536 2286 584 2321 de
616 2297 656 2320 se
689 2284 796 2333 ipsis,

186 2346 224 2378 35
301 2344 411 2383 Item,
446 2355 492 2378 eo
526 2343 612 2391 ipso
646 2356 725 2391 quo
750 2346 854 2379 Deus
879 2343 1214 2391 prudentissimus
1239 2344 1455 2381 committit
1480 2346 1562 2394 regi

242 2408 481 2448 potestatem
517 2402 566 2437 ad
600 2413 765 2449 regnum
800 2401 907 2438 iuxta
941 2415 1053 2438 suam
1083 2403 1208 2450 legem
1240 2404 1561 2451 gubernandum,

244 2459 311 2494 dat
343 2458 417 2494 sibi
451 2467 691 2506 potestatem
728 2461 778 2496 ad
811 2460 1038 2496 faciendum
1076 2460 1214 2497 omnia
1238 2473 1362 2509 opera
1385 2463 1562 2498 humana

314 2613 337 2631 2.
360 2606 403 2632 A:
426 2606 537 2632 dicitur
558 2606 668 2633 dolere.
732 2605 807 2633 2-5.
829 2608 872 2633 A:
896 2607 998 2634 dolere
1019 2607 1055 2634 de
1076 2624 1107 2626 —
1128 2608 1259 2634 infidelis
1281 2608 1373 2634 deest.
1436 2606 1460 2634 3.
1483 2608 1510 2634 A
1532 2608 1561 2633 in

245 2648 358 2678 marg:
382 2639 406 2667 ’3
459 2649 557 2667 11—12.
574 2641 645 2668 AC:
668 2642 718 2668 scd
742 2641 844 2668 omnis
865 2658 897 2661 —
918 2642 1042 2677 negligit
1063 2642 1157 2668 deest.
1199 2650 1235 2670 12.
1254 2641 1290 2678 13.
1313 2643 1356 2669 A:
1379 2641 1471 2675 igitur
1491 2650 1562 2668 con-

246 2679 345 2701 sentit.
422 2683 461 2708 14.
485 2675 524 2702 C:
548 2676 577 2702 tit
598 2676 683 2702 adeo.
768 2684 805 2710 ¹7·
828 2677 855 2703 A
877 2677 904 2703 in
929 2684 1040 2711 marg:
1063 2685 1095 2704 2:
1124 2677 1162 2703 ib.
1186 2677 1222 2703 lss:
1246 2677 1389 2703 Christus
1411 2676 1438 2702 in
1462 2681 1561 2704 textu:

245 2710 273 2735 iu
306 2717 418 2736 marm:
452 2710 619 2737 secundum
649 2710 927 2741 Cllrx'sostomum:
958 2711 998 2738 C:
1031 2711 1199 2738 secundum
1229 2711 1488 2746 Clirysostomum
1518 2720 1562 2737 se—

244 2744 349 2778 quitur
369 2730 457 2771 debet
477 2744 621 2779 incipere.
676 2742 721 2771 20]
737 2746 780 2772 A:
804 2750 828 2772 et
852 2745 952 2774 deest:
975 2746 1014 2772 ib.
1031 2747 1075 2773 A:
1098 2746 1254 2773 dcicccrct.
1305 2746 1348 2772 28.
1372 2745 1408 2771 13:
1432 2745 1503 2772 Ideo
1525 2751 1561 2773 ct.

245 2787 291 2813 29.
314 2779 356 2805 A:
380 2779 419 2805 III
442 2779 534 2806 deest.
608 2779 725 2814 36—37.
748 2781 790 2806 A:
814 2780 849 2806 ad
874 2788 1000 2814 reguum
1022 2797 1054 2799 μ
1076 2785 1255 2815 potestatem
1278 2780 1370 2807 deest.

317 2884 369 2918 31.
398 2884 449 2917 Cf.
477 2886 499 2917 Ι.
527 2885 606 2917 Cor.
632 2886 671 2924 X,
701 2895 753 2925 24.

1765 269 1786 293 ω

1795 271 1814 306 x!

1823 272 1844 305 Ὀ

1580 900 1639 928 We
1660 906 1787 927 consent
1808 906 1837 927 to

1601 935 1647 962 sin
1670 935 1756 962 when
1777 944 1822 962 we

1586 970 1662 997 have
1682 978 1788 1005 power
1808 975 1838 997 to

1591 1009 1710 1032 correct
1728 1004 1749 1032 it
1770 1005 1828 1032 and

1650 1040 1689 1067 do
1710 1044 1772 1068 not.

1591 1538 1698 1566 Rulers
1720 1537 1828 1564 should

1615 1577 1732 1600 correct
1753 1572 1803 1599 the

1654 1608 1765 1643 clergy.

1631 2351 1699 2378 God
1720 2351 1804 2386 gives

1638 2387 1734 2413 rulers
1754 2386 1790 2412 all

1638 2429 1799 2456 necessary

1657 2464 1771 2491 power.
