2017 3353
179 273 199 298 10

207 262 228 298 00

237 273 256 298 10

763 271 987 303 JOHANNIS
1008 271 1187 303 wvcmr
1207 271 1463 303 sERMONuM
1514 257 1664 314 [SERMO
1685 268 1776 295 xm.

466 379 719 426 premunivit.
755 380 846 415 Ideo
887 379 1086 426 culpanda
1128 377 1342 414 necessitas
1387 386 1463 414 stat
1508 377 1547 413 in
1591 377 1667 413 illis
1712 377 1778 425 qui

466 437 603 484 culpas
656 437 809 485 priores
855 445 890 472 et
943 436 1239 484 preparatorias
1285 437 1504 472 debuerant
1549 448 1778 483 expurgare,

465 503 501 530 et
534 494 588 530 sic
623 495 802 531 Christus
835 493 1085 530 necessitavit
1118 495 1167 530 ad
1201 493 1517 541 complecionem
1552 492 1668 529 huius
1691 505 1780 540 pec-

196 558 255 585 We
276 558 349 596 need
374 563 425 585 not
465 552 541 588 cati
587 554 634 588 de
679 562 828 601 quanto
874 565 916 588 ex
960 551 1209 600 perfeccione
1254 551 1335 588 eius
1384 553 1558 587 secunda
1605 550 1654 587 sit
1696 559 1781 587 tota

177 593 443 655 puzglssssolsff‘jvffuss
465 610 699 647 universitas
739 620 774 646 et
822 623 944 657 genus
989 610 1208 646 humanum
1253 609 1480 657 specialiter
1523 608 1814 657 perficienda.5

187 662 438 724 gleflss'jxssieopssass'ffqtu
465 670 511 703 Et
545 668 681 704 omnia
714 668 788 704 ista
822 669 979 704 fuerunt
1012 681 1032 703 a
1067 669 1150 703 Deo
1185 667 1412 704 eternaliter
1445 666 1650 712 ordinata3
1691 666 1781 702 ideo

205 731 397 771 *things-are
465 739 543 762 non
567 735 725 774 oportet
748 728 907 762 studere
942 725 1047 762 circa
1080 725 1183 761 istud
1216 725 1353 773 viginti
1387 725 1499 761 annis
1531 734 1567 761 et
1597 724 1781 773 amplius⁷

197 767 423 794 tore—ordamed.
465 783 566 820 sicut
600 784 786 820 dominus
826 785 1103 820 Ardmacanus
1149 783 1363 820 confitetur
1407 796 1447 820 se
1493 783 1642 828 fecisse,
1688 782 1782 831 quia

466 843 675 878 credamus
709 844 816 891 quod
849 855 968 878 omne
1000 841 1235 890 preteritum
1269 851 1337 878 aut
1368 842 1546 878 futurum
1571 850 1628 877 est
1648 840 1687 876 in
1710 853 1781 876 suo

465 908 645 947 tempore
679 909 715 936 et
748 902 856 949 quod
890 902 994 936 Deus
1029 908 1171 936 cuncta
1203 899 1428 943 necessitat,
1469 908 1505 936 et
1550 908 1643 935 tunc
1676 899 1839 935 solu-10

467 957 621 994 cion-em
646 958 758 994 istius
792 967 828 994 et
861 957 1051 994 similium
1087 967 1143 994 est
1175 957 1290 994 facile
1323 959 1509 995 enodare.
1544 957 1653 993 Licet
1676 956 1781 993 enim

467 1015 603 1052 onmia
636 1016 691 1052 sic
730 1015 954 1052 necessario
1001 1015 1192 1059 evenient,
1227 1015 1417 1064 possibile
1462 1024 1518 1052 est
1563 1024 1700 1052 tamen
1745 1023 1781 1050 et

468 1075 516 1110 ad
549 1074 784 1111 utrumlibet
817 1074 1050 1122 contingens
1091 1075 1197 1122 quod
1241 1087 1447 1122 nunquam
1492 1073 1672 1110 evenient
1715 1081 1783 1109 aut

467 1133 574 1180 quod
608 1142 699 1168 ante
734 1134 804 1168 hec
838 1142 1021 1180 tempora
1055 1132 1274 1180 quidquam
1308 1132 1393 1168 fuit.
1428 1133 1529 1168 Cum
1549 1131 1653 1167 enim
1679 1132 1784 1167 Deus

466 1189 566 1226 sicut
590 1199 680 1227 ante
696 1203 813 1226 omne
836 1199 993 1238 tempus
1017 1190 1071 1226 sic
1095 1198 1185 1226 ante
1207 1190 1404 1226 facturam
1428 1189 1483 1225 rei
1506 1190 1635 1226 facere
1653 1187 1785 1237 potuit
1802 1190 1839 1223 15

466 1249 573 1295 quod
606 1261 685 1284 non
721 1248 805 1293 erit,
839 1248 893 1284 ita
937 1249 1067 1284 facere
1100 1256 1231 1296 potest
1275 1247 1504 1284 eternaliter
1552 1248 1659 1296 quod
1705 1247 1781 1282 hoc

466 1306 642 1342 futurum
675 1319 747 1342 nec
782 1306 854 1342 erit
886 1319 958 1342 nec
982 1308 1089 1354 quod
1113 1306 1196 1354 ipse
1219 1315 1287 1342 aut
1310 1305 1529 1354 quidquam
1549 1304 1782 1353 preteritum

465 1377 641 1412 unquam
690 1364 773 1400 fuit.
810 1363 1000 1410 Quamvis
1046 1363 1149 1400 enim
1190 1366 1294 1400 Deus
1338 1364 1455 1400 istam
1500 1363 1782 1400 futur-icionem

465 1423 524 1458 vel
574 1422 881 1470 pretericionem
934 1435 1014 1457 non
1071 1431 1203 1469 posset
1260 1423 1474 1467 destruere,
1532 1431 1667 1458 tamen
1717 1422 1783 1457 ab·

465 1480 593 1516 solute
637 1480 861 1516 necessario
896 1493 1053 1527 semper
1087 1489 1217 1527 potest
1252 1479 1619 1527 contingentissime
1653 1479 1783 1515 facere
1801 1490 1842 1512 20

467 1540 514 1574 de
548 1538 726 1587 quolibet
757 1538 891 1574 futuro
926 1539 1033 1586 quod
1067 1551 1146 1573 non
1180 1537 1253 1574 erit
1286 1546 1322 1573 et
1356 1539 1403 1574 de
1436 1537 1614 1586 quolibet
1653 1545 1782 1585 prete-

467 1596 543 1633 rito
567 1597 675 1644 quod
698 1609 778 1632 non
802 1596 886 1632 fuit.
912 1598 1012 1632 Cum
1032 1596 1135 1631 enim
1162 1597 1266 1631 Deus
1290 1605 1346 1631 est
1370 1605 1460 1632 ante
1484 1608 1602 1631 omne
1627 1604 1783 1642 tempus

468 1654 594 1690 eciam
631 1653 882 1690 creacionem
918 1653 1069 1694 mundi,
1111 1653 1211 1690 sicut
1244 1662 1375 1701 potest
1408 1653 1571 1702 aliquod
1607 1654 1783 1688 futurum

467 1725 673 1760 nunquam
698 1714 933 1760 producere,
964 1711 1019 1748 sic
1043 1713 1311 1760 quodcunque
1339 1711 1574 1759 preteritum
1607 1720 1643 1747 et
1666 1723 1785 1747 omne

468 1780 625 1818 tempus
659 1783 864 1818 nunquam
900 1769 1160 1806 effectualiter
1183 1769 1428 1817 produxisse.
1464 1770 1648 1806 Secundo
1673 1768 1785 1804 dubi-
1802 1770 1841 1803 25

468 1837 593 1864 tatur:
628 1828 667 1865 Si
693 1837 880 1876 peccator
903 1837 983 1864 tam
1015 1829 1062 1864 de
1087 1827 1261 1876 peccatis
1284 1827 1363 1863 suis
1388 1840 1507 1876 quam
1541 1828 1588 1863 de
1611 1826 1785 1875 peccatis

469 1886 607 1922 alienis
642 1888 758 1922 debet
804 1885 955 1922 conteri
1002 1895 1038 1922 et
1083 1887 1133 1922 ad
1179 1895 1374 1934 quantum
1417 1887 1585 1933 gradum
1636 1884 1785 1921 doloris

469 1953 628 1992 oportet
662 1944 808 1981 Christi
843 1943 945 1980 filios
983 1944 1094 1992 sequi
1128 1943 1278 1991 ipsum3
1318 1943 1431 1979 multi
1477 1943 1580 1979 enim
1627 1943 1786 1991 plorare

470 2015 551 2038 non
596 2002 810 2038 sufficiunt.
856 2003 915 2038 Ad
960 2001 1065 2037 istud
1106 2001 1250 2038 dicitur
1286 2003 1393 2050 quod
1428 2002 1608 2049 ploratus
1644 2013 1785 2048 corpo-

472 2060 564 2097 ralis
600 2073 690 2096 curn
724 2059 979 2108 sophisticari
1013 2068 1146 2107 posset
1186 2073 1327 2107 parum
1373 2060 1489 2103 valet,
1534 2060 1603 2095 sed
1649 2058 1786 2095 efficax
1801 2059 1844 2092 30

471 2119 586 2154 dolor
619 2119 679 2154 vel
712 2117 970 2165 displicencia
1005 2126 1061 2154 est
1095 2119 1201 2165 apud
1234 2119 1362 2153 Deum
1398 2116 1610 2153 laudabilis
1644 2129 1719 2165 que
1753 2115 1783 2152 si

470 2176 587 2212 fuerit
619 2177 722 2212 valet
755 2177 804 2212 ad
838 2175 988 2223 aliquid
1034 2175 1295 2211 effectualiter
1340 2176 1649 2211 emendandum.
1695 2175 1787 2210 Ideo

472 2235 651 2282 ploratus
685 2233 906 2281 corporalis
941 2233 1087 2270 Christi
1123 2234 1222 2269 foret
1254 2245 1396 2281 parum
1442 2231 1667 2275 laudabilis,
1713 2231 1787 2268 nisi

540 2355 565 2383 3.
587 2357 630 2383 A:
655 2356 697 2383 sic
718 2356 811 2382 deest.
909 2356 936 2383 8.
958 2357 986 2383 A
1007 2357 1036 2383 in
1059 2364 1172 2390 marga
1195 2355 1421 2382 Ardntacanus.
1515 2363 1555 2382 10.
1578 2355 1599 2381 B
1621 2355 1649 2381 in
1672 2363 1786 2390 marga

473 2392 515 2418 lje
536 2391 648 2417 futuris
664 2399 757 2425 quare
773 2391 945 2417 necessario
961 2391 1099 2417 evenient
1113 2391 1172 2417 rfol.
1190 2390 1260 2425 87¹¹).
1284 2390 1397 2416 Omnia
1413 2390 1448 2416 de
1465 2389 1642 2416 necessitate
1658 2389 1787 2418 evenire.

472 2431 573 2453 tamen
604 2425 751 2460 possibile
780 2425 880 2451 estad
912 2425 1089 2452 utrumlibet
1117 2433 1207 2460 posse
1235 2425 1304 2451 talia
1333 2433 1488 2459 nunquam
1521 2424 1651 2453 evenire.
1681 2432 1788 2459 ymmo

473 2461 570 2488 facere
590 2460 673 2495 quod
695 2467 750 2486 nec
771 2459 948 2494 preteritum
970 2460 1025 2486 fuit
1046 2468 1100 2486 nec
1127 2460 1263 2486 futurum
1292 2459 1406 2494 aliquid
1434 2459 1615 2486 contradicit
1643 2458 1746 2485 multis
1773 2466 1789 2485 a

473 2504 504 2522 se
525 2494 614 2522 dictis
634 2495 683 2526 (bl.
705 2494 767 2522 ink.
790 2494 881 2520 altera
903 2495 1008 2524 mair).
1036 2494 1136 2521 Omne
1159 2494 1336 2529 preteritum
1359 2498 1408 2521 aut
1429 2494 1565 2521 futurum
1587 2493 1617 2520 in
1639 2501 1694 2520 suo
1715 2498 1789 2519 tem-

475 2538 548 2565 pore
577 2534 636 2562 est3
667 2529 708 2555 ib.
729 2529 757 2555 A
787 2529 817 2555 in
848 2536 961 2563 marg:
990 2529 1043 2556 inf.
1072 2529 1123 2555 fol.
1147 2527 1226 2563 17312:
1256 2528 1356 2555 Omne
1386 2528 1563 2564 preteritum
1595 2532 1622 2554 et
1651 2528 1788 2554 futurum

474 2569 518 2592 est
539 2564 568 2591 in
591 2572 646 2591 suo
667 2569 805 2597 tempore
826 2567 853 2589 et
873 2563 955 2598 quod
978 2563 1059 2590 Deus
1080 2568 1189 2590 cuncta
1210 2563 1372 2590 necessitat
1387 2563 1472 2589 etsie
1492 2563 1595 2589 omnia
1616 2562 1790 2589 necessario

474 2598 623 2627 evenient.
652 2597 798 2633 possibile
824 2602 867 2624 est
894 2602 995 2624 tamen
1018 2602 1044 2624 et
1065 2598 1245 2632 contingens
1267 2597 1302 2624 ad
1327 2597 1504 2624 utrumlibet
1525 2597 1606 2635 quod
1629 2605 1787 2631 nunquam

474 2633 612 2661 evenient
633 2637 683 2659 aut
704 2632 785 2667 quod
809 2637 877 2658 ante
898 2637 1020 2667 tempus
1041 2632 1209 2667 quidquam
1231 2632 1296 2659 fuit.
1350 2640 1383 2659 11.
1404 2633 1448 2659 A:
1471 2631 1612 2658 similem.
1663 2630 1700 2658 15.
1722 2631 1787 2658 BC:

475 2669 512 2695 sit
533 2673 610 2694 ante.
691 2671 732 2694 10.
755 2666 794 2693 C:
818 2675 877 2693 non
901 2666 955 2693 erit
975 2683 1008 2685 —
1028 2667 1109 2701 quod
1132 2667 1226 2693 deest.
1307 2667 1346 2693 18.
1367 2667 1411 2693 A:
1433 2667 1526 2693 illam.
1608 2674 1648 2697 ιι).
1671 2664 1786 2692 codor:

477 2707 580 2738 posset
600 2707 713 2729 tamen.
771 2709 808 2737 21.
831 2702 876 2728 A:
898 2701 1001 2727 futuro
1021 2718 1054 2720 —
1075 2701 1211 2735 quolibet
1232 2701 1325 2728 deest.
1382 2709 1428 2735 24.
1450 2702 1493 2727 A:
1517 2698 1673 2735 nunquam
1695 2699 1788 2726 deest.

476 2737 517 2764 25.
538 2739 566 2764 A
587 2737 615 2763 in
638 2744 751 2771 marg:
774 2735 950 2764 Secundum
972 2736 1111 2763 dubium.
1177 2736 1224 2763 26.
1245 2736 1288 2762 A:
1312 2736 1347 2762 de
1369 2735 1500 2770 peccatis
1521 2735 1614 2762 deest.
1679 2742 1724 2767 27.
1745 2735 1787 2761 A:

476 2772 602 2799 conteri.
711 2770 827 2805 27—28.
849 2771 894 2797 A:
916 2774 943 2796 et
964 2770 999 2796 ad
1021 2787 1053 2789 —
1073 2771 1175 2805 ipsum
1198 2771 1291 2797 deest.
1400 2778 1447 2805 29.
1470 2770 1491 2796 B
1512 2770 1541 2796 in
1564 2777 1677 2803 marga
1698 2769 1788 2796 Nota.

478 2806 523 2834 30.
547 2806 612 2834 BC:
636 2814 695 2833 non
718 2809 832 2840 posset.
906 2803 949 2832 33.
965 2806 1009 2832 A:
1031 2805 1110 2832 Nam
1134 2806 1282 2840 ploratus.

545 2888 577 2922 8.
606 2889 655 2922 Cf.
675 2889 885 2931 Trialogum
914 2898 946 2931 p.
980 2887 1052 2920 151.
