2017 3353
439 283 457 332 ξ
480 280 517 321 ὃ.
550 278 681 320 Boolcs
693 279 918 332 prepariny
940 278 979 317 in
1001 275 1181 317 Edz'tors'
1203 277 1340 317 hands.
1595 275 1620 315 3

160 407 245 449 Mr.
263 406 440 457 Archer,
464 406 547 448 and
569 405 652 447 Mr.
676 404 861 456 Hessels,
884 419 954 445 are
974 403 1232 457 proceeding
1253 401 1401 458 slowly
1421 402 1526 443 with
1547 401 1620 443 the

160 466 353 507 treatises
374 465 476 519 they
498 465 606 506 have
633 462 912 520 respectively
933 461 979 502 in
1008 461 1135 502 hand.
1197 460 1274 502 Dr.
1297 460 1524 501 Auerbach
1544 459 1620 501 has

159 524 329 565 thrown
349 538 406 578 up
428 523 501 564 the
523 522 639 563 work
661 522 714 563 he
735 521 816 562 had
839 519 1106 561 undertaken
1127 523 1171 560 to
1192 519 1245 560 do
1261 518 1327 559 for
1348 518 1420 559 the
1436 518 1618 572 Society.

219 582 257 622 3.
291 581 380 622 The
401 581 621 635 following
641 579 778 621 works
799 594 870 620 are
895 577 1054 634 copied,
1078 577 1161 619 and
1188 576 1234 618 in
1261 575 1447 618 Editors'
1470 576 1618 626 hands,

159 639 392 695 preparing
413 639 477 680 for
498 637 756 694 publication
776 653 784 678 :

160 716 317 751 Summa
334 715 575 759 Theologiae.

161 763 262 797 Book
385 763 415 799 Ι.
467 763 526 797 De
543 762 748 796 Mandatis
764 760 931 804 Divinis,
947 760 1000 796 ed.
1017 760 1059 796 F.
1076 760 1120 795 D.
1138 760 1338 794 MATTHEW
1356 758 1498 805 (nearly
1511 757 1621 803 ready

533 810 588 843 for
604 810 732 854 press).

206 884 226 901 „
362 857 411 891 II.
462 857 521 891 De
539 856 657 890 Statu
674 855 940 890 innocentiae.
993 855 1108 889 Ditto.

205 932 224 948 „
277 904 412 940 IV.-V.
465 904 523 938 De
542 904 659 938 Civili
676 903 867 946 Dominio,
888 903 941 937 ed.
962 902 1002 937 R.
1024 902 1062 936 L.
1083 903 1220 943 Poom,
1240 901 1356 944 M.A.,
1377 900 1495 936 Ph.D.

671 951 785 995 (Book
804 950 877 984 III.
898 950 964 984 has
982 950 1074 984 been
1092 948 1241 991 issued.)

337 999 405 1033 VI.
459 998 518 1032 De
536 998 718 1032 Veritate
736 998 773 1032 S.
795 997 1029 1041 Scripturae,
1050 997 1104 1032 ed.
1127 997 1191 1031 Dr.
1208 997 1250 1030 R.
1272 995 1536 1030 BUDDENSIEG.

209 1073 230 1089 „
327 1046 415 1081 VII.
461 1046 520 1079 De
538 1046 721 1087 Ecclesia,
741 1045 808 1079 has
825 1044 917 1078 been
934 1044 1083 1088 issued.)

206 1121 226 1137 „
298 1093 409 1128 VIII.
462 1093 521 1127 De
551 1093 683 1127 Officio
713 1092 844 1135 Regis,
856 1091 911 1126 ed.
936 1092 990 1126 W.
1010 1091 1055 1126 A.
1080 1090 1234 1134 Poll-ard,
1255 1090 1354 1125 M.A.
1378 1090 1509 1134 (1887).

345 1140 411 1174 IX.
461 1140 520 1174 De
539 1140 742 1174 Potestate
761 1140 901 1182 Papae,
921 1138 975 1172 ed.
995 1138 1039 1172 A.
1060 1137 1224 1172 PATERA.

365 1187 409 1222 X.
459 1187 518 1221 De
537 1187 717 1229 Simonia,
738 1186 791 1220 ed.
819 1187 884 1221 Dr.
908 1184 1338 1220 HERZBERG-FRANKEL.

338 1235 406 1270 XI.
458 1234 517 1268 De
534 1234 760 1278 Apostasia.
780 1233 833 1268 ed.
854 1233 894 1268 F.
917 1233 961 1268 D.
981 1233 1191 1268 MATTHEW.

207 1309 227 1325 „
313 1282 408 1316 XII.
457 1282 516 1316 De
533 1281 791 1325 Blasphemia,
812 1280 865 1314 ed.
885 1280 924 1314 T.
943 1280 987 1314 A.
1008 1282 1185 1320 Ancfflziz,
1204 1279 1303 1315 M.A.

161 1329 349 1371 Sermons,
370 1329 475 1363 Parts
494 1332 523 1371 2,
544 1332 574 1371 3,
595 1333 625 1372 4,
645 1328 699 1362 ed.
720 1328 814 1362 Prof.
833 1328 854 1361 J
859 1355 865 1361 .
888 1327 1075 1369 LosERTH,
1096 1327 1209 1362 Ph.D.

161 1376 268 1420 Opus
294 1376 582 1419 Evangelicum,
613 1377 690 1410 sive
716 1375 774 1409 De
801 1375 981 1410 Sermone
1011 1374 1170 1409 Domini
1194 1374 1236 1408 in
1261 1374 1409 1417 Monte,
1439 1373 1494 1410 ed.
1527 1374 1619 1408 Prof.

254 1423 288 1458 J.
313 1423 500 1462 LOSERTH,
522 1423 637 1458 Ph.D.

161 1470 460 1505 Miscellaneous
477 1471 622 1511 Tracts,
642 1470 695 1504 ed.
710 1469 747 1504 F.
762 1469 806 1504 D.
821 1470 1019 1504 MATTHEW
1038 1471 1106 1514 (43,
1125 1472 1181 1510 44,
1202 1469 1362 1514 Shirley)
1380 1483 1387 1511 3
1413 1468 1623 1512 Expositio

255 1518 291 1552 S.
315 1518 462 1552 Matth.
485 1529 512 1551 c.
533 1518 629 1551 xxiii.
650 1517 745 1551 xxiv.
764 1530 771 1557 ;
801 1518 877 1561 (54)
905 1517 1051 1551 Contra
1074 1517 1312 1560 Magistrum
1336 1517 1553 1550 Outredum
1576 1517 1623 1550 de

255 1565 474 1606 Ornesima3
501 1566 572 1609 (55)
593 1565 740 1599 Contra
758 1564 999 1598 Willelmum
1022 1564 1226 1608 Vynham;
1253 1565 1328 1609 (48)
1346 1564 1404 1597 De
1423 1563 1624 1598 Servitute

255 1612 363 1646 civili
380 1613 420 1646 et
437 1612 620 1646 Dominio
638 1612 803 1646 seculari
818 1625 827 1653 3
852 1612 925 1656 (64)
940 1611 999 1645 De
1017 1611 1259 1655 Paupertate
1279 1611 1426 1646 Christi
1444 1622 1452 1656 3
1477 1611 1549 1656 (77)
1565 1610 1624 1645 De

256 1659 399 1693 Ordine
418 1659 652 1693 Christiano.

161 1706 219 1740 De
237 1705 419 1740 Dominio
436 1706 593 1749 Divino,
614 1705 667 1739 ed.
688 1705 731 1740 R.
754 1705 793 1739 L.
816 1705 951 1748 POOLE,
972 1705 1073 1740 M.A.

160 1753 219 1787 De
237 1753 406 1787 Actibus
422 1753 598 1795 Animae,
618 1753 674 1786 ed.
694 1753 728 1787 J.
752 1752 798 1786 H.
816 1752 998 1795 Hnssms,
1019 1753 1119 1787 M.A.

162 1800 224 1834 De
250 1800 501 1834 Eucharistia
525 1801 723 1834 tractatus
747 1799 879 1842 major,
900 1800 953 1834 ed.
974 1800 1069 1835 Prof.
1092 1800 1124 1834 J.
1145 1800 1335 1836 LOSERTH.

161 1847 418 1928 Quaesltiones
443 1847 590 1890 logicae
616 1849 656 1881 et
681 1847 974 1891 philosophicae
1002 1848 1111 1892 (from
1128 1847 1192 1882 the
1210 1848 1348 1892 unique
1367 1847 1506 1892 Prague
1528 1847 1623 1892 MS.)

255 1906 310 1930 ec.
336 1895 495 1928 RUDOLF
521 1895 637 1928 BEER.

219 1964 308 2005 The
330 1964 548 2020 following
570 1965 707 2006 works
735 1980 805 2005 are
836 1964 982 2019 copied
1004 1964 1118 2019 only,
1142 1966 1226 2006 and
1248 1965 1347 2006 wait
1368 1964 1433 2006 for
1454 1965 1621 2006 editors.

162 2022 252 2064 The
272 2023 409 2078 copies
430 2038 538 2064 were
559 2024 681 2064 made
701 2023 758 2078 by
775 2023 851 2064 Dr.
877 2023 1150 2078 Buddensieg
1174 2024 1343 2078 (except
1363 2023 1464 2065 Nos.
1485 2023 1522 2073 l,
1541 2024 1624 2065 and.

162 2081 252 2136 24),
276 2082 360 2122 and
381 2081 434 2122 he
455 2081 608 2137 kindly
629 2081 768 2136 places
789 2081 906 2122 them
928 2087 971 2122 at
993 2081 1066 2122 the
1087 2081 1291 2136 Society's
1312 2081 1495 2136 disposal
1514 2097 1522 2122 :
1559 2092 1568 2101 ·

187 2150 237 2194 (1)
263 2149 416 2193 Logica.
896 2149 969 2194 (58)
1005 2149 1056 2183 ad
1103 2150 1335 2192 argumenta
1381 2149 1585 2193 cujusdam

163 2197 238 2242 (23)
263 2196 322 2230 De
334 2196 583 2231 Eucharistia
595 2197 634 2230 et
646 2196 852 2230 Poeniten-
1035 2197 1152 2230 emuli
1169 2197 1360 2230 veritatis.

302 2243 370 2286 tia,
390 2244 466 2278 sive
484 2244 543 2278 De
562 2244 819 2278 Confessione.
895 2244 967 2288 (59)
998 2244 1049 2277 ad
1067 2244 1153 2277 xliv
1170 2244 1427 2287 quaestiones.

165 2291 238 2335 (24)
263 2290 322 2324 De
340 2291 562 2334 Prophetia.
894 2292 969 2336 (66)
1005 2291 1056 2325 ad
1073 2291 1205 2325 decem
1223 2291 1480 2334 quaestiones.

165 2338 238 2382 (39)
266 2338 396 2371 Sermo
414 2338 589 2372 Pulcher.
1213 2359 1306 2364 —-

164 2385 238 2428 (47)
265 2384 323 2418 De
341 2385 525 2419 Oratione
542 2385 757 2420 Dominica.
894 2386 967 2430 (61)
994 2385 1195 2429 Epistolae
1214 2385 1322 2420 Octo.

166 2433 242 2476 (48)
268 2431 326 2466 De
345 2432 590 2466 Salutatione
606 2433 806 2476 Angelica.
898 2434 970 2476 (92)
998 2432 1056 2466 De
1075 2433 1269 2467 Praelatis
1288 2432 1602 2468 Contentionum.

485 2499 578 2504 --—
898 2481 971 2523 (94)
998 2480 1057 2514 De
1076 2480 1418 2514 Graduationibus,

351 2526 647 2569 Responsiones.
895 2528 968 2572 (95)
995 2527 1053 2561 De
1073 2526 1267 2561 Gradibus
1285 2527 1388 2562 Cleri
1405 2527 1610 2563 Ecclesiae.

167 2573 239 2617 (57)
269 2573 319 2607 ad
337 2573 553 2607 Radulfum
571 2574 720 2608 Strode.

212 2636 280 2670 Mr.
300 2637 333 2670 J.
354 2637 400 2671 H.
422 2637 600 2671 BULLoCK
623 2637 689 2671 has
714 2637 840 2682 copied
865 2640 949 2683 part
972 2638 1011 2672 of
1032 2637 1094 2672 the
1119 2638 1328 2671 Tractatus
1353 2637 1401 2671 de
1427 2638 1623 2682 Tempore,

164 2683 228 2717 the
248 2684 311 2717 Gth
329 2684 492 2718 Treatise
510 2684 549 2718 of
568 2685 667 2718 Book
686 2685 715 2718 Ι.
737 2687 776 2719 of
794 2685 852 2719 De
871 2685 982 2728 Ente,
1002 2685 1079 2719 sive
1103 2685 1260 2719 Summa
1281 2685 1623 2720 Intellectualium.

214 2730 283 2764 Mr.
321 2731 481 2765 RUDOLF
522 2732 631 2765 BEER
662 2732 735 2766 will
772 2732 915 2777 shortly
955 2744 1047 2776 copy
1081 2732 1139 2766 De
1181 2732 1353 2766 Materia
1392 2733 1432 2766 et
1474 2732 1623 2776 Forma,

166 2777 388 2820 Replicatio
434 2778 481 2812 de
530 2778 839 2822 Universalibus,
874 2779 946 2813 and
986 2779 1219 2813 Differentia
1266 2779 1371 2812 inter
1416 2779 1625 2814 Peccatum

165 2825 336 2859 Mortale
354 2827 393 2859 et
412 2825 576 2859 Veniale
596 2826 763 2872 (Shirley,
784 2829 815 2870 6,
835 2829 866 2870 9,
887 2828 956 2871 28).
