2017 3353
206 278 341 307 sERiio
364 268 500 326 XLVII]
720 283 856 316 PRIMA
887 283 1009 315 PARS.
1736 279 1752 315 3
1770 294 1777 316 1
1795 280 1810 315 5

206 402 327 438 quam
368 389 502 436 regula
540 391 816 437 apostolorum
858 389 1036 439 requirit.
1077 390 1124 426 Et
1166 391 1290 427 multo
1332 393 1456 440 magis
1495 394 1523 428 si

206 449 254 484 de
292 447 408 484 bonis
447 460 669 495 pauperum
710 461 881 497 quorum
928 449 1043 484 debet
1089 461 1171 485 esse
1211 459 1450 497 procurator
1490 460 1525 487 et

206 514 339 542 custos
376 505 469 541 vivit
509 505 754 543 dominative
793 515 829 542 et
874 506 1106 543 seculariter
1145 508 1412 555 approprians
1452 508 1523 544 sibi

207 563 374 600 civiliter
407 563 646 600 elemosinas
680 577 911 612 egenorum.

171 622 186 653 5
262 623 354 658 Ideo
398 621 553 658 videtur
591 624 808 659 tenendum
854 622 1016 659 indubie
1069 625 1176 671 quod
1221 623 1352 660 omnis
1398 624 1525 660 clerus

204 679 351 716 Christi
385 681 501 716 debet
533 679 662 716 vivere
694 680 816 717 vitam
851 693 1069 730 pauperem
1104 690 1140 717 et
1170 683 1231 718 vel
1254 681 1377 718 nichil
1401 682 1525 729 possi-

204 739 296 774 dere
335 737 373 773 in
412 737 577 786 proprio
610 738 712 775 sicut
745 738 939 780 Christus.
979 740 1039 775 vel
1078 739 1108 775 si
1142 739 1345 788 possideat
1378 740 1524 777 elemo-

203 795 309 832 sinas
354 807 495 844 capere
540 797 587 832 de
632 796 708 832 illis
752 809 872 845 parce
916 806 953 833 et
997 810 1174 846 paupere
1217 807 1260 834 ut
1299 810 1443 845 egenus
1488 807 1524 835 et

204 853 405 889 residuum
450 855 669 902 prudenter
713 855 942 892 ministrare
987 855 1243 904 pauperibus.
1293 857 1407 892 Unde
1451 858 1525 893 sub

149 921 187 943 ¹0
203 912 336 948 colore
370 911 594 948 dotacionis
628 912 858 950 introducta
890 913 962 950 fuit
992 914 1175 962 carybdis
1199 913 1359 962 dyaboli
1382 914 1421 950 in
1446 928 1524 963 qua

201 979 293 1006 sunt
334 970 448 1006 multi
488 970 621 1007 clerici
661 972 710 1007 ad
743 971 913 1007 nimium
949 973 1171 1020 dampnum
1206 972 1372 1009 ecclesie
1406 974 1523 1009 devo-

151 1047 155 1051 ·
201 1028 289 1065 rati.
323 1030 404 1064 Nec
436 1037 527 1064 sunt
561 1029 763 1066 evidencie
796 1030 981 1078 opposite
1014 1030 1131 1078 digne
1165 1030 1374 1067 memoria.

258 1087 443 1123 Secundo
483 1086 688 1124 dubitatur
726 1089 776 1124 ad
815 1097 1009 1136 quantum
1050 1088 1142 1125 licet
1181 1089 1400 1125 secularem
1440 1083 1810 1146 non¹¹:1¹J‘31'vf222153{2¹²1ss

201 1144 390 1181 clericum
436 1145 632 1182 turbative
679 1158 762 1182 esse
805 1145 1036 1191 sollicitum,
1082 1158 1172 1183 cum
1213 1147 1251 1182 in
1292 1146 1402 1183 omni
1443 1147 1801 1190 vitan-orl'dlygoods.

147 1201 328 1239 &activa
375 1202 424 1238 sit
470 1203 623 1240 intenta
671 1202 896 1252 proprIetas
944 1217 1020 1253 que
1073 1205 1245 1241 excludit
1297 1204 1520 1241 caritatem.

200 1261 300 1297 Cum
334 1262 554 1297 secundum
594 1263 834 1310 Apostolum
874 1263 1018 1299 caritas
1062 1276 1135 1298 non
1173 1263 1298 1312 querit
1341 1275 1410 1311 que
1453 1276 1521 1299 sua

198 1326 298 1363 sunt,
330 1318 487 1355 videtur
520 1321 627 1367 quod
661 1320 792 1356 omnis
826 1320 950 1357 civilis
983 1321 1182 1368 possessio
1205 1321 1266 1357 vel
1288 1321 1369 1357 vita
1392 1321 1521 1358 activa

198 1376 247 1412 sit
279 1376 431 1413 illicita.
466 1379 543 1413 Sed
577 1377 640 1414 hic
673 1380 890 1415 tenendum
925 1387 981 1415 est
1015 1380 1122 1427 quod
1156 1380 1304 1415 nedum
1338 1378 1430 1415 licet
1453 1381 1521 1416 sed

198 1443 255 1470 est
286 1435 557 1471 necessarium
592 1437 740 1472 multos
773 1438 820 1473 de
849 1437 1000 1485 populo
1024 1450 1097 1485 pro
1122 1446 1304 1485 tempore
1327 1436 1520 1474 viacionis

139 1501 182 1523 20
197 1492 323 1529 active
361 1492 509 1538 vivere3
550 1502 587 1530 et
627 1495 702 1531 hoc
743 1495 940 1543 contingit
979 1495 1205 1543 dupliciter,
1239 1495 1319 1531 sive
1354 1495 1521 1532 civiliter

197 1559 238 1586 ut
275 1551 508 1588 seculariter
540 1552 807 1599 dominantes,
846 1553 926 1589 sive
964 1553 1159 1589 serviliter
1197 1562 1239 1589 ut
1271 1566 1353 1590 non
1387 1553 1520 1590 clerici

198 1608 351 1645 clericis
391 1609 677 1647 ministrantes.
720 1613 761 1647 In
802 1611 934 1659 primo
973 1620 1106 1648 autem
1143 1620 1200 1648 est
1233 1611 1448 1648 difficultas
1482 1612 1520 1647 in

196 1678 396 1713 mensura,
428 1680 597 1704 numero
631 1678 668 1705 et
700 1671 878 1717 pondere
904 1669 1144 1718 temporalia
1168 1669 1418 1718 possidendi:
1452 1671 1519 1706 sed

196 1733 350 1761 certum
390 1735 447 1762 est
486 1728 593 1774 quod
632 1727 799 1775 quilibet
839 1727 966 1764 fidelis
1006 1727 1130 1764 civilis
1173 1728 1289 1764 debet
1322 1729 1517 1764 honorem

139 1782 178 1815 25
196 1782 280 1825 Dei,
298 1785 524 1820 mercedem
543 1784 801 1821 beatitudinis
826 1794 862 1822 et
886 1785 1152 1822 necessariam
1178 1785 1517 1822 sustentacionem
1534 1790 1622 1831 They
1644 1798 1726 1820 must
1747 1794 1810 1821 first

196 1841 361 1877 ecclesie
394 1841 525 1889 primo
559 1842 766 1879 intendere
800 1852 835 1880 et
870 1845 985 1880 debet
1019 1844 1337 1891 superfluitatem
1364 1852 1518 1892 tempo-
1547 1828 1644 1889 &dall
1665 1828 1796 1898 iiooiiimia

195 1899 338 1935 salium
385 1912 504 1948 super
542 1901 613 1937 hec
659 1901 879 1938 ministeria
924 1901 1081 1938 abicere
1119 1904 1186 1938 sed
1227 1901 1516 1950 proprietatem
1557 1897 1781 1960 gllffsllffi‘det‘slss

196 1957 457 2005 possessionis
492 1959 771 1995 mensurabilis
805 1969 935 2008 potest
969 1960 1145 2008 predicta
1182 1959 1411 1996 intencione
1448 1961 1516 1996 tri-
1545 1950 1795 2002 suffimitofthe

195 2014 302 2063 plici,
336 2028 417 2052 non
441 2016 575 2064 gracia
606 2017 875 2065 superbiendi,
910 2026 1101 2066 appetere
1125 2027 1162 2054 et
1185 2019 1345 2064 habere,
1379 2031 1516 2066 ymmo
1630 2002 1736 2030 hui-ch,

137 2073 178 2105 30
193 2074 412 2110 secundum
447 2075 551 2122 leges
585 2076 780 2112 humanas
814 2085 977 2124 puratas
1011 2075 1217 2125 acquirere
1241 2085 1361 2125 atque
1384 2077 1516 2113 defen-

194 2132 299 2168 dere.
341 2133 418 2168 Sed
457 2132 678 2170 declinacio
719 2135 767 2170 ab
807 2133 891 2170 istis
932 2143 968 2170 et
1007 2135 1234 2171 necessario
1274 2134 1516 2172 inferioritas

194 2189 295 2226 citra
334 2190 600 2227 ministerium
641 2192 910 2240 apostolicum
950 2192 1044 2228 facit
1087 2194 1207 2229 modo
1241 2192 1354 2229 civile
1389 2193 1517 2229 domi-

192 2247 303 2284 nium
336 2257 548 2296 peccatum
582 2249 735 2286 veniale
769 2263 921 2298 sapere,
953 2252 1020 2287 sed
1046 2250 1273 2287 ministrum
1297 2251 1516 2288 sacerdotis

193 2306 411 2354 evangelici
455 2307 581 2344 active
625 2308 823 2345 viventem
869 2317 946 2345 stat
990 2308 1120 2345 vivere
1165 2308 1342 2345 securius
1383 2311 1515 2357 quoad

136 2364 174 2397 35
194 2365 334 2400 Deum.
370 2366 451 2401 Nec
484 2365 599 2402 video
633 2366 729 2414 quin
762 2378 923 2403 necesse
956 2367 1005 2403 sit
1029 2367 1238 2403 ecclesiam
1272 2379 1355 2404 esse
1378 2367 1417 2403 in
1442 2367 1516 2404 ista

193 2433 381 2458 mensura
415 2423 564 2471 duplici
599 2423 844 2472 bipertitam,
879 2434 921 2461 ut
954 2424 1059 2461 viros
1089 2425 1332 2474 apostolicos
1357 2434 1516 2474 oportet

192 2491 276 2516 esse
309 2481 359 2516 ad
391 2480 675 2518 vivificandum
709 2483 918 2520 ecclesiam
944 2492 980 2520 et
1004 2483 1209 2520 ministros
1233 2496 1372 2520 eorum
1396 2496 1515 2532 opor-

190 2546 246 2574 tet
284 2549 368 2574 esse
400 2547 443 2574 ut
478 2538 554 2575 illis
587 2539 884 2577 intendentibus
924 2541 1172 2590 evangelium
1208 2541 1433 2579 ministrent
1467 2543 1514 2578 de

261 2714 280 2733 1.
303 2714 328 2733 2.
353 2706 391 2745 B?
414 2707 472 2734 fide
494 2707 599 2741 bonis;
628 2707 668 2736 C:
690 2708 715 2736 si
736 2709 772 2736 de
794 2709 887 2737 deest.
962 2711 986 2739 5.
1009 2712 1031 2739 Β
1054 2711 1083 2739 in
1105 2720 1220 2747 marg:
1242 2711 1378 2740 Solucio.
1401 2712 1512 2739 Omnis

189 2741 290 2767 clerus
314 2741 431 2769 Clirlsti
453 2742 542 2769 debet
562 2743 663 2770 vivere
685 2743 778 2771 vitam
801 2753 980 2781 pauperem.
1038 2745 1075 2773 13.
1097 2748 1124 2773 A
1146 2747 1174 2773 in
1198 2754 1312 2780 mama
1335 2746 1511 2774 Secundum

189 2775 338 2813 dubiunu
366 2776 387 2803 B
409 2776 437 2803 in
461 2785 577 2812 marg:
607 2778 749 2812 Questio.
843 2782 882 2807 18.
904 2781 932 2807 A
952 2781 981 2807 in
1004 2789 1117 2815 marga:
1139 2781 1321 2816 Responsio.
1407 2790 1446 2808 21.
1468 2783 1511 2809 A:

188 2818 252 2836 sive
275 2811 461 2838 seculariter.
560 2819 604 2839 22.
626 2813 653 2839 A
675 2812 705 2840 in
727 2821 842 2849 marg:
863 2814 934 2842 Vita
954 2816 1052 2842 activa
1073 2814 1195 2851 duplex.
1287 2824 1330 2842 ρ’.
1353 2816 1397 2843 A:
1420 2825 1513 2851 ‚super

187 2844 254 2871 hoc.
269 2878 275 2883 .
303 2879 308 2883 .
364 2845 411 2884 28ἶ
432 2846 477 2873 A.
504 2846 717 2885 sic0predicta.
830 2848 874 2876 32.
895 2850 939 2877 A:
967 2850 1038 2878 facit
1058 2850 1204 2883 omni1103
1234 2850 1274 2877 ib.
1295 2830 1324 2877 Ᾰ
1344 2850 1373 2878 in
1396 2859 1462 2878 mar
1487 2862 1510 2879 .:

185 2878 366 2907 Dommmm
386 2881 474 2908 civile
496 2886 576 2916 sapit
596 2886 756 2916 peccatum
784 2883 911 2911 veniale.
998 2884 1045 2920 34.
1066 2886 1109 2913 A:
1132 2885 1313 2920 evangelice.
1399 2884 1445 2914 36.
1480 2889 1508 2913 ὂς

187 2913 373 2950 bipartitam.
447 2914 490 2950 37.
513 2917 557 2943 A:
581 2916 802 2945 unificandum.
