2017 3353
199 286 277 332 296
781 287 1004 322 JOHANNIS
1024 286 1210 319 wvcmr
1230 285 1486 318 sERMoNUM
1515 269 1667 328 [semo
1689 280 1798 310 xiiv'>

214 414 249 434 20
271 406 402 434 Articles
422 406 455 433 os
485 396 730 446 proprietate
776 396 948 444 quadam
995 393 1144 430 amoris
1188 395 1255 429 sed
1301 402 1385 430 tota
1423 392 1600 429 Trinitas
1639 390 1797 428 Christo

249 441 298 470 llic
318 441 416 469 crccd.
486 454 701 503 copulavit.

544 512 731 550 Decimus
783 510 977 559 septimus
1030 509 1222 547 articulus
1268 518 1325 546 est
1378 510 1487 558 quod
1539 508 1607 545 illa
1659 516 1797 544 sancta

485 571 651 608 ccclesia
674 571 893 607 secundum
919 568 1006 604 illas
1028 576 1107 604 tres
1130 577 1262 615 partes
1285 567 1435 604 scilicet
1459 565 1796 615 peregrinantem,

485 629 753 666 dormientem
778 637 815 664 et
838 635 1071 675 regnantem
1092 626 1210 663 habet
1234 625 1562 662 communionem
1586 623 1798 660 iuvaminis
1816 624 1832 656 5

486 696 523 724 et
557 687 720 724 amoris.

543 745 731 782 Decimus
755 753 918 780 octavus
953 741 1148 779 articulus
1181 750 1238 778 est
1262 742 1371 791 quod
1392 741 1537 778 virtute
1563 739 1797 776 meritorum

485 803 632 841 Christi
666 802 803 839 omnia
836 809 1001 850 peccata
1034 799 1198 837 ecclesie
1230 799 1435 848 regnantis
1479 807 1571 836 sunt
1614 806 1797 847 purgata.

543 861 731 898 Decimus
753 872 884 897 nonus
917 858 1109 896 articulus
1143 866 1200 895 est
1231 858 1338 895 iuxta
1371 857 1585 895 articulum
1610 864 1798 905 quartum

486 919 687 957 decimum
712 919 821 968 quod
854 927 936 954 tam
961 915 1141 954 salvandi
1165 929 1286 964 quarn
1311 915 1559 964 dampnandi
1592 921 1800 962 resurgent
1819 926 1857 948 10

486 978 525 1014 in
559 989 729 1025 corpore
774 985 811 1013 et
845 975 980 1013 anima
1033 973 1198 1011 reunitis
1242 983 1279 1011 et
1323 974 1546 1023 percipient
1599 972 1799 1021 premium

485 1036 545 1073 vel
578 1048 724 1084 penam
758 1043 800 1072 ut
834 1033 897 1070 hic
930 1033 970 1069 in
1003 1045 1075 1070 suo
1109 1032 1214 1069 exitu
1248 1041 1492 1069 meruerunt.

542 1093 765 1131 Vicesimus
810 1091 1002 1129 articulus
1041 1099 1099 1127 est
1132 1091 1240 1139 quod
1285 1090 1463 1127 salvandi
1517 1088 1745 1127 eternaliter
1777 1100 1799 1125 a

487 1160 599 1201 parte
641 1160 732 1200 post
777 1150 907 1187 vivent
951 1149 991 1185 in
1036 1148 1284 1185 beatitudine
1329 1161 1419 1185 cum
1453 1148 1663 1193 Trinitate,
1710 1158 1799 1183 cum

487 1209 635 1247 Christi
668 1208 919 1246 humanitate
953 1216 990 1244 et
1023 1206 1174 1255 angelis
1208 1206 1333 1243 beatis
1366 1206 1406 1242 in
1438 1206 1584 1254 gaudio
1629 1204 1800 1241 infinito.
1823 1206 1858 1239 15

488 1270 565 1305 Sed
618 1267 875 1304 difficultates
937 1265 1050 1302 istius
1113 1264 1280 1301 materie
1343 1264 1528 1313 relinquo
1580 1262 1801 1300 scolasticis

489 1327 655 1364 credens
689 1326 797 1374 quod
830 1325 906 1361 ista
939 1322 1144 1360 sentencia
1175 1323 1293 1371 vulgo
1327 1322 1512 1360 sufficiat.

213 1391 455 1430 These-articles
547 1384 612 1421 Isti
658 1392 792 1420 autem
831 1382 971 1431 viginti
1015 1381 1175 1419 articuli
1228 1381 1573 1430 expergefacerent
1618 1378 1801 1415 homines

200 1431 346 1490 “gx-¹3¹3}
364 1426 473 1488 {finiti-1„-
489 1443 539 1480 ad
572 1443 791 1479 amandum
825 1443 967 1487 Deum,
1001 1441 1051 1477 ad
1084 1439 1301 1476 odiendum
1325 1448 1535 1488 peccatum
1570 1447 1606 1474 et
1639 1449 1802 1485 speran-

490 1502 584 1536 dum
630 1499 843 1549 premium,
899 1497 992 1547 quia
1035 1497 1198 1534 indubie
1243 1497 1471 1546 quicunque
1504 1496 1633 1533 viator
1677 1507 1802 1543 usque
1818 1508 1859 1530 20

489 1559 540 1595 ad
594 1566 766 1594 mortem
830 1556 914 1594 sine
977 1555 1226 1593 contricione
1289 1555 1491 1592 duraverit
1543 1554 1583 1590 in
1634 1561 1800 1602 peccato

490 1616 778 1665 dampnabitur
812 1623 1020 1664 perpetuo.
1067 1626 1157 1650 cum
1191 1622 1401 1662 peccatum
1436 1613 1520 1650 sine
1554 1611 1802 1649 contricione

490 1675 701 1711 ambarum
746 1682 983 1710 naturarum
1029 1671 1232 1708 unitarum
1278 1685 1359 1708 non
1402 1671 1569 1721 tollitur,
1614 1682 1660 1706 eo
1694 1670 1801 1718 quod

489 1741 650 1782 oportet
683 1733 733 1769 ad
766 1744 885 1769 omne
918 1739 1130 1780 peccatum
1163 1729 1308 1766 viantis
1340 1739 1422 1766 tam
1462 1729 1646 1778 spiritum
1681 1740 1802 1776 quam

489 1791 791 1828 sensualitatem
826 1798 862 1826 et
885 1789 940 1826 sic
973 1801 1119 1837 corpus
1153 1797 1358 1825 conterere
1392 1796 1428 1824 et
1451 1800 1522 1836 per
1555 1798 1803 1835 consequens
1820 1786 1859 1818 25

490 1857 650 1897 oportet
689 1848 779 1885 illos
818 1848 938 1884 simul
982 1847 1133 1883 fructus
1177 1846 1402 1895 penitencie
1434 1845 1474 1882 in
1506 1845 1569 1883 via
1612 1844 1801 1892 incipere.

490 1908 567 1944 Sed
599 1906 761 1956 spiritus
794 1906 834 1942 in
866 1904 1114 1954 purgatorio,
1149 1904 1243 1953 quia
1287 1904 1466 1953 peccavit
1510 1903 1680 1952 gravius,
1734 1914 1803 1950 per

490 1977 529 2002 se
562 1977 709 2013 penam
742 1964 898 2013 plenius
934 1962 1243 2009 consummabit,
1279 1971 1315 1999 et
1348 1971 1539 2010 purgatus
1572 1969 1663 1998 ante
1697 1960 1801 1996 diem

489 2022 626 2060 iudicii
672 2022 864 2071 gaudium
898 2021 1053 2058 diucius
1087 2029 1123 2057 et
1158 2020 1404 2069 complecius
1437 2019 1611 2057 habebit.
1667 2020 1714 2054 Et
1746 2017 1802 2054 sic

491 2094 580 2118 curn
625 2081 674 2118 sit
718 2079 950 2131 impossibile
993 2080 1073 2116 sine
1106 2079 1193 2129 fide
1231 2079 1390 2128 placere
1421 2079 1505 2114 Deo
1543 2078 1603 2114 vel
1635 2088 1802 2125 peccare
1819 2077 1861 2110 30

490 2139 573 2175 sine
607 2138 775 2188 perfidia
815 2150 1058 2186 omnemque
1109 2136 1313 2173 hominem
1359 2148 1519 2172 necesse
1564 2135 1613 2171 sit
1657 2133 1802 2170 salvari

489 2197 550 2234 vel
583 2196 810 2245 dampnari,
844 2204 1004 2244 oportet
1037 2207 1197 2231 omnem
1233 2194 1437 2231 hominem
1477 2205 1560 2230 esse
1605 2192 1801 2229 scolarem

490 2254 563 2291 Dei
595 2254 675 2292 sive
708 2254 880 2302 dyaboli.
928 2254 994 2290 Ille
1039 2261 1172 2290 autem
1212 2261 1268 2289 est
1313 2251 1477 2288 scolaris
1511 2250 1582 2288 Dei
1617 2250 1683 2299 qui
1717 2249 1803 2285 dili-

489 2321 628 2361 genter
682 2321 814 2348 mente
867 2311 979 2348 audit
1027 2320 1063 2347 et
1109 2310 1264 2359 perficit
1308 2311 1472 2346 verbum
1519 2308 1685 2353 Christi3
1740 2308 1804 2344 ille

491 2379 625 2407 autern
660 2379 717 2406 est
750 2369 916 2406 scolaris
940 2368 1099 2417 dyaboli
1134 2367 1200 2416 qui
1232 2368 1293 2404 vel
1326 2377 1383 2404 est
1416 2369 1558 2404 surdus
1590 2367 1650 2403 vel
1682 2367 1805 2402 obau-
1822 2367 1860 2399 35

203 2433 304 2463 Three
324 2433 414 2461 kinds
434 2433 469 2461 of
493 2428 604 2465 diens
638 2427 758 2464 fidem
792 2426 953 2464 Christi.
1000 2428 1068 2462 Est
1101 2435 1234 2463 autern
1268 2426 1410 2474 triplex
1443 2425 1540 2462 fides
1584 2424 1803 2461 secundum

297 2468 383 2497 fa1th.
493 2485 802 2523 distinccionem
837 2497 1108 2531 communem,
1143 2483 1293 2520 scilicet
1318 2483 1414 2520 fides
1448 2496 1524 2532 que
1557 2482 1731 2519 creditur
1763 2490 1805 2517 ut

559 2584 584 2614 3.
606 2586 635 2613 A
655 2585 685 2613 in
707 2593 821 2620 marg:
844 2593 883 2619 17.
967 2584 991 2612 5.
1015 2583 1080 2611 BC:
1109 2583 1229 2610 liabent.
1310 2591 1334 2619 7.
1355 2583 1383 2610 A
1404 2583 1434 2610 in
1455 2591 1569 2618 marg:
1593 2583 1632 2609 18.
1711 2581 1738 2608 ὃ.
1759 2581 1803 2608 A:

493 2620 634 2656 regantis.
700 2627 728 2656 9.
749 2620 778 2647 A
797 2619 827 2647 in
849 2627 963 2653 marg:
986 2626 1027 2654 19.
1094 2626 1128 2646 11.
1151 2617 1217 2646 BC:
1239 2617 1400 2653 recipiunt.
1466 2616 1503 2644 13.
1523 2618 1552 2644 A
1572 2616 1601 2643 in
1623 2624 1736 2650 marg:
1758 2623 1804 2642 20.

492 2654 531 2689 13,
547 2663 590 2688 14.
612 2654 652 2683 C:
674 2658 848 2690 apartenus.
907 2653 948 2681 16.
969 2653 1012 2680 A:
1035 2652 1093 2681 Sed
1117 2653 1211 2680 deest.
1267 2660 1310 2679 22.
1333 2652 1370 2679 B:
1393 2651 1639 2686 dampnabiliter.
1696 2650 1738 2677 25.
1760 2650 1803 2677 A:

493 2698 684 2717 concurrere.
758 2687 806 2716 26.
828 2689 871 2716 A:
893 2687 923 2715 iu
946 2687 1010 2717 via:
1031 2687 1060 2714 in
1083 2687 1140 2714 x‘ia.
1220 2685 1264 2714 28.
1287 2688 1331 2714 A:
1356 2691 1492 2721 purgata.
1565 2685 1604 2714 31.
1626 2685 1668 2712 32.
1689 2686 1733 2712 A:
1756 2693 1805 2711 iic-

494 2733 577 2751 cesse
597 2740 630 2743 —
650 2723 809 2751 hominem
830 2722 922 2750 deest.
1005 2718 1008 2721 ¹
1031 2721 1073 2750 33.
1095 2723 1122 2749 A
1144 2722 1171 2748 iu
1195 2730 1307 2755 marg..-
1339 2721 1400 2756 Qui
1423 2725 1492 2747 sunt
1513 2721 1645 2747 scolares
1666 2720 1701 2746 de
1724 2719 1804 2746 scola

494 2758 559 2786 Dei.
610 2758 653 2786 35.
668 2759 712 2786 A:
734 2762 766 2785 ut
786 2762 840 2785 est.
896 2756 943 2784 36.
957 2757 986 2784 A
1006 2756 1036 2784 in
1058 2765 1170 2790 marg:
1191 2756 1318 2791 Triplex
1339 2756 1429 2783 fides:
1450 2756 1471 2782 B
1492 2755 1520 2781 iii
1544 2763 1656 2788 marg:
1678 2753 1804 2788 Triplex

495 2793 568 2821 fides
590 2793 703 2820 scilicet
722 2801 790 2828 que,
812 2800 871 2828 qua
891 2796 918 2819 et
938 2800 991 2827 per
1011 2799 1102 2826 quam
1124 2791 1293 2818 ordinatur.
1367 2790 1411 2825 37.
1432 2791 1460 2817 A
1480 2790 1509 2816 in
1532 2798 1644 2823 marg:
1668 2797 1687 2815 1.

566 2863 618 2897 36.
652 2864 702 2896 Cf.
734 2865 837 2906 Engl.
867 2863 996 2896 Works
1027 2863 1067 2895 of
1091 2862 1230 2906 Wyclif‚
1264 2872 1341 2906 pag.
1369 2861 1445 2903 347.
1484 2861 1535 2893 Cf.
1562 2860 1613 2892 De
1639 2860 1803 2899 Ecclesia,

495 2920 572 2954 pag.
597 2921 653 2952 42.
