2017 3353
97 290 172 335 184

92 817 169 844 How
187 817 365 851 knowledge

110 860 179 887 may
201 852 235 878 be
256 851 353 878 uscsul

131 894 166 913 or
187 886 329 914 harmsul.

145 2204 249 2232 Christ
270 2205 328 2231 will

103 2240 186 2267 teach
214 2240 276 2266 him
305 2239 374 2266 who

142 2283 243 2301 serves
265 2273 333 2300 God

161 2309 322 2345 saithsully.

667 296 890 328 JOHANNIS
910 297 1094 329 WYCLIF
1114 296 1374 328 SERMONUM
1405 281 1555 338 [SERMO
1570 292 1693 320 XXVII-

382 405 658 452 apostolorum
697 416 778 440 non
817 403 973 440 duravit
1012 415 1082 452 per
1121 402 1311 447 triduum,
1358 415 1448 438 cum
1493 401 1533 438 in
1571 401 1695 438 tercio

383 462 445 498 die
469 462 541 498 fuit
565 461 712 499 Christi
736 461 983 498 resurreccio
1016 461 1320 510 quodammodo
1354 460 1408 496 eis
1440 468 1548 496 nota.
1583 461 1696 496 Tunc

382 519 485 556 enim
519 520 617 556 vidit
649 532 716 557 eos
750 528 787 556 et
820 532 957 556 eorum
991 518 1201 556 tristiciam
1235 517 1448 554 inicialiter
1488 517 1695 565 mitigavit,

382 586 418 614 et
441 578 631 626 gaudium
657 577 889 614 inchoatum
913 590 1038 625 usque
1066 578 1116 613 ad
1147 576 1419 613 ascensionem
1454 584 1490 612 et
1525 584 1695 612 mortem

381 648 533 682 eorum,
580 636 859 672 confirmando
905 634 1091 672 continue
1136 634 1421 682 augmentavit,
1466 635 1533 670 sed
1572 633 1730 669 terci05

381 703 470 741 post
509 703 679 730 mortem
719 693 759 729 in
803 693 933 742 patria
972 691 1277 729 consummavit.
1334 694 1415 728 Nec
1454 691 1584 740 potuit
1622 692 1698 728 hoc

381 751 571 799 gaudium
606 751 646 787 in
678 751 814 800 aliquo
846 752 972 799 gradu
1005 749 1090 787 tolli
1124 751 1172 787 ab
1206 750 1272 796 eis,
1313 749 1415 786 sicut
1446 762 1519 786 nec
1552 749 1697 785 caritas

382 809 739 858 predestinacionis
773 810 821 845 ab
855 808 990 857 aliquo
1024 816 1154 857 potest
1187 807 1285 844 tolli.
1319 809 1549 844 Notandum
1575 816 1632 844 est
1655 819 1699 843 ex

382 869 457 904 hoc
502 867 719 915 evangelio,
760 880 850 903 cum
890 867 1051 903 sciencia
1088 879 1169 902 non
1207 865 1256 902 sit
1298 878 1367 914 per
1405 878 1444 902 se
1479 864 1696 910 meritoria,

382 938 472 962 cum
507 925 592 973 ipsa
618 925 725 976 inflat
749 926 968 961 secundum
993 924 1247 972 Apostolum,
1281 933 1318 960 et
1351 925 1540 960 demones
1574 923 1699 959 multa
1720 934 1757 956 10

382 983 510 1020 sciunt
543 984 651 1031 quod
683 982 812 1019 viator
845 991 975 1031 potest
1008 981 1222 1018 insciencia
1255 980 1507 1029 culpabiliter
1530 981 1699 1017 deficere

384 1040 518 1078 multis
552 1039 693 1077 modis.
729 1040 901 1086 Quidam
943 1039 1047 1077 enim
1087 1047 1130 1076 ut
1162 1039 1284 1076 bestie
1323 1039 1362 1075 in
1395 1038 1627 1087 ignorancia
1660 1051 1700 1074 se

384 1099 587 1135 involvunt
610 1099 791 1135 nolentes
823 1098 923 1135 scire
956 1097 1033 1134 illis
1066 1097 1276 1146 expediens
1307 1098 1368 1134 vel
1399 1096 1599 1137 nocivum,
1633 1097 1700 1132 sed

384 1156 547 1194 secundi
595 1157 781 1193 laborant
820 1156 932 1193 anxie
971 1155 1077 1193 circa
1121 1154 1333 1192 scienciam
1380 1167 1455 1203 que
1494 1154 1589 1202 ipsis
1621 1167 1701 1191 non

385 1214 564 1263 proderit
608 1223 650 1250 ut
688 1215 891 1251 studentes
929 1213 969 1250 in
1007 1212 1292 1250 mathematica
1337 1222 1375 1249 et
1411 1211 1757 1249 tradicionibus&

386 1272 569 1309 humanis
601 1273 661 1309 vel
695 1271 795 1313 aliis,
829 1285 930 1320 opus
964 1271 1214 1308 meritorium
1240 1280 1276 1308 et
1301 1283 1528 1307 mensuram
1551 1269 1699 1306 sciendi

386 1333 491 1379 quod
538 1330 592 1367 eis
630 1329 809 1378 proderit
859 1329 1107 1375 omittentes3
1153 1338 1190 1365 et
1239 1341 1377 1365 omnes
1428 1327 1490 1365 isti
1541 1340 1702 1376 progre-

386 1389 537 1425 dientes
581 1388 640 1425 via
687 1389 861 1425 secunda
906 1400 949 1424 ex
993 1386 1180 1435 superbia
1225 1386 1373 1423 diaboli
1419 1395 1509 1422 sunt
1562 1385 1699 1422 cecati.

386 1449 641 1495 Oportunum
676 1455 808 1482 autem
844 1454 879 1482 et
914 1445 1089 1482 medium
1122 1444 1343 1481 virtuosum
1369 1453 1425 1481 est
1449 1443 1593 1480 servire
1618 1446 1701 1480 Deo

386 1505 425 1541 in
458 1517 579 1552 opere
612 1503 820 1540 meritorio
854 1513 889 1540 et
923 1503 1161 1539 infusionem
1196 1502 1365 1539 sciencie
1399 1501 1493 1550 quid
1519 1511 1554 1538 et
1579 1514 1701 1550 quan-
1720 1514 1760 1535 20

386 1572 468 1598 tum
510 1571 566 1598 est
607 1561 816 1610 expediens
855 1561 1079 1610 relinquere
1124 1560 1258 1597 divino
1298 1559 1459 1596 iudicio.
1514 1562 1615 1596 Nam
1660 1567 1703 1594 ut

387 1621 505 1656 fidem
545 1621 661 1656 debet
701 1619 828 1656 fidelis
867 1631 1009 1667 capere
1042 1620 1149 1666 quod
1182 1631 1301 1654 omne
1342 1630 1442 1666 opus
1481 1618 1703 1654 humanum

386 1678 465 1715 vita
508 1679 569 1714 vel
608 1676 739 1714 mocio
780 1677 821 1713 fit
860 1676 1086 1713 necessario
1126 1685 1291 1725 propter
1329 1676 1446 1712 finem
1492 1675 1703 1715 intentum,

387 1737 493 1784 quod
527 1748 598 1772 nec
632 1738 736 1771 Deus
769 1748 841 1771 nec
874 1744 1018 1772 natura
1050 1742 1180 1782 potest
1220 1733 1435 1782 quicquam
1468 1733 1598 1769 facere
1630 1731 1705 1768 nisi

388 1793 601 1830 intenderit
635 1793 718 1829 eius
751 1793 883 1829 finem.
917 1792 1043 1828 Aliter
1076 1791 1180 1828 enim
1204 1791 1330 1829 faccio
1353 1792 1454 1828 foret
1478 1799 1704 1827 monstruo-
1722 1793 1762 1825 25

388 1851 542 1888 sissime
586 1850 754 1887 infinita.
803 1850 979 1896 Quilibet
1024 1862 1117 1898 ergo
1160 1849 1290 1886 viator
1342 1851 1458 1886 debet
1510 1849 1550 1884 in
1594 1847 1704 1884 omni

387 1921 507 1958 opere
553 1922 625 1945 suo
663 1909 724 1945 vel
762 1908 842 1945 rita
883 1908 1088 1944 intendere
1127 1907 1414 1944 beatitudinem
1456 1919 1568 1943 suam
1605 1915 1705 1942 tam-

388 1980 507 2015 quam
544 1966 662 2003 finem
696 1976 732 2003 et
766 1968 813 2003 de
846 1975 998 2014 quanto
1037 1965 1268 2002 distinccius
1306 1974 1425 2013 atque
1463 1963 1706 2013 prudencius

389 2026 435 2061 de
474 2034 585 2061 tanto
626 2024 778 2061 melius.
836 2026 890 2060 Ex
929 2037 1008 2073 quo
1047 2032 1156 2072 patet
1201 2025 1308 2071 quod
1347 2022 1477 2059 omnis
1517 2021 1706 2070 operacio

388 2083 448 2119 vel
483 2081 614 2119 mocio
648 2084 697 2119 ad
730 2091 940 2131 peccatum
975 2090 1032 2118 est
1064 2082 1210 2118 frustra
1243 2089 1280 2117 et
1313 2081 1616 2129 quodammodo
1649 2079 1707 2115 in·
1723 2083 1765 2115 30

391 2139 514 2176 finita.

447 2197 591 2234 Tereio
635 2209 728 2233 vero
768 2206 926 2245 oportet
965 2196 1183 2245 quemlibet
1225 2195 1399 2232 viantem
1439 2195 1479 2230 in
1517 2194 1591 2231 ista
1632 2193 1708 2230 fide

391 2255 559 2292 stabiliri
593 2256 700 2303 quod
734 2254 942 2291 serviendo
977 2256 1059 2291 Deo
1093 2253 1262 2290 fideliter
1295 2262 1332 2289 et
1365 2266 1386 2289 a
1418 2261 1535 2289 vento
1559 2251 1708 2288 diaboli

392 2313 592 2349 inturbate
626 2325 705 2349 non
729 2321 859 2360 potest
882 2325 904 2349 a
928 2321 1036 2349 recta
1059 2311 1120 2348 via
1144 2313 1194 2348 ad
1217 2310 1390 2359 patriam
1421 2310 1460 2346 in
1484 2309 1709 2346 direccione

393 2384 463 2419 per
496 2370 697 2407 Christum
739 2383 827 2406 cum
870 2371 944 2406 hoc
983 2369 1164 2406 deficere.
1218 2371 1265 2404 Et
1304 2367 1344 2404 in
1381 2370 1454 2404 hac
1487 2367 1564 2404 fide
1598 2375 1709 2403 erant
1727 2370 1766 2403 35

394 2428 565 2476 apostoli
600 2437 635 2464 et
670 2427 789 2464 ceteri
824 2427 894 2464 Dei
929 2427 998 2463 filii
1032 2426 1217 2475 quietati;
1252 2435 1288 2463 et
1321 2426 1376 2463 sic
1404 2425 1570 2473 intelligi
1595 2426 1711 2461 debet

467 2616 485 2634 ι.
508 2608 550 2634 A:
572 2606 674 2634 tercia.
751 2615 775 2634 2.
797 2608 823 2634 A
844 2607 874 2633 in
898 2615 1011 2633 maru:
1034 2614 1058 2633 2.
1127 2605 1152 2633 1³.
1171 2606 1234 2633 BC:
1257 2606 1336 2633 enim
1360 2606 1460 2633 deest:
1482 2605 1520 2633 ib.
1543 2605 1608 2632 BC:
1630 2604 1713 2639 ipso-

396 2651 480 2670 rum:
502 2642 541 2669 ib.
558 2643 601 2669 A:
624 2642 785 2669 tristiciam
809 2641 948 2676 sequitur
980 2649 1093 2670 aetina:
1115 2641 1154 2668 ib.
1172 2641 1332 2668 inicialiter
1353 2640 1446 2667 deest.
1496 2648 1524 2674 4.
1547 2640 1590 2666 A:
1611 2647 1712 2666 esseu-

395 2677 526 2704 cionem.
601 2676 624 2704 5.
648 2677 675 2703 A
696 2677 725 2703 in
754 2684 869 2711 mai-gs
897 2675 921 2702 3.
999 2684 1031 2702 11.
1054 2676 1096 2702 A:
1126 2675 1223 2702 viator
1250 2676 1279 2702 in
1307 2675 1411 2702 multis
1438 2674 1644 2709 culpabiliter:
1673 2673 1711 2699 ib.

396 2715 494 2746 potest
520 2711 619 2740 deest:
651 2711 690 2737 ib.
714 2711 735 2737 B
762 2710 791 2737 in
821 2718 933 2745 marga
965 2710 997 2736 In
1027 2710 1157 2737 sciencia
1183 2710 1325 2737 deficiunt
1352 2709 1438 2736 multi
1465 2708 1568 2736 multis
1595 2707 1704 2735 modis.

397 2755 436 2779 it.
459 2745 499 2773 C:
523 2745 674 2775 seeundo:
701 2745 740 2772 ib.
762 2745 806 2772 A:
827 2744 984 2772 liberavit:
1012 2744 1051 2771 ib.
1074 2745 1116 2771 A:
1139 2745 1224 2771 citra.
1332 2744 1367 2771 15.
1390 2744 1434 2770 A:
1457 2742 1593 2778 proderit
1613 2742 1712 2769 deest:

396 2781 434 2807 ib.
457 2785 500 2808 et:
532 2780 571 2807 ib.
592 2781 637 2807 A:
658 2779 698 2806 in.
774 2788 811 2814 17.
834 2780 878 2806 A:
900 2779 949 2805 isti
972 2779 1064 2805 deest.
1141 2780 1180 2806 18.
1203 2778 1270 2805 BC:
1292 2778 1339 2805 via
1363 2778 1496 2812 duplici:
1524 2777 1563 2804 ib.
1584 2777 1628 2803 A:
1651 2776 1713 2802 dia-

396 2815 454 2841 boli
477 2815 569 2841 deest.
627 2822 667 2849 19.
692 2814 729 2841 B:
752 2813 913 2849 Optimum
936 2818 1046 2840 alitem.
1103 2820 1148 2839 20.
1171 2814 1198 2840 A
1219 2813 1247 2840 in
1271 2821 1382 2851 marg:
1407 2821 1431 2841 1:
1461 2812 1500 2839 ib.
1523 2811 1603 2838 Nota
1626 2811 1709 2837 bene.

395 2857 431 2876 21.
454 2850 498 2875 A:
521 2858 543 2875 s.
560 2857 585 2875 a.
608 2853 638 2876 ut
660 2849 688 2875 in
710 2848 778 2875 cod.
851 2848 893 2875 23.
916 2848 959 2874 A:
983 2849 1011 2874 {it
1034 2847 1060 2873 in
1084 2852 1164 2876 toto:
1193 2847 1232 2874 ib.
1254 2846 1324 2874 AC:
1346 2855 1374 2874 ln
1396 2851 1524 2873 tautum.
1600 2853 1643 2879 27.
1660 2845 1707 2878 A{:

395 2883 496 2909 vitam.
570 2882 612 2910 33.
629 2884 671 2910 A:
695 2882 845 2910 stabilire:
874 2882 911 2908 ib.
934 2883 977 2908 A:
1001 2882 1129 2909 finaliter
1150 2887 1176 2908 et
1197 2886 1313 2908 ascuto.
1386 2880 1432 2915 34.
1456 2881 1493 2907 ss:
1515 2880 1708 2912 inturbatus3

394 2918 433 2945 C:
456 2918 655 2951 inturbative:
684 2918 723 2944 ib.
744 2919 788 2944 A:
810 2922 837 2943 et
857 2916 1038 2944 direceione.
1115 2915 1157 2943 35.
1179 2915 1219 2943 C:
1242 2919 1353 2943 errant.
