2017 3353
212 235 348 264 smnio
369 225 435 283 ιι]
729 239 863 272 PRIMA
895 240 1017 272 PARS.

209 353 338 381 totum
372 353 530 392 ternpus
553 344 746 381 viacionis
780 357 850 382 sue
873 346 945 382 fuit
978 358 1124 394 corpus
1149 347 1232 382 eius
1266 359 1386 395 super
1422 361 1531 385 mare

211 402 349 439 mundi
383 401 535 450 Spiritu
568 404 718 439 Sancto
752 403 890 440 latum.

273 460 494 508 Offerebam
543 468 669 497 autem
721 461 756 497 ei
792 462 1044 511 paraliticum
1097 462 1279 498 iacentem
1332 463 1368 498 in
1422 464 1532 509 lecto,

209 519 371 566 quando
413 517 493 554 sive
532 518 662 566 angeli
701 518 781 555 sive
821 519 1005 556 homines
1044 520 1172 556 sancti
1205 519 1428 557 innuebant
1462 533 1531 557 sue

177 575 450 612 5humanitati
483 577 689 624 quomodo
722 589 845 624 genus
880 579 1101 614 humanum
1136 577 1322 614 titubavit
1360 578 1401 614 in
1434 578 1530 619 fide:

208 633 394 682 paralisis
427 634 532 669 enim
566 646 642 682 que
676 642 736 670 est
757 647 971 671 nervorum
1004 635 1189 671 debilitas
1216 637 1350 684 quoad
1376 645 1530 672 motum

209 703 252 727 ex
291 690 497 727 laxacione
536 691 690 727 humidi
728 693 924 729 naturalis
971 693 1101 741 signat
1140 693 1452 730 fluctuacionem
1492 694 1533 730 in

211 749 300 794 fide,
341 761 431 784 cum
472 758 673 798 quotquot
711 749 904 787 articulos
946 751 1037 787 fidei
1076 751 1207 788 viator
1240 752 1416 800 perfecte
1449 764 1532 788 cre-

210 806 367 852 diderit,
407 814 467 842 tot
506 811 650 843 nervos
689 807 810 844 habet
843 810 892 845 ad
925 809 1036 845 illam
1073 808 1283 847 veritatem
1317 809 1410 846 fidei
1450 822 1533 846 cre—

156 877 194 898 10
210 865 399 900 dendum.
434 866 482 900 Et
514 877 655 901 omnes
688 865 799 902 nervi
830 866 888 902 illi
921 866 1106 903 oriuntur
1134 880 1157 904 a
1187 867 1331 916 capite,
1366 880 1456 904 cum
1482 869 1531 904 ab

208 922 413 959 intellectu
453 923 636 970 procedit
670 923 767 959 fides
813 926 1033 961 secundum
1073 926 1336 973 Apostolum:
1388 926 1530 971 Corde,

208 980 350 1029 inquit,
384 981 559 1016 creditur
590 982 641 1016 czd
673 981 873 1018 iusticiam.
900 984 1014 1019 Unde
1046 983 1149 1019 sicut
1180 983 1358 1020 lubricus
1392 996 1532 1020 secun-

209 1039 303 1074 dum
342 1038 608 1087 philosophos
648 1050 909 1087 comparatur
949 1041 1174 1089 paralitico,
1215 1041 1309 1090 quia
1348 1051 1531 1078 movetur

208 1098 258 1133 ad
298 1096 573 1133 differenciam
612 1097 832 1145 posicionis
877 1111 921 1135 ex
965 1099 1172 1135 debilitate
1210 1112 1440 1146 nervorum,
1480 1101 1529 1136 ad

156 1156 329 1203 15qua1n
364 1154 637 1191 differenciam
676 1168 758 1192 non
797 1156 964 1193 inclinat
996 1156 1106 1193 racio
1144 1157 1354 1204 naturalis,
1396 1158 1451 1194 sic
1491 1158 1531 1194 in

210 1213 286 1248 fide
341 1212 540 1249 fluctuans
597 1221 656 1249 est
712 1213 945 1252 inconstans
994 1215 1036 1251 in
1079 1215 1267 1251 omnibus
1317 1215 1389 1252 viis
1435 1216 1529 1262 suis,

209 1270 302 1319 quia
361 1270 546 1306 falsitatis
605 1271 812 1308 lubricitas
871 1272 1079 1309 mollificat
1130 1285 1273 1310 nervos
1326 1273 1529 1310 interioris

209 1328 384 1364 hominis
417 1328 561 1376 quibus
596 1330 778 1366 membra
812 1330 955 1379 diriget
988 1332 1038 1367 ad
1069 1331 1256 1377 virtutes;
1289 1333 1395 1368 unde
1434 1332 1528 1381 quia

209 1386 304 1422 dicti
343 1385 555 1422 offerentes
596 1396 687 1423 sunt
725 1400 805 1424 una
842 1401 1016 1437 persona
1055 1401 1146 1425 cum
1186 1389 1412 1437 paralitico,
1453 1390 1529 1437 sig-

153 1456 193 1477 20
207 1453 350 1480 nanter
383 1444 530 1480 dicitur
558 1446 666 1493 quod
687 1446 798 1482 Jesus
831 1447 962 1483 videns
980 1447 1107 1497 fidem
1140 1447 1297 1483 illorum
1330 1448 1529 1484 mandavit

202 1502 412 1552 paralitico
446 1502 620 1538 filialiter
659 1505 760 1552 quod
792 1505 959 1554 confidat
991 1512 1027 1541 et
1058 1513 1219 1554 peccata
1246 1506 1439 1555 preterita
1471 1506 1527 1542 in-

196 1560 404 1610 fidelitatis
436 1561 594 1596 remisit.
638 1563 714 1597 Sed
749 1561 877 1599 scribe
910 1562 1191 1611 imposuerunt
1223 1563 1343 1600 tacite
1366 1563 1528 1600 Christo

208 1617 522 1666 blasphemiam;
562 1632 734 1667 quorum
779 1620 1049 1668 cogitaciones
1089 1621 1272 1658 Christus
1309 1622 1527 1671 redarguit,

208 1689 298 1712 cum
332 1676 396 1712 ille
430 1676 497 1724 qui
530 1677 649 1713 habet
681 1686 923 1725 potestatem
947 1691 1018 1727 per
1050 1691 1090 1715 se
1114 1678 1287 1715 faciendi
1317 1680 1528 1729 corporale

151 1735 191 1767 25
208 1734 461 1779 miraculum,
487 1735 626 1770 eadem
652 1735 893 1772 auctoritate
918 1745 1051 1784 potest
1074 1746 1285 1785 peccatum
1308 1737 1525 1784 remittere,

208 1805 297 1828 cum
338 1792 388 1828 sit
421 1794 540 1828 Deus.
581 1794 673 1829 Ideo
713 1793 810 1830 dicit
848 1794 1097 1842 evangelium
1131 1796 1240 1843 quod
1279 1808 1379 1845 eque
1411 1796 1526 1832 facile

207 1859 265 1886 est
298 1849 578 1886 auctoritative
612 1860 649 1887 et
682 1851 898 1888 efficaciter
929 1852 1091 1889 infirmo
1126 1853 1276 1890 dicere:
1310 1855 1524 1890 Remittun-

205 1916 270 1944 tm·
301 1909 369 1944 tibi
393 1916 553 1957 peccata
592 1916 655 1944 tua
696 1918 733 1946 et
771 1910 904 1946 taliter
937 1910 1087 1947 dicere:
1128 1912 1259 1962 Surge
1291 1919 1326 1948 et
1357 1912 1523 1948 ambula.

205 1968 253 2002 Et
306 1966 396 2002 ideo
450 1975 492 2001 ut
551 1966 680 2003 scribe
733 1968 1054 2017 calumpniantes
1114 1978 1362 2017 cognoscant
1413 1969 1523 2006 illam

149 2026 190 2058 30
205 2033 446 2072 potestatem
481 2024 629 2060 Christi
670 2025 898 2062 dimittendi
931 2036 1098 2075 peccata
1136 2027 1191 2064 ait
1224 2027 1436 2076 paralitico
1468 2027 1524 2064 sic

206 2094 296 2118 eum
330 2083 530 2118 sanando:
572 2084 702 2134 Surge
740 2092 776 2120 et
815 2084 996 2133 relinque
1029 2084 1240 2134 antiquum
1275 2085 1405 2123 cubile
1435 2098 1524 2134 pec-

205 2140 283 2176 cati
327 2140 385 2176 tui
429 2148 463 2176 et
508 2141 605 2177 vade
655 2142 691 2176 in
737 2143 891 2178 domum
937 2150 1056 2190 tuam,
1101 2143 1142 2179 in
1186 2145 1309 2180 domo
1354 2144 1525 2181 fideliter

204 2198 461 2246 quiescendo.
495 2198 547 2234 Et
578 2200 755 2236 surrexit
787 2201 1008 2237 humanum
1041 2213 1164 2249 genus
1198 2207 1411 2251 quotquot
1436 2215 1523 2250 pre·

204 2256 379 2292 ordinati
420 2265 511 2292 sunt
550 2258 599 2293 ad
636 2257 760 2294 vitam
800 2266 835 2294 et
872 2259 964 2294 abiit
1001 2260 1049 2295 ab
1094 2259 1344 2296 infidelitatis
1389 2273 1523 2297 errore

147 2322 187 2353 35
204 2323 241 2350 et
286 2314 433 2363 quievit
477 2314 517 2350 in
563 2315 653 2351 fidei
697 2315 875 2353 veritate.
922 2319 969 2352 Et
1014 2329 1058 2353 ex
1101 2317 1178 2353 isto
1219 2317 1416 2355 miraculo
1455 2318 1522 2354 alii

203 2371 422 2408 timuerunt
461 2381 498 2408 et
534 2373 857 2423 glorificaverunt
888 2375 1014 2411 Deum
1055 2376 1119 2424 qui
1155 2376 1260 2412 dedit
1291 2384 1520 2425 potestatem

203 2430 316 2466 talem
351 2429 511 2466 Christo
545 2439 582 2466 et
615 2433 737 2468 modo
770 2432 906 2481 aliquo
939 2434 1121 2469 membris
1152 2434 1243 2470 suis.

270 2585 300 2609 4.
321 2577 364 2602 A:
386 2576 577 2609 annuebant;
607 2577 647 2604 ib.
670 2578 691 2604 Β
714 2577 743 2604 in
765 2586 879 2614 marg:
907 2579 1052 2606 Paralisis
1078 2579 1151 2615 quid
1178 2581 1277 2619 signat
1304 2579 1334 2606 in
1356 2579 1519 2614 scriptura,

202 2611 272 2645 quia
295 2609 529 2637 {luctuacionem
552 2611 580 2638 in
603 2612 670 2638 side.
721 2621 747 2647 7.
762 2614 806 2640 A:
829 2614 1035 2641 humanorum
1056 2614 1256 2643 innaturalis:
1279 2614 1317 2641 C:
1340 2614 1518 2641 huiusmodi

202 2645 360 2671 naturalis.
459 2653 497 2672 12.
520 2646 540 2672 B
562 2646 590 2673 iu
614 2655 727 2679 marga
756 2647 907 2675 Lubricus
929 2649 1087 2683 paralitico
1109 2653 1318 2685 comparatur.
1411 2650 1451 2675 ιδ’.
1473 2650 1516 2676 Α;

202 2680 340 2706 membra
360 2696 393 2698 —
413 2680 483 2716 quia
504 2680 604 2713 ὠκεῖς
626 2681 665 2708 ib.
683 2674 727 2708 73:
749 2682 890 2717 dirigent.
964 2691 1011 2710 20.
1033 2684 1098 2712 ssC:
1120 2693 1238 2711 eorum.
1312 2684 1357 2710 28.
1380 2683 1445 2709 BC:
1469 2688 1517 2710 tua

202 2714 297 2741 deest.
371 2713 413 2741 1³2.
436 2715 501 2742 HC:
524 2715 566 2742 tui
588 2716 689 2743 deest:
718 2716 757 2743 ib.
779 2718 823 2744 A:
846 2717 874 2744 in
898 2718 971 2745 lieo.
1045 2718 1088 2746 35.
1114 2718 1178 2745 l'›C:
1201 2723 1227 2745 et
1249 2718 1343 2744 deest.

276 2819 324 2840 12.
358 2809 460 2840 Rom.
492 2811 533 2852 X,
566 2822 615 2842 ιο,
728 2823 780 2843 2⁷0.
810 2813 974 2855 Vulgate:
1013 2815 1159 2857 szfide
1181 2816 1250 2857 fiffi
1287 2818 1519 2850 remittuntur

201 2855 264 2886 tibi
282 2860 433 2896 peccata
461 2859 533 2887 tua.

1746 240 1821 287 337

1559 476 1626 504 Tm·
1649 486 1718 504 man
1741 479 1803 506 sick

1557 512 1590 538 of
1608 513 1657 539 tlie
1679 513 1764 548 pulsi*
1786 514 1810 539 is

1548 546 1596 572 llic
1614 547 1726 573 human
1746 556 1822 574 racc.
