2017 3353
8 516 16 521 a
3 185 18 494 ΜΝ.-

252 626 267 658 5

231 927 271 950 10

234 1207 269 1240 15

231 1785 270 1818 25

280 282 414 312 SERMO
436 270 545 328 xxx]
785 281 928 313 PRIMA
954 280 1080 312 PARS.

282 404 373 428 raro
412 400 547 427 tamen
586 389 629 425 fit
667 386 897 435 sompnium
932 385 1118 431 hominis,
1152 384 1227 421 nisi
1267 384 1335 420 fiat
1374 385 1421 419 de
1453 383 1596 419 visibili

283 450 390 498 quod
430 447 576 484 sorcius
616 445 757 482 ceteris
796 444 975 481 sensibus
1015 452 1071 480 est
1111 443 1364 491 impressum.
1419 441 1598 477 Sumitur

283 516 414 543 autem
441 518 576 542 sensus
599 516 704 540 nunc
726 516 799 551 pro
822 502 967 539 virtute
990 500 1189 546 sensitiva,
1222 512 1327 537 nunc
1351 512 1424 547 pro
1448 511 1599 546 organo

284 564 471 601 sensitivo
505 572 542 599 et
574 575 680 598 nunc
703 574 776 610 pro
800 569 892 597 actu
923 558 1138 596 senciendi.
1173 560 1227 594 Ex
1250 557 1335 594 istis
1360 566 1468 606 patet
1491 558 1600 605 quod

285 621 512 658 inordinata
546 619 733 668 evagacio
766 631 902 655 sensus
934 617 1040 654 risus
1074 625 1130 653 est
1163 615 1304 652 ceteris
1338 614 1601 663 periculosior

285 689 321 716 et
356 680 442 728 plus
476 678 701 714 distrahens
734 676 948 713 scienciam
983 676 1032 712 ab
1066 674 1133 710 illo
1169 675 1275 722 quod
1310 673 1419 721 prius
1455 686 1601 720 cogno-

284 747 424 783 sceret,
458 746 495 773 et
524 737 649 772 multo
675 735 800 783 magis
823 734 854 770 si
880 746 1016 770 sensus
1040 732 1090 769 sit
1110 732 1273 777 vetitus3
1307 732 1412 767 unde
1435 729 1601 767 Matthei

284 797 351 842 Ψ),
387 796 438 831 28
484 794 630 830 dicitur
668 795 777 842 quod
815 793 879 842 qui
916 791 1055 827 viderit
1093 791 1291 826 mulierem
1330 790 1382 825 ad
1425 789 1601 837 concupi-

285 854 464 890 scendam
489 865 571 888 eam
595 853 669 888 iam
695 851 892 887 mechatus
914 857 969 886 est
991 862 1075 885 eam
1099 849 1134 884 in
1157 849 1275 884 corde
1296 860 1376 883 suo.
1411 846 1600 883 Sensacio

287 911 413 948 eciam
441 909 698 946 mundialiter
723 907 1030 945 dominabilium
1054 908 1126 943 sub
1152 905 1295 942 maiori
1321 918 1423 953 pena
1447 904 1601 941 clericis

287 969 522 1017 prohibetur
545 977 581 1004 et
605 967 660 1004 sic
683 968 780 1003 illud
811 965 1084 1013 evangelicum
1108 963 1275 1001 Matthei
1298 965 1384 1009 V10‚
1410 973 1475 1008 22,
1510 962 1601 998 licet

286 1040 445 1064 sensum
485 1026 736 1062 subtiliorem
777 1024 973 1070 habuerit,
1018 1031 1150 1071 potest
1188 1021 1355 1069 intelligi
1396 1022 1444 1057 de
1482 1021 1600 1057 oculo

286 1085 501 1133 corporali.
518 1085 572 1129 Si,
587 1084 727 1132 inquit,
744 1084 876 1119 oculus
890 1090 977 1118 tuus
987 1081 1116 1130 fuerit
1130 1081 1311 1129 simplex,
1326 1087 1445 1115 totum
1461 1091 1603 1128 corpus

286 1152 390 1179 tuum
416 1143 583 1179 lucidum
607 1143 693 1189 erit,
726 1141 820 1190 quia
843 1140 873 1177 si
898 1152 1092 1188 organum
1119 1138 1234 1174 huius
1257 1150 1394 1174 sensus
1419 1136 1602 1173 habuerit

287 1201 463 1237 officium
506 1200 672 1248 simplex
716 1213 797 1236 non
837 1199 1092 1243 bifurcatum,
1133 1196 1342 1233 serviendo
1382 1194 1601 1231 intellectui

287 1259 388 1296 sicut
422 1261 551 1304 debet,
591 1271 672 1294 non
711 1257 877 1293 dubium
912 1255 1008 1305 quin
1047 1264 1175 1291 totum
1217 1266 1363 1302 corpus
1397 1253 1599 1289 residuum

288 1318 463 1354 lucidum
506 1326 562 1353 est
601 1316 757 1361 virtute,
798 1315 891 1363 quia
930 1314 1031 1350 sicut
1071 1322 1107 1349 et
1140 1312 1304 1349 virtutes
1342 1311 1398 1348 sic
1431 1320 1468 1347 et
1500 1310 1602 1347 vicia

287 1385 378 1412 sunt
411 1388 599 1411 connexa.
635 1376 682 1409 Et
716 1386 806 1409 cum
832 1382 1048 1420 utrumque
1081 1371 1130 1407 sit
1154 1369 1371 1406 subiective
1405 1369 1443 1405 in
1467 1369 1602 1405 anima

287 1447 362 1482 que
394 1446 474 1470 non
514 1441 644 1481 potest
683 1431 802 1468 simul
841 1429 1049 1466 informari
1083 1429 1185 1465 vicio
1225 1437 1261 1465 et
1294 1427 1452 1473 virtute,
1494 1436 1601 1475 patet

286 1493 395 1541 quod
434 1491 464 1528 si
504 1492 553 1527 ad
593 1503 751 1527 sensum
793 1489 943 1525 dictum
983 1488 1032 1524 sit
1065 1486 1301 1535 simplicitas
1335 1486 1374 1522 in
1406 1485 1504 1531 risu⁷
1545 1494 1602 1521 est

286 1550 410 1586 eciam
445 1548 682 1597 simplicitas
715 1548 756 1584 in
779 1547 959 1596 quolibet
991 1559 1143 1594 organo
1166 1544 1323 1581 virtutis
1355 1543 1499 1580 anime,
1534 1545 1603 1579 Est

286 1617 418 1644 autem
458 1606 695 1655 simplicitas
728 1606 767 1642 in
800 1618 965 1653 organo,
1006 1605 1167 1653 quando
1206 1603 1290 1639 sine
1330 1602 1434 1650 plica
1473 1601 1602 1649 dupli-

287 1666 417 1702 citatis
449 1666 510 1702 vel
543 1665 727 1701 falsitatis
761 1664 891 1712 ipsum
926 1662 1045 1699 servit
1078 1661 1211 1698 anime
1249 1673 1348 1709 pure
1380 1661 1600 1696 secundum

287 1724 490 1761 racionem
528 1736 607 1771 qua
639 1722 775 1759 anima
809 1721 928 1758 servit
964 1723 1060 1756 Deo.
1096 1721 1195 1756 Sunt
1224 1728 1357 1756 autem
1396 1720 1443 1754 de
1475 1717 1601 1754 oculis

287 1781 547 1819 auctoritates
571 1782 695 1817 multe
728 1779 925 1828 scripture
958 1778 1158 1815 sentencie
1190 1777 1281 1813 huic
1306 1789 1480 1813 consone
1504 1789 1602 1824 quas

287 1852 484 1889 suppono.

345 1899 551 1934 Secundus
584 1909 720 1933 sensus
754 1895 924 1932 exterior
963 1904 1021 1931 est
1059 1893 1219 1931 auditus
1252 1893 1319 1942 qui
1353 1901 1442 1940 post
1474 1891 1601 1928 visum

289 1965 345 1993 est
370 1954 596 2004 specialior,
631 1956 735 1991 unde
759 1954 856 1990 situs
880 1953 939 1989 sui
962 1952 1101 2001 organi
1126 1952 1206 1988 fere
1231 1951 1270 1988 in
1294 1952 1434 1987 eodem
1453 1950 1603 1986 circulo

288 2014 430 2063 capitis
465 2013 632 2050 existens
671 2026 761 2049 cum
801 2012 919 2048 oculo
954 2012 1072 2048 habet
1111 2010 1229 2046 situm
1264 2009 1390 2045 tribus
1425 2008 1604 2045 sensibus

230 2104 240 2107 -
289 2072 547 2121 sequentibus
563 2070 889 2116 eminenciorem,
916 2079 953 2106 et
977 2069 1079 2106 sicut
1102 2068 1225 2105 virtus
1250 2067 1425 2104 auditiva
1454 2065 1605 2103 excedit

288 2131 474 2167 virtutem
508 2129 687 2176 visivam,
721 2129 940 2165 secundum
975 2126 1253 2164 condicionem
1289 2125 1464 2174 aliquam
1491 2133 1605 2161 natu-

290 2190 427 2234 ralem,
473 2188 567 2236 quia
607 2200 649 2224 ex
687 2186 797 2223 omni
844 2187 966 2222 latere
1009 2184 1180 2234 percipit
1225 2197 1340 2220 suum
1386 2183 1603 2228 obiectum,

289 2246 460 2295 qualiter
497 2246 602 2282 visus
645 2259 727 2282 non
772 2244 932 2293 poterit,
978 2244 1034 2280 sic
1077 2244 1296 2279 secundum
1342 2241 1604 2290 philosophos

289 2305 447 2341 auditus
463 2317 532 2352 per
548 2303 732 2340 accidens
749 2304 835 2351 plus
851 2302 1010 2350 proficit
1026 2303 1075 2338 ad
1092 2300 1316 2337 doctrinam
1334 2309 1369 2336 et
1385 2301 1603 2336 secundum

258 2367 268 2372 ’
289 2363 526 2410 Apostolum
552 2362 648 2397 fides
672 2370 708 2397 et
731 2361 807 2397 alie
823 2360 987 2397 virtutes
1010 2373 1107 2408 quas
1129 2358 1443 2407 evangelizantes
1469 2357 1605 2405 impri—

292 2429 403 2456 munt
442 2429 532 2455 sunt
571 2419 826 2467 singulariter
866 2431 908 2455 ex
948 2418 1106 2458 auditu:
1147 2426 1183 2453 et
1223 2417 1325 2454 sicut
1364 2416 1402 2452 in
1443 2415 1606 2452 auribus

290 2487 381 2514 sunt
413 2478 643 2523 amfractus,
677 2490 725 2513 ne
759 2476 845 2513 soni
869 2476 1107 2513 excellencia
1132 2476 1352 2511 confundat
1385 2473 1603 2510 auditixam

359 2574 383 2593 2.
399 2568 442 2593 A:
464 2566 571 2592 ceteris
592 2566 691 2595 deest:
714 2565 753 2592 ib.
769 2566 797 2592 A
813 2566 841 2591 in
858 2573 970 2603 marg:
992 2565 1109 2593 Sensus
1130 2563 1278 2598 accipitur
1298 2563 1467 2598 tripliciter.
1489 2563 1605 2590 Sensus

291 2602 384 2628 xisus.
440 2610 469 2635 4.
490 2602 534 2627 A:
556 2606 583 2627 et
605 2609 670 2635 pro.
733 2599 756 2627 5.
777 2601 821 2627 A:
843 2605 950 2626 ceteris
971 2600 1064 2626 deest.
1127 2598 1155 2625 (ἃ.
1180 2598 1244 2625 ssC:
1267 2598 1446 2630 detrahens:
1477 2596 1516 2622 ib.
1540 2596 1604 2622 fflj:

291 2636 453 2662 scienciam
467 2636 560 2662 deest.
594 2643 619 2669 7.
632 2636 676 2661 A:
693 2635 790 2669 magis
803 2635 895 2661 deest.
929 2635 954 2661 S.
968 2635 1012 2661 A:
1029 2634 1186 2661 mulierem
1200 2638 1255 2660 etc.
1290 2641 1322 2660 ιι.
1336 2633 1380 2659 A:
1396 2630 1604 2665 evangelium:

290 2671 329 2697 ib.
348 2671 391 2697 A:
412 2670 536 2697 Matthei
553 2670 661 2697 xvlll.
701 2676 738 2696 12.
755 2669 795 2696 C:
818 2677 942 2695 sensum
959 2668 1167 2695 subtilitatem.
1208 2667 1245 2694 13.
1261 2668 1305 2695 A:
1328 2667 1425 2702 inquit
1442 2667 1542 2693 deest:
1564 2666 1604 2691 ib.

291 2706 356 2732 BC:
377 2710 448 2731 tuus
463 2704 563 2733 deest:
585 2704 624 2731 ib.
639 2705 683 2731 A:
704 2704 795 2730 fuerit
809 2708 864 2730 etc.
913 2711 954 2737 14.
969 2704 998 2730 A
1013 2703 1042 2730 in
1059 2711 1173 2738 marg:
1195 2703 1335 2737 simplex.
1386 2702 1424 2728 18.
1440 2701 1483 2727 A:
1505 2700 1605 2726 obiec-

290 2740 359 2767 tive.
399 2738 441 2766 23.
458 2739 524 2766 BC:
546 2743 612 2766 aut:
634 2740 663 2765 A
678 2739 706 2765 in
723 2746 836 2776 marg:
859 2738 1057 2773 simplicitas:
1079 2738 1118 2764 ib.
1136 2738 1158 2764 Β
1179 2738 1207 2765 in
1231 2745 1343 2771 marg:
1365 2735 1492 2763 Subtilis
1509 2735 1606 2760 decla-

292 2775 372 2801 racio
388 2775 411 2801 si
427 2774 534 2800 oculus
548 2778 619 2800 tuus
635 2774 765 2808 simplex
785 2772 884 2800 tuerit.
922 2780 966 2807 27.
982 2773 1010 2799 A
1024 2773 1053 2799 in
1071 2781 1183 2807 marg:
1205 2771 1349 2798 Auditus.
1389 2772 1433 2796 28.
1450 2770 1492 2796 A:
1516 2769 1606 2803 spiri-

291 2810 410 2836 tualior.
457 2807 503 2835 30.
518 2810 562 2835 A:
585 2813 779 2843 sequentem:
801 2807 840 2833 ib.
858 2807 924 2834 BC:
945 2807 1140 2834 eminentem.
1187 2805 1225 2834 31.
1241 2807 1285 2833 A:
1307 2806 1449 2831 visntam.
1498 2804 1543 2837 34.
1561 2805 1604 2830 A:

292 2844 416 2878 perlicit.
460 2842 503 2875 35,
516 2842 563 2870 36.
575 2844 620 2870 A:
636 2851 728 2878 quarn
744 2847 959 2869 enumerantes
975 2863 981 2869 .
996 2863 1001 2868 .
1016 2863 1021 2868 .
1036 2863 1041 2868 .
1059 2846 1129 2868 sunt
1144 2841 1334 2876 simpliciter.
1379 2839 1422 2874 37.
1438 2839 1477 2865 (jz
1501 2846 1605 2865 sonus.

362 2903 414 2936 35.
442 2905 544 2935 Rom.
573 2904 614 2944 X,
640 2915 688 2946 ¹7·

1806 271 1881 307 205

1649 438 1763 465 Misusc
1785 439 1818 466 os
1836 439 1854 465 it

1615 482 1698 499 inore
1714 474 1887 508 dangerous

1654 508 1726 534 than
1747 509 1781 535 ot
1798 510 1847 536 the

1641 542 1728 569 other
1749 552 1864 570 seiises.

1652 1889 1720 1917 The
1741 1889 1853 1928 second

1689 1933 1776 1951 sense
1798 1933 1823 1951 is

1690 1960 1825 1994 bearing.
