2017 3353
140 331 211 365 162

183 439 304 472 hunger
324 436 359 463 of

200 473 343 500 idleness.

715 327 938 363 JOHANNIS
958 323 1143 360 wchF
1163 322 1427 357 SERMONUM
1452 304 1603 365 [SERMO
1625 315 1734 344 xxw.

480 439 593 475 Unde
626 436 758 473 ocium
794 444 849 471 est
882 446 961 470 una
994 444 1113 469 causa
1146 443 1268 480 quare
1298 427 1504 466 Sodomite
1544 435 1581 463 et
1612 424 1738 462 nostri

424 495 557 533 clerici
595 504 685 531 sunt
724 491 889 530 seducti.
932 490 1110 527 Primum
1149 497 1258 538 patet
1290 485 1507 524 Ezechielis
1539 485 1659 529 XV10,
1701 491 1738 519 et

424 555 645 591 secundum
690 560 799 600 patet
844 563 866 587 a
910 558 1091 597 ternpore
1136 560 1216 596 quo
1261 545 1394 583 clerici
1434 551 1524 580 sunt
1563 555 1584 579 a
1624 540 1738 577 mini-

425 612 546 649 sterio
592 609 816 660 apostolico
866 606 1000 644 ociati.
1054 606 1168 642 Unde
1211 604 1390 653 sequitur
1442 602 1483 638 in
1536 598 1739 648 evangelio

426 669 552 707 Marci
585 669 693 718 quod
727 667 830 704 dicte
871 664 1058 702 mulieres
1097 663 1209 700 valde
1246 674 1355 698 mane
1386 660 1518 709 primo
1557 657 1619 694 die
1652 660 1774 705 post5

427 729 652 773 sabbatum,
699 727 774 762 hoc
819 733 876 761 est
921 722 983 759 die
1029 720 1246 766 dominico,
1294 726 1477 756 venerunt
1521 717 1572 753 ad
1610 727 1741 751 monu-

428 794 595 823 mentum
635 785 739 821 circa
779 790 906 819 ortum
946 781 1049 817 solis.
1091 780 1168 816 Sed
1202 778 1445 815 musitabant
1485 775 1525 811 in
1562 773 1625 811 via
1663 772 1745 822 quis

429 845 481 881 eis
519 843 735 880 revolveret
773 840 939 890 lapidem
979 839 1025 874 ab
1064 838 1158 874 ostio
1196 835 1439 873 monumenti.
1473 835 1578 869 Deus
1610 840 1745 868 tamen

429 900 609 951 precepit
641 900 796 948 angelo,
841 907 884 934 ut
924 897 1054 946 ipsum
1097 895 1327 940 revolveret,
1371 905 1451 929 non
1479 900 1522 928 ut
1564 889 1745 927 Christus

429 968 563 1009 posset
602 957 748 1007 egredi,
797 969 888 993 cum
933 954 1048 992 exivit
1093 955 1139 989 de
1182 961 1296 989 utero
1336 952 1471 988 clauso
1508 947 1670 996 virginis
1709 954 1804 983 etio

144 1018 227 1047 ΨΜ
254 1017 303 1044 the
330 1017 594 1055 >1011eintravit
644 1018 695 1053 ad
745 1014 950 1063 apostolos
1001 1011 1129 1049 ianuis
1180 1009 1336 1056 clausis,
1389 1009 1457 1045 sed
1507 1016 1549 1043 ut
1599 1013 1747 1042 terreat

190 1050 254 1079 sias
275 1050 369 1079 rolled

233 1095 329 1122 away.

193 2015 278 2051 Why
298 2013 402 2042 Christ

176 2049 327 2086 appeared
349 2048 415 2075 first

172 2091 201 2113 to
222 2085 271 2112 the
291 2090 422 2110 women.

435 1076 619 1113 custodes
673 1075 731 1122 (ut
782 1072 927 1109 dicitur
972 1069 1138 1107 Matthei
1183 1068 1340 1113 ultimo)
1393 1075 1429 1103 et
1481 1074 1523 1101 ut
1574 1062 1749 1101 ostendit

433 1133 675 1170 vacuitatem
720 1129 892 1179 sepulcri
934 1138 971 1166 et
1015 1128 1070 1164 sic
1115 1126 1317 1164 Christum
1362 1133 1478 1161 antea
1522 1121 1747 1159 surrexisse.

435 1192 487 1228 Et
536 1192 769 1227 introeuntes
819 1187 1004 1224 mulieres
1053 1186 1088 1222 in
1133 1191 1416 1221 monumentum
1463 1182 1640 1217 viderunt
1682 1191 1749 1214 an-

436 1250 566 1301 gelum
612 1249 647 1284 in
691 1249 832 1297 forma
877 1245 1021 1282 iuvenis
1066 1251 1166 1280 veste
1211 1242 1374 1279 candida
1419 1240 1591 1275 indutum
1631 1244 1665 1274 et
1704 1237 1807 1272 de15

435 1307 634 1345 vacuitate
666 1304 837 1354 sepulcri
870 1316 915 1341 ac
938 1301 1123 1340 absencia
1146 1300 1326 1349 corporis
1350 1296 1541 1335 dominici
1573 1296 1752 1345 obstupu-

438 1373 560 1403 erunt.
624 1366 701 1401 Sed
753 1363 914 1411 angelus
980 1359 1074 1397 boni
1128 1358 1263 1395 nuncii
1315 1369 1426 1393 more
1468 1353 1753 1392 contrariando

440 1424 602 1460 diabolo
640 1421 840 1471 predictas
879 1418 1046 1456 feminas
1085 1417 1386 1454 consolabatur:
1426 1413 1568 1460 Nolite,
1611 1409 1753 1459 inquit,

440 1493 711 1531 expavescere,
743 1479 837 1528 quia
870 1491 960 1514 cum
991 1477 1120 1513 Jesum
1145 1474 1302 1524 queritis
1324 1474 1588 1525 Nazarenum,
1621 1467 1754 1506 sciatis

441 1541 549 1588 quod
571 1538 760 1584 surrexit,
794 1549 884 1573 cum
914 1548 986 1571 non
1018 1535 1066 1571 sit
1098 1534 1158 1569 hic
1191 1533 1312 1569 modo
1346 1528 1622 1578 corporaliter.
1655 1527 1756 1562 Ecce
1772 1538 1813 1560 20

442 1598 516 1634 loci
558 1597 740 1643 vacuitas,
784 1595 847 1631 ubi
887 1605 1029 1643 corpus
1060 1591 1219 1628 Domini
1254 1589 1491 1640 ponebam&
1526 1586 1594 1623 sed
1631 1586 1679 1621 ite
1722 1591 1757 1620 et

443 1656 555 1692 dicite
588 1654 786 1704 discipulis
824 1652 971 1688 Christi
1001 1649 1238 1698 generaliter
1275 1648 1343 1684 sed
1374 1647 1490 1682 Petro
1530 1642 1756 1692 specialiter

443 1714 528 1763 quia
556 1713 739 1763 precedet
773 1723 838 1747 vos
877 1710 912 1746 in
951 1709 1153 1745 Galileam.
1189 1708 1306 1743 Petro
1345 1713 1477 1742 autem
1517 1701 1755 1750 specialiter,

444 1785 492 1808 ne
525 1779 691 1820 propter
723 1767 983 1817 negacionem
1017 1774 1217 1802 recentem
1242 1762 1405 1800 Domini
1438 1763 1667 1809 desperaret
1690 1758 1758 1794 sed

446 1841 659 1866 conversus
692 1829 741 1864 ad
776 1827 895 1863 fidem
929 1837 1021 1861 oves
1055 1824 1230 1872 quadam
1262 1819 1540 1870 peculiaritate
1573 1816 1648 1854 sibi
1680 1825 1759 1852 tra-
1775 1819 1815 1852 25

446 1887 547 1924 ditas
592 1898 710 1935 super
755 1884 853 1922 alios
893 1883 1150 1920 confirmaret
1190 1883 1247 1927 (ut
1285 1887 1394 1928 patet
1433 1879 1538 1914 Luce
1576 1876 1677 1911 XXII
1724 1881 1761 1910 et

443 1945 635 1982 Johannis
667 1943 842 1991 ultimo).

504 2004 581 2040 Sed
626 2014 761 2038 sensus
807 1999 985 2036 misticus
1030 1999 1173 2034 horum
1218 1997 1431 2033 verborum
1474 1993 1630 2029 videtur
1681 2002 1763 2026 esse

447 2061 675 2110 gravidatus
715 2058 935 2104 sentencia3
976 2056 1107 2106 primo
1146 2054 1307 2103 quidem
1347 2049 1545 2089 ordinavit
1584 2048 1764 2085 Christus

450 2121 557 2168 quod
602 2118 748 2155 sanctis
800 2115 1033 2153 mulieribus
1083 2120 1308 2161 appareret,
1360 2109 1453 2158 quia
1498 2110 1640 2144 decens
1692 2105 1764 2141 fuit
1782 2109 1822 2140 30

451 2178 557 2226 quod
592 2175 798 2224 apparicio
833 2187 911 2223 qua
943 2173 1074 2222 primo
1109 2169 1227 2207 matri
1260 2167 1447 2217 apparuit
1477 2172 1766 2213 consequenter

451 2248 521 2284 per
565 2234 662 2271 alias
707 2232 875 2270 feminas
920 2233 969 2268 ad
1015 2228 1223 2267 ecclesiam
1269 2225 1506 2275 perveniret,
1553 2224 1620 2259 sed
1665 2221 1766 2257 sicut

453 2293 536 2341 ipse
580 2305 661 2328 non
704 2291 745 2327 in
790 2291 866 2326 fide
910 2290 1200 2325 fluctuaverant
1237 2285 1343 2321 velut
1388 2281 1572 2331 apostoli,
1617 2279 1672 2315 sic
1717 2279 1767 2315 ad

455 2349 797 2387 confortacionem
822 2360 933 2384 sexus
958 2348 1087 2383 forent
1112 2344 1203 2380 fidei
1229 2341 1452 2379 delatrices.
1477 2341 1524 2376 Et
1547 2338 1766 2375 secundum

455 2410 616 2445 beatum
656 2405 892 2455 Gregorium
939 2403 1146 2441 moraliter
1195 2401 1390 2437 Christum
1435 2398 1628 2448 querimus
1678 2407 1767 2431 cum
1785 2397 1825 2429 35

457 2466 542 2503 istis
586 2464 756 2510 feminis,
800 2464 834 2500 si
876 2476 965 2500 cum
1010 2462 1086 2498 fide
1126 2457 1325 2496 constanti
1363 2458 1483 2494 odore
1521 2455 1703 2491 virtutum
1737 2459 1772 2488 et

531 2609 550 2628 1.
572 2601 617 2628 A:
639 2607 731 2626 eausa
752 2607 821 2633 qua.
920 2604 946 2623 2.
969 2595 1008 2623 C:
1031 2594 1141 2622 XVIII.
1241 2592 1265 2620 5.
1286 2592 1330 2619 A:
1352 2590 1452 2626 prima
1472 2590 1530 2617 die.
1630 2596 1655 2623 7.
1676 2588 1720 2614 A:
1743 2590 1773 2613 ut

460 2636 556 2669 circa:
583 2635 623 2662 ib.
644 2634 791 2668 Vulgate:
824 2634 892 2659 orto
913 2631 973 2658 iam
992 2630 1066 2656 sole.
1157 2629 1184 2655 ὅ,
1206 2629 1249 2654 A:
1272 2626 1374 2654 hostio
1395 2629 1450 2652 etc.
1541 2633 1569 2659 ι).
1591 2623 1634 2650 A:
1657 2626 1688 2649 ut
1708 2621 1773 2656 ipse

462 2671 558 2698 illum.
679 2676 718 2695 12.
738 2668 783 2695 A:
805 2671 834 2694 ut
858 2666 958 2697 deest;
980 2664 1042 2691 BC:
1072 2668 1099 2690 et
1121 2663 1213 2690 deest.
1335 2660 1373 2688 13.
1393 2660 1437 2687 A:
1459 2658 1616 2686 Christum
1637 2656 1774 2690 sequitur

462 2706 587 2734 lacuna:
611 2704 650 2731 ib.
672 2707 759 2730 antea
780 2701 873 2728 deest.
943 2708 984 2733 14.
1007 2698 1123 2726 Codd.:
1144 2697 1181 2724 Et
1201 2697 1300 2724 deest:
1322 2695 1387 2722 BC:
1408 2694 1479 2723 Sed.
1547 2701 1593 2724 20.
1609 2700 1647 2719 21.
1664 2690 1771 2725 Vulg.:

462 2739 542 2767 Ecce
560 2739 654 2772 locus,
681 2737 735 2765 ubi
753 2738 923 2772 posuerunt
948 2742 1023 2761 cum.
1108 2731 1150 2759 23.
1172 2732 1216 2758 A:
1238 2729 1381 2766 procedet
1400 2733 1472 2761 etc.;
1494 2727 1534 2755 ib.
1554 2728 1599 2754 A:
1620 2734 1691 2752 vero
1713 2723 1773 2758 spi-

464 2774 620 2801 ritualiter.
703 2779 749 2805 24.
771 2772 814 2798 A:
837 2770 888 2796 diu
909 2769 1094 2803 desperaret.
1177 2766 1220 2793 25.
1241 2766 1285 2792 A:
1308 2764 1364 2791 sibi
1385 2763 1478 2791 deest.
1557 2761 1604 2789 26.
1625 2761 1668 2788 A:
1690 2758 1774 2786 XXII

463 2809 556 2836 deest.
671 2814 715 2842 27.
735 2807 780 2833 A:
801 2803 949 2831 Johannis
970 2803 1063 2829 deest.
1190 2800 1235 2828 28.
1251 2801 1278 2827 A
1298 2799 1329 2826 in
1350 2806 1463 2832 marg:
1485 2797 1602 2825 Sensus
1622 2794 1772 2822 misticus.

463 2843 502 2871 31.
524 2843 563 2870 B:
586 2842 657 2878 quia
677 2840 778 2877 quod;
799 2840 840 2867 ib.
860 2839 907 2866 A:
929 2836 1089 2873 aspericio.
1162 2834 1206 2863 32.
1226 2835 1270 2862 A:
1294 2838 1324 2861 ut
1344 2833 1431 2860 sicut.

538 2949 589 2983 35.
619 2949 672 2981 Cf.
699 2946 858 2990 Gregorii
887 2945 921 2977 in
947 2944 1011 2977 Ev.
1037 2943 1096 2975 lib.
1124 2943 1161 2975 11.
1189 2942 1292 2974 Hom.
1310 2937 1654 2982 XX1.0pp.tom.1‚
1679 2933 1774 2968 1526.
