<?xml version="1.0" encoding="UTF-8"?>
<!DOCTYPE html PUBLIC "-//W3C//DTD XHTML 1.0 Transitional//EN"
    "http://www.w3.org/TR/xhtml1/DTD/xhtml1-transitional.dtd">
<html xmlns="http://www.w3.org/1999/xhtml" xml:lang="en" lang="en">
 <head>
  <title>
</title>
<meta http-equiv="Content-Type" content="text/html;charset=utf-8" />
  <meta name='ocr-system' content='tesseract 3.04.00' />
  <meta name='ocr-capabilities' content='ocr_page ocr_carea ocr_par ocr_line ocrx_word'/>
</head>
<body>
  <div class='ocr_page' id='page_1' title='image "./iohanniswyclifse0701wycl_0197.png"; bbox 0 0 2017 3353; ppageno 0'>
   <div class='ocr_carea' id='block_1_1' title="bbox 268 265 1864 329">
    <p class='ocr_par' dir='ltr' id='par_1_1' title="bbox 268 265 1864 329">
     <span class='ocr_line' id='line_1_1' title="bbox 268 265 1864 329; baseline 0.018 -28"><span class='ocrx_word' id='word_1_1' title='bbox 268 274 403 303; x_wconf 65' lang='lat' dir='ltr'><strong>sumo</strong></span> <span class='ocrx_word' id='word_1_2' title='bbox 426 265 521 324; x_wconf 60' lang='lat' dir='ltr'><strong>xxi]</strong></span> <span class='ocrx_word' id='word_1_3' title='bbox 775 282 914 315; x_wconf 76' lang='lat' dir='ltr'>PR1MA</span> <span class='ocrx_word' id='word_1_4' title='bbox 940 283 1065 316; x_wconf 82' lang='lat' dir='ltr'><strong>PARs.</strong></span> <span class='ocrx_word' id='word_1_5' title='bbox 1794 284 1864 329; x_wconf 80' lang='lat'><strong>145</strong></span> 
     </span>
    </p>
   </div>
   <div class='ocr_carea' id='block_1_2' title="bbox 189 386 1868 2418">
    <p class='ocr_par' dir='ltr' id='par_1_2' title="bbox 189 386 1868 2418">
     <span class='ocr_line' id='line_1_2' title="bbox 266 386 1580 436; baseline 0.007 -15"><span class='ocrx_word' id='word_1_6' title='bbox 266 387 373 426; x_wconf 79' lang='lat' dir='ltr'><strong>dato,</strong></span> <span class='ocrx_word' id='word_1_7' title='bbox 407 386 572 423; x_wconf 82' lang='lat' dir='ltr'><strong>offendit</strong></span> <span class='ocrx_word' id='word_1_8' title='bbox 605 387 645 422; x_wconf 89' lang='lat' dir='ltr'><strong>in</strong></span> <span class='ocrx_word' id='word_1_9' title='bbox 679 388 856 436; x_wconf 88' lang='lat' dir='ltr'><strong>quolibet</strong></span> <span class='ocrx_word' id='word_1_10' title='bbox 890 398 926 426; x_wconf 88' lang='lat' dir='ltr'><strong>et</strong></span> <span class='ocrx_word' id='word_1_11' title='bbox 960 403 979 426; x_wconf 88' lang='lat' dir='ltr'><strong>e</strong></span> <span class='ocrx_word' id='word_1_12' title='bbox 1012 403 1217 427; x_wconf 82' lang='lat' dir='ltr'><strong>converso.</strong></span> <span class='ocrx_word' id='word_1_13' title='bbox 1252 394 1299 427; x_wconf 84' lang='lat' dir='ltr'><strong>Et</strong></span> <span class='ocrx_word' id='word_1_14' title='bbox 1332 394 1451 429; x_wconf 81' lang='lat' dir='ltr'><strong>talem</strong></span> <span class='ocrx_word' id='word_1_15' title='bbox 1478 395 1580 430; x_wconf 81' lang='lat' dir='ltr'><strong>radi-</strong></span> 
     </span>
     <span class='ocr_line' id='line_1_3' title="bbox 266 445 1580 498; baseline 0.006 -18"><span class='ocrx_word' id='word_1_16' title='bbox 266 456 350 480; x_wconf 85' lang='lat' dir='ltr'><strong>cem</strong></span> <span class='ocrx_word' id='word_1_17' title='bbox 376 445 568 492; x_wconf 78' lang='lat' dir='ltr'><strong>peccandi</strong></span> <span class='ocrx_word' id='word_1_18' title='bbox 592 455 751 493; x_wconf 85' lang='lat' dir='ltr'><strong>oportet</strong></span> <span class='ocrx_word' id='word_1_19' title='bbox 777 446 933 484; x_wconf 88' lang='lat' dir='ltr'><strong>fidelem</strong></span> <span class='ocrx_word' id='word_1_20' title='bbox 960 450 1166 497; x_wconf 78' lang='lat' dir='ltr'><strong>expellere,</strong></span> <span class='ocrx_word' id='word_1_21' title='bbox 1199 449 1292 498; x_wconf 86' lang='lat' dir='ltr'><strong>quia</strong></span> <span class='ocrx_word' id='word_1_22' title='bbox 1316 450 1418 487; x_wconf 88' lang='lat' dir='ltr'><strong>inter</strong></span> <span class='ocrx_word' id='word_1_23' title='bbox 1441 464 1580 489; x_wconf 87' lang='lat' dir='ltr'><strong>omnes</strong></span> 
     </span>
     <span class='ocr_line' id='line_1_4' title="bbox 265 503 1580 556; baseline 0.006 -18"><span class='ocrx_word' id='word_1_24' title='bbox 265 503 439 539; x_wconf 79' lang='lat' dir='ltr'><strong>cautelas</strong></span> <span class='ocrx_word' id='word_1_25' title='bbox 473 503 622 540; x_wconf 79' lang='lat' dir='ltr'><strong>diaboli</strong></span> <span class='ocrx_word' id='word_1_26' title='bbox 657 505 727 541; x_wconf 90' lang='lat' dir='ltr'><strong>hec</strong></span> <span class='ocrx_word' id='word_1_27' title='bbox 761 515 817 541; x_wconf 90' lang='lat' dir='ltr'><strong>est</strong></span> <span class='ocrx_word' id='word_1_28' title='bbox 852 506 957 542; x_wconf 85' lang='lat' dir='ltr'><strong>fideli</strong></span> <span class='ocrx_word' id='word_1_29' title='bbox 992 507 1241 554; x_wconf 84' lang='lat' dir='ltr'><strong>prestancior</strong></span> <span class='ocrx_word' id='word_1_30' title='bbox 1271 511 1377 556; x_wconf 89' lang='lat' dir='ltr'><strong>quod</strong></span> <span class='ocrx_word' id='word_1_31' title='bbox 1403 510 1580 547; x_wconf 81' lang='lat' dir='ltr'><strong>destruat</strong></span> 
     </span>
     <span class='ocr_line' id='line_1_5' title="bbox 265 560 1580 610; baseline 0.006 -14"><span class='ocrx_word' id='word_1_32' title='bbox 265 560 417 607; x_wconf 80' lang='lat' dir='ltr'><strong>peccati</strong></span> <span class='ocrx_word' id='word_1_33' title='bbox 451 562 826 610; x_wconf 82' lang='lat' dir='ltr'><strong>concupiscenciam</strong></span> <span class='ocrx_word' id='word_1_34' title='bbox 869 563 907 599; x_wconf 88' lang='lat' dir='ltr'><strong>in</strong></span> <span class='ocrx_word' id='word_1_35' title='bbox 946 564 1092 602; x_wconf 80' lang='lat' dir='ltr'><strong>radice.</strong></span> <span class='ocrx_word' id='word_1_36' title='bbox 1148 567 1261 603; x_wconf 83' lang='lat' dir='ltr'><strong>Unde</strong></span> <span class='ocrx_word' id='word_1_37' title='bbox 1301 566 1404 603; x_wconf 87' lang='lat' dir='ltr'><strong>inter</strong></span> <span class='ocrx_word' id='word_1_38' title='bbox 1442 568 1580 605; x_wconf 81' lang='lat' dir='ltr'><strong>omnia</strong></span> 
     </span>
     <span class='ocr_line' id='line_1_6' title="bbox 229 618 1580 672; baseline 0.007 -19"><span class='ocrx_word' id='word_1_39' title='bbox 229 618 439 656; x_wconf 83' lang='lat' dir='ltr'><strong>5remedia</strong></span> <span class='ocrx_word' id='word_1_40' title='bbox 478 633 554 668; x_wconf 89' lang='lat' dir='ltr'><strong>que</strong></span> <span class='ocrx_word' id='word_1_41' title='bbox 593 634 784 669; x_wconf 81' lang='lat' dir='ltr'><strong>umquam</strong></span> <span class='ocrx_word' id='word_1_42' title='bbox 825 621 945 658; x_wconf 90' lang='lat' dir='ltr'><strong>didici</strong></span> <span class='ocrx_word' id='word_1_43' title='bbox 985 632 1126 660; x_wconf 80' lang='lat' dir='ltr'><strong>contra</strong></span> <span class='ocrx_word' id='word_1_44' title='bbox 1164 633 1373 672; x_wconf 84' lang='lat' dir='ltr'><strong>peccatum</strong></span> <span class='ocrx_word' id='word_1_45' title='bbox 1414 626 1489 662; x_wconf 93' lang='lat' dir='ltr'><strong>hoc</strong></span> <span class='ocrx_word' id='word_1_46' title='bbox 1523 636 1580 663; x_wconf 90' lang='lat' dir='ltr'><strong>est</strong></span> 
     </span>
     <span class='ocr_line' id='line_1_7' title="bbox 262 677 1868 733; baseline 0.007 -22"><span class='ocrx_word' id='word_1_47' title='bbox 262 677 445 713; x_wconf 84' lang='lat' dir='ltr'><strong>subtilius</strong></span> <span class='ocrx_word' id='word_1_48' title='bbox 496 687 616 727; x_wconf 84' lang='lat' dir='ltr'><strong>atque</strong></span> <span class='ocrx_word' id='word_1_49' title='bbox 659 679 869 725; x_wconf 79' lang='lat' dir='ltr'>salubrius,</span> <span class='ocrx_word' id='word_1_50' title='bbox 923 682 1029 729; x_wconf 90' lang='lat' dir='ltr'><strong>quod</strong></span> <span class='ocrx_word' id='word_1_51' title='bbox 1085 683 1207 718; x_wconf 92' lang='lat' dir='ltr'><strong>homo</strong></span> <span class='ocrx_word' id='word_1_52' title='bbox 1258 696 1395 731; x_wconf 84' lang='lat' dir='ltr'><strong>sospes</strong></span> <span class='ocrx_word' id='word_1_53' title='bbox 1448 693 1484 720; x_wconf 90' lang='lat' dir='ltr'><strong>et</strong></span> <span class='ocrx_word' id='word_1_54' title='bbox 1536 690 1868 733; x_wconf 59' lang='lat' dir='ltr'><strong>exThtjbestremedy</strong></span> 
     </span>
     <span class='ocr_line' id='line_1_8' title="bbox 262 729 1867 790; baseline 0.006 -20"><span class='ocrx_word' id='word_1_55' title='bbox 262 747 396 771; x_wconf 83' lang='lat' dir='ltr'><strong>errore</strong></span> <span class='ocrx_word' id='word_1_56' title='bbox 435 749 580 773; x_wconf 75' lang='lat' dir='ltr'><strong>vacans</strong></span> <span class='ocrx_word' id='word_1_57' title='bbox 624 750 646 773; x_wconf 85' lang='lat' dir='ltr'>a</span> <span class='ocrx_word' id='word_1_58' title='bbox 681 737 930 786; x_wconf 78' lang='lat' dir='ltr'><strong>cogitacione</strong></span> <span class='ocrx_word' id='word_1_59' title='bbox 969 740 1016 775; x_wconf 90' lang='lat' dir='ltr'><strong>de</strong></span> <span class='ocrx_word' id='word_1_60' title='bbox 1050 740 1226 777; x_wconf 93' lang='lat' dir='ltr'><strong>Domino</strong></span> <span class='ocrx_word' id='word_1_61' title='bbox 1266 750 1302 777; x_wconf 87' lang='lat' dir='ltr'><strong>et</strong></span> <span class='ocrx_word' id='word_1_62' title='bbox 1335 741 1480 778; x_wconf 87' lang='lat' dir='ltr'><strong>virtute</strong></span> <span class='ocrx_word' id='word_1_63' title='bbox 1513 729 1867 790; x_wconf 40' lang='lat' dir='ltr'><strong>tle—‘bigssflffllusssffssj‘</strong></span> 
     </span>
     <span class='ocr_line' id='line_1_9' title="bbox 261 792 1855 860; baseline 0.007 -33"><span class='ocrx_word' id='word_1_64' title='bbox 261 792 407 839; x_wconf 78' lang='lat' dir='ltr'><strong>primat</strong></span> <span class='ocrx_word' id='word_1_65' title='bbox 451 807 532 830; x_wconf 91' lang='lat' dir='ltr'><strong>non</strong></span> <span class='ocrx_word' id='word_1_66' title='bbox 577 795 706 831; x_wconf 83' lang='lat' dir='ltr'><strong>solum</strong></span> <span class='ocrx_word' id='word_1_67' title='bbox 753 796 1105 845; x_wconf 79' lang='lat' dir='ltr'><strong>concupiscencias</strong></span> <span class='ocrx_word' id='word_1_68' title='bbox 1149 799 1247 835; x_wconf 81' lang='lat' dir='ltr'><strong>tales</strong></span> <span class='ocrx_word' id='word_1_69' title='bbox 1292 798 1463 846; x_wconf 80' lang='lat' dir='ltr'><strong>illicitas,</strong></span> <span class='ocrx_word' id='word_1_70' title='bbox 1509 801 1576 836; x_wconf 83' lang='lat' dir='ltr'><strong>sed</strong></span> <span class='ocrx_word' id='word_1_71' title='bbox 1595 797 1855 860; x_wconf 45' lang='lat' dir='ltr'><strong>Gggffssffi‘jilf&#39;t&#39;l&#39;w</strong></span> 
     </span>
     <span class='ocr_line' id='line_1_10' title="bbox 260 850 1865 904; baseline 0.006 -18"><span class='ocrx_word' id='word_1_72' title='bbox 260 850 529 898; x_wconf 79' lang='lat' dir='ltr'><strong>cogitaciones</strong></span> <span class='ocrx_word' id='word_1_73' title='bbox 568 854 791 901; x_wconf 82' lang='lat' dir='ltr'><strong>superfluas</strong></span> <span class='ocrx_word' id='word_1_74' title='bbox 830 868 906 903; x_wconf 89' lang='lat' dir='ltr'><strong>que</strong></span> <span class='ocrx_word' id='word_1_75' title='bbox 946 865 1173 904; x_wconf 80' lang='lat' dir='ltr'><strong>surrepunt,</strong></span> <span class='ocrx_word' id='word_1_76' title='bbox 1214 866 1255 893; x_wconf 91' lang='lat' dir='ltr'><strong>ut</strong></span> <span class='ocrx_word' id='word_1_77' title='bbox 1294 870 1367 894; x_wconf 87' lang='lat' dir='ltr'><strong>nec</strong></span> <span class='ocrx_word' id='word_1_78' title='bbox 1406 857 1445 894; x_wconf 92' lang='lat' dir='ltr'><strong>in</strong></span> <span class='ocrx_word' id='word_1_79' title='bbox 1485 871 1578 895; x_wconf 89' lang='lat' dir='ltr'><strong>con-</strong></span> <span class='ocrx_word' id='word_1_80' title='bbox 1682 850 1689 858; x_wconf 39' lang='grc' dir='ltr'>ι</span> <span class='ocrx_word' id='word_1_81' title='bbox 1860 854 1865 858; x_wconf 62' lang='grc'><strong>”</strong></span> 
     </span>
     <span class='ocr_line' id='line_1_11' title="bbox 206 910 1577 964; baseline 0.006 -20"><span class='ocrx_word' id='word_1_82' title='bbox 206 916 244 939; x_wconf 89' lang='lat'><strong>10</strong></span> <span class='ocrx_word' id='word_1_83' title='bbox 258 910 468 946; x_wconf 86' lang='lat' dir='ltr'><strong>suetudine</strong></span> <span class='ocrx_word' id='word_1_84' title='bbox 501 911 634 948; x_wconf 80' lang='lat' dir='ltr'><strong>anime</strong></span> <span class='ocrx_word' id='word_1_85' title='bbox 668 912 905 960; x_wconf 87' lang='lat' dir='ltr'><strong>profundius</strong></span> <span class='ocrx_word' id='word_1_86' title='bbox 939 913 1157 950; x_wconf 76' lang='lat' dir='ltr'><strong>dilatentur</strong></span> <span class='ocrx_word' id='word_1_87' title='bbox 1189 928 1262 951; x_wconf 88' lang='lat' dir='ltr'><strong>nec</strong></span> <span class='ocrx_word' id='word_1_88' title='bbox 1300 915 1340 951; x_wconf 88' lang='lat' dir='ltr'><strong>in</strong></span> <span class='ocrx_word' id='word_1_89' title='bbox 1380 929 1479 964; x_wconf 90' lang='lat' dir='ltr'><strong>opus</strong></span> <span class='ocrx_word' id='word_1_90' title='bbox 1520 916 1577 952; x_wconf 89' lang='lat' dir='ltr'><strong>in-</strong></span> 
     </span>
     <span class='ocr_line' id='line_1_12' title="bbox 258 967 1575 1018; baseline 0.007 -16"><span class='ocrx_word' id='word_1_91' title='bbox 258 967 487 1004; x_wconf 81' lang='lat' dir='ltr'><strong>ordinatum</strong></span> <span class='ocrx_word' id='word_1_92' title='bbox 530 969 754 1018; x_wconf 82' lang='lat' dir='ltr'>prosiliant.</span> <span class='ocrx_word' id='word_1_93' title='bbox 801 972 849 1007; x_wconf 82' lang='lat' dir='ltr'><strong>Et</strong></span> <span class='ocrx_word' id='word_1_94' title='bbox 887 971 962 1008; x_wconf 84' lang='lat' dir='ltr'><strong>ista</strong></span> <span class='ocrx_word' id='word_1_95' title='bbox 1000 971 1157 1009; x_wconf 72' lang='lat' dir='ltr'><strong>videtur</strong></span> <span class='ocrx_word' id='word_1_96' title='bbox 1189 973 1394 1010; x_wconf 82' lang='lat' dir='ltr'><strong>sentencia</strong></span> <span class='ocrx_word' id='word_1_97' title='bbox 1428 974 1575 1011; x_wconf 77' lang='lat' dir='ltr'><strong>Psalmi</strong></span> 
     </span>
     <span class='ocr_line' id='line_1_13' title="bbox 256 1025 1577 1081; baseline 0.006 -20"><span class='ocrx_word' id='word_1_98' title='bbox 256 1025 480 1073; x_wconf 77' lang='lat' dir='ltr'>CXXXV10‚</span> <span class='ocrx_word' id='word_1_99' title='bbox 517 1040 558 1075; x_wconf 78' lang='lat'><strong>9:</strong></span> <span class='ocrx_word' id='word_1_100' title='bbox 598 1029 742 1065; x_wconf 78' lang='lat' dir='ltr'><strong>Beatus</strong></span> <span class='ocrx_word' id='word_1_101' title='bbox 773 1029 838 1078; x_wconf 81' lang='lat' dir='ltr'><strong>qui</strong></span> <span class='ocrx_word' id='word_1_102' title='bbox 866 1029 1003 1066; x_wconf 82' lang='lat' dir='ltr'><strong>tenebit</strong></span> <span class='ocrx_word' id='word_1_103' title='bbox 1039 1038 1074 1066; x_wconf 84' lang='lat' dir='ltr'><strong>et</strong></span> <span class='ocrx_word' id='word_1_104' title='bbox 1105 1031 1239 1067; x_wconf 79' lang='lat' dir='ltr'><strong>allidet</strong></span> <span class='ocrx_word' id='word_1_105' title='bbox 1265 1032 1457 1081; x_wconf 69' lang='lat' dir='ltr'><strong>parvulos</strong></span> <span class='ocrx_word' id='word_1_106' title='bbox 1487 1046 1577 1069; x_wconf 78' lang='lat' dir='ltr'><strong>suos</strong></span> 
     </span>
     <span class='ocr_line' id='line_1_14' title="bbox 254 1084 1575 1136; baseline 0.006 -17"><span class='ocrx_word' id='word_1_107' title='bbox 254 1084 306 1119; x_wconf 77' lang='lat' dir='ltr'><strong>ad</strong></span> <span class='ocrx_word' id='word_1_108' title='bbox 341 1092 508 1133; x_wconf 78' lang='lat' dir='ltr'><strong>petram.</strong></span> <span class='ocrx_word' id='word_1_109' title='bbox 555 1085 666 1123; x_wconf 86' lang='lat' dir='ltr'>Sicut</span> <span class='ocrx_word' id='word_1_110' title='bbox 705 1095 838 1123; x_wconf 81' lang='lat' dir='ltr'><strong>autem</strong></span> <span class='ocrx_word' id='word_1_111' title='bbox 877 1100 1001 1136; x_wconf 84' lang='lat' dir='ltr'><strong>opera</strong></span> <span class='ocrx_word' id='word_1_112' title='bbox 1040 1089 1213 1125; x_wconf 88' lang='lat' dir='ltr'><strong>hominis</strong></span> <span class='ocrx_word' id='word_1_113' title='bbox 1252 1098 1344 1126; x_wconf 87' lang='lat' dir='ltr'><strong>sunt</strong></span> <span class='ocrx_word' id='word_1_114' title='bbox 1384 1090 1454 1126; x_wconf 88' lang='lat' dir='ltr'><strong>filii</strong></span> <span class='ocrx_word' id='word_1_115' title='bbox 1492 1090 1575 1127; x_wconf 88' lang='lat' dir='ltr'><strong>eius</strong></span> 
     </span>
     <span class='ocr_line' id='line_1_15' title="bbox 253 1141 1575 1195; baseline 0.005 -17"><span class='ocrx_word' id='word_1_116' title='bbox 253 1142 314 1178; x_wconf 78' lang='lat' dir='ltr'><strong>vel</strong></span> <span class='ocrx_word' id='word_1_117' title='bbox 346 1141 425 1179; x_wconf 89' lang='lat' dir='ltr'><strong>filie</strong></span> <span class='ocrx_word' id='word_1_118' title='bbox 459 1145 507 1179; x_wconf 80' lang='lat' dir='ltr'><strong>ad</strong></span> <span class='ocrx_word' id='word_1_119' title='bbox 540 1156 700 1181; x_wconf 87' lang='lat' dir='ltr'><strong>sensum</strong></span> <span class='ocrx_word' id='word_1_120' title='bbox 734 1144 949 1191; x_wconf 82' lang='lat' dir='ltr'>misticum,</span> <span class='ocrx_word' id='word_1_121' title='bbox 984 1146 1039 1183; x_wconf 89' lang='lat' dir='ltr'><strong>sic</strong></span> <span class='ocrx_word' id='word_1_122' title='bbox 1073 1147 1342 1195; x_wconf 82' lang='lat' dir='ltr'><strong>cogitaciones</strong></span> <span class='ocrx_word' id='word_1_123' title='bbox 1374 1147 1575 1186; x_wconf 84' lang='lat' dir='ltr'><strong>interioris</strong></span> 
     </span>
     <span class='ocr_line' id='line_1_16' title="bbox 202 1195 1576 1252; baseline 0.006 -17"><span class='ocrx_word' id='word_1_124' title='bbox 202 1195 428 1237; x_wconf 81' lang='lat' dir='ltr'><strong>¹5hominis</strong></span> <span class='ocrx_word' id='word_1_125' title='bbox 461 1211 552 1238; x_wconf 87' lang='lat' dir='ltr'><strong>sunt</strong></span> <span class='ocrx_word' id='word_1_126' title='bbox 591 1203 651 1239; x_wconf 93' lang='lat' dir='ltr'><strong>sui</strong></span> <span class='ocrx_word' id='word_1_127' title='bbox 695 1203 862 1252; x_wconf 72' lang='lat' dir='ltr'><strong>parvuli.</strong></span> <span class='ocrx_word' id='word_1_128' title='bbox 910 1205 1000 1241; x_wconf 87' lang='lat' dir='ltr'><strong>Illos</strong></span> <span class='ocrx_word' id='word_1_129' title='bbox 1046 1214 1179 1241; x_wconf 84' lang='lat' dir='ltr'><strong>autem</strong></span> <span class='ocrx_word' id='word_1_130' title='bbox 1226 1214 1321 1242; x_wconf 91' lang='lat' dir='ltr'><strong>tunc</strong></span> <span class='ocrx_word' id='word_1_131' title='bbox 1360 1206 1486 1242; x_wconf 78' lang='lat' dir='ltr'><strong>allidit</strong></span> <span class='ocrx_word' id='word_1_132' title='bbox 1524 1208 1576 1243; x_wconf 80' lang='lat' dir='ltr'><strong>ad</strong></span> 
     </span>
     <span class='ocr_line' id='line_1_17' title="bbox 247 1260 1574 1314; baseline 0.005 -20"><span class='ocrx_word' id='word_1_133' title='bbox 247 1267 402 1307; x_wconf 82' lang='lat' dir='ltr'><strong>petram</strong></span> <span class='ocrx_word' id='word_1_134' title='bbox 436 1260 604 1307; x_wconf 79' lang='lat' dir='ltr'><strong>iusticie,</strong></span> <span class='ocrx_word' id='word_1_135' title='bbox 629 1263 791 1310; x_wconf 81' lang='lat' dir='ltr'><strong>quando</strong></span> <span class='ocrx_word' id='word_1_136' title='bbox 825 1261 932 1310; x_wconf 85' lang='lat' dir='ltr'><strong>ipsos</strong></span> <span class='ocrx_word' id='word_1_137' title='bbox 965 1272 1218 1311; x_wconf 85' lang='lat' dir='ltr'><strong>surrepentes</strong></span> <span class='ocrx_word' id='word_1_138' title='bbox 1252 1264 1432 1310; x_wconf 80' lang='lat' dir='ltr'><strong>destruit,</strong></span> <span class='ocrx_word' id='word_1_139' title='bbox 1468 1265 1574 1314; x_wconf 84' lang='lat' dir='ltr'><strong>cogi-</strong></span> 
     </span>
     <span class='ocr_line' id='line_1_18' title="bbox 254 1319 1573 1360; baseline 0.005 -7"><span class='ocrx_word' id='word_1_140' title='bbox 254 1319 377 1354; x_wconf 78' lang='lat' dir='ltr'><strong>tando</strong></span> <span class='ocrx_word' id='word_1_141' title='bbox 412 1319 608 1355; x_wconf 81' lang='lat' dir='ltr'><strong>attencius</strong></span> <span class='ocrx_word' id='word_1_142' title='bbox 643 1321 690 1356; x_wconf 90' lang='lat' dir='ltr'><strong>de</strong></span> <span class='ocrx_word' id='word_1_143' title='bbox 722 1320 802 1357; x_wconf 82' lang='lat' dir='ltr'><strong>vita</strong></span> <span class='ocrx_word' id='word_1_144' title='bbox 835 1320 989 1357; x_wconf 88' lang='lat' dir='ltr'><strong>domini</strong></span> <span class='ocrx_word' id='word_1_145' title='bbox 1021 1323 1112 1357; x_wconf 88' lang='lat' dir='ltr'><strong>Jesu</strong></span> <span class='ocrx_word' id='word_1_146' title='bbox 1145 1321 1306 1358; x_wconf 84' lang='lat' dir='ltr'><strong>Christi.</strong></span> <span class='ocrx_word' id='word_1_147' title='bbox 1347 1324 1434 1359; x_wconf 90' lang='lat' dir='ltr'><strong>Hoc</strong></span> <span class='ocrx_word' id='word_1_148' title='bbox 1468 1323 1573 1360; x_wconf 85' lang='lat' dir='ltr'><strong>enim</strong></span> 
     </span>
     <span class='ocr_line' id='line_1_19' title="bbox 256 1377 1574 1427; baseline 0.004 -15"><span class='ocrx_word' id='word_1_149' title='bbox 256 1384 312 1412; x_wconf 85' lang='lat' dir='ltr'><strong>est</strong></span> <span class='ocrx_word' id='word_1_150' title='bbox 345 1377 517 1425; x_wconf 85' lang='lat' dir='ltr'><strong>speciale</strong></span> <span class='ocrx_word' id='word_1_151' title='bbox 550 1378 773 1414; x_wconf 83' lang='lat' dir='ltr'><strong>remedium</strong></span> <span class='ocrx_word' id='word_1_152' title='bbox 806 1377 914 1427; x_wconf 86' lang='lat' dir='ltr'><strong>ipsos</strong></span> <span class='ocrx_word' id='word_1_153' title='bbox 947 1379 1109 1416; x_wconf 86' lang='lat' dir='ltr'><strong>tenendi</strong></span> <span class='ocrx_word' id='word_1_154' title='bbox 1132 1393 1182 1416; x_wconf 90' lang='lat' dir='ltr'><strong>ne</strong></span> <span class='ocrx_word' id='word_1_155' title='bbox 1205 1380 1372 1417; x_wconf 79' lang='lat' dir='ltr'><strong>affluant</strong></span> <span class='ocrx_word' id='word_1_156' title='bbox 1395 1382 1445 1417; x_wconf 84' lang='lat' dir='ltr'><strong>ad</strong></span> <span class='ocrx_word' id='word_1_157' title='bbox 1469 1381 1574 1418; x_wconf 80' lang='lat' dir='ltr'><strong>intra</strong></span> 
     </span>
     <span class='ocr_line' id='line_1_20' title="bbox 255 1435 1574 1487; baseline 0.003 -16"><span class='ocrx_word' id='word_1_158' title='bbox 255 1435 493 1482; x_wconf 85' lang='lat' dir='ltr'><strong>profundius</strong></span> <span class='ocrx_word' id='word_1_159' title='bbox 531 1448 605 1472; x_wconf 88' lang='lat' dir='ltr'><strong>nec</strong></span> <span class='ocrx_word' id='word_1_160' title='bbox 647 1437 782 1473; x_wconf 81' lang='lat' dir='ltr'><strong>volent</strong></span> <span class='ocrx_word' id='word_1_161' title='bbox 827 1438 876 1474; x_wconf 83' lang='lat' dir='ltr'><strong>ad</strong></span> <span class='ocrx_word' id='word_1_162' title='bbox 921 1446 1028 1474; x_wconf 83' lang='lat' dir='ltr'><strong>extra</strong></span> <span class='ocrx_word' id='word_1_163' title='bbox 1072 1437 1266 1487; x_wconf 80' lang='lat' dir='ltr'><strong>nequius?</strong></span> <span class='ocrx_word' id='word_1_164' title='bbox 1312 1440 1360 1474; x_wconf 87' lang='lat' dir='ltr'><strong>Et</strong></span> <span class='ocrx_word' id='word_1_165' title='bbox 1405 1440 1477 1476; x_wconf 89' lang='lat' dir='ltr'><strong>hec</strong></span> <span class='ocrx_word' id='word_1_166' title='bbox 1517 1449 1574 1476; x_wconf 85' lang='lat' dir='ltr'><strong>est</strong></span> 
     </span>
     <span class='ocr_line' id='line_1_21' title="bbox 196 1493 1572 1544; baseline 0.004 -15"><span class='ocrx_word' id='word_1_167' title='bbox 196 1496 240 1519; x_wconf 83' lang='lat'><strong>2⁰</strong></span> <span class='ocrx_word' id='word_1_168' title='bbox 254 1493 364 1530; x_wconf 85' lang='lat' dir='ltr'><strong>racio</strong></span> <span class='ocrx_word' id='word_1_169' title='bbox 398 1507 520 1543; x_wconf 85' lang='lat' dir='ltr'><strong>quare</strong></span> <span class='ocrx_word' id='word_1_170' title='bbox 555 1493 701 1531; x_wconf 77' lang='lat' dir='ltr'><strong>cotidie</strong></span> <span class='ocrx_word' id='word_1_171' title='bbox 734 1495 879 1543; x_wconf 82' lang='lat' dir='ltr'><strong>legitur</strong></span> <span class='ocrx_word' id='word_1_172' title='bbox 902 1495 1151 1544; x_wconf 83' lang='lat' dir='ltr'><strong>evangelium</strong></span> <span class='ocrx_word' id='word_1_173' title='bbox 1177 1496 1217 1532; x_wconf 88' lang='lat' dir='ltr'><strong>in</strong></span> <span class='ocrx_word' id='word_1_174' title='bbox 1240 1505 1379 1533; x_wconf 84' lang='lat' dir='ltr'><strong>sancta</strong></span> <span class='ocrx_word' id='word_1_175' title='bbox 1404 1498 1572 1535; x_wconf 85' lang='lat' dir='ltr'><strong>ecclesia</strong></span> 
     </span>
     <span class='ocr_line' id='line_1_22' title="bbox 255 1551 1571 1603; baseline 0.004 -16"><span class='ocrx_word' id='word_1_176' title='bbox 255 1560 291 1586; x_wconf 89' lang='lat' dir='ltr'><strong>et</strong></span> <span class='ocrx_word' id='word_1_177' title='bbox 336 1551 419 1588; x_wconf 90' lang='lat' dir='ltr'><strong>eius</strong></span> <span class='ocrx_word' id='word_1_178' title='bbox 466 1551 631 1589; x_wconf 83' lang='lat' dir='ltr'><strong>literalis</strong></span> <span class='ocrx_word' id='word_1_179' title='bbox 681 1566 818 1590; x_wconf 87' lang='lat' dir='ltr'><strong>sensus</strong></span> <span class='ocrx_word' id='word_1_180' title='bbox 864 1555 980 1590; x_wconf 88' lang='lat' dir='ltr'><strong>debet</strong></span> <span class='ocrx_word' id='word_1_181' title='bbox 1026 1554 1137 1591; x_wconf 81' lang='lat' dir='ltr'><strong>laicis</strong></span> <span class='ocrx_word' id='word_1_182' title='bbox 1182 1555 1314 1603; x_wconf 85' lang='lat' dir='ltr'><strong>sepius</strong></span> <span class='ocrx_word' id='word_1_183' title='bbox 1362 1556 1571 1593; x_wconf 80' lang='lat' dir='ltr'><strong>declarari.</strong></span> 
     </span>
     <span class='ocr_line' id='line_1_23' title="bbox 255 1610 1571 1662; baseline 0.003 -16"><span class='ocrx_word' id='word_1_184' title='bbox 255 1610 331 1654; x_wconf 86' lang='lat' dir='ltr'><strong>Qui</strong></span> <span class='ocrx_word' id='word_1_185' title='bbox 365 1610 470 1647; x_wconf 87' lang='lat' dir='ltr'><strong>enim</strong></span> <span class='ocrx_word' id='word_1_186' title='bbox 504 1623 574 1659; x_wconf 89' lang='lat' dir='ltr'><strong>per</strong></span> <span class='ocrx_word' id='word_1_187' title='bbox 614 1611 907 1659; x_wconf 82' lang='lat' dir='ltr'><strong>cogitacionem</strong></span> <span class='ocrx_word' id='word_1_188' title='bbox 946 1612 1056 1649; x_wconf 84' lang='lat' dir='ltr'><strong>illam</strong></span> <span class='ocrx_word' id='word_1_189' title='bbox 1097 1613 1344 1649; x_wconf 84' lang='lat' dir='ltr'><strong>adulterinos</strong></span> <span class='ocrx_word' id='word_1_190' title='bbox 1384 1615 1571 1662; x_wconf 77' lang='lat' dir='ltr'><strong>parvulos</strong></span> 
     </span>
     <span class='ocr_line' id='line_1_24' title="bbox 251 1668 1571 1719; baseline 0.005 -16"><span class='ocrx_word' id='word_1_191' title='bbox 251 1679 333 1704; x_wconf 88' lang='lat' dir='ltr'><strong>non</strong></span> <span class='ocrx_word' id='word_1_192' title='bbox 366 1668 494 1705; x_wconf 84' lang='lat' dir='ltr'><strong>allidit</strong></span> <span class='ocrx_word' id='word_1_193' title='bbox 527 1678 584 1705; x_wconf 89' lang='lat' dir='ltr'><strong>est</strong></span> <span class='ocrx_word' id='word_1_194' title='bbox 622 1669 773 1706; x_wconf 87' lang='lat' dir='ltr'><strong>infideli</strong></span> <span class='ocrx_word' id='word_1_195' title='bbox 812 1670 997 1706; x_wconf 89' lang='lat' dir='ltr'><strong>deterior.</strong></span> <span class='ocrx_word' id='word_1_196' title='bbox 1044 1672 1121 1707; x_wconf 89' lang='lat' dir='ltr'><strong>Sed</strong></span> <span class='ocrx_word' id='word_1_197' title='bbox 1161 1673 1367 1719; x_wconf 89' lang='lat' dir='ltr'><strong>quomodo</strong></span> <span class='ocrx_word' id='word_1_198' title='bbox 1407 1672 1571 1709; x_wconf 83' lang='lat' dir='ltr'><strong>haberet</strong></span> 
     </span>
     <span class='ocr_line' id='line_1_25' title="bbox 251 1726 1572 1777; baseline 0.004 -15"><span class='ocrx_word' id='word_1_199' title='bbox 251 1726 543 1774; x_wconf 82' lang='lat' dir='ltr'><strong>cogitacionem</strong></span> <span class='ocrx_word' id='word_1_200' title='bbox 595 1727 826 1764; x_wconf 89' lang='lat' dir='ltr'><strong>huiusmodi</strong></span> <span class='ocrx_word' id='word_1_201' title='bbox 875 1728 950 1764; x_wconf 89' lang='lat' dir='ltr'><strong>nisi</strong></span> <span class='ocrx_word' id='word_1_202' title='bbox 1004 1728 1123 1764; x_wconf 89' lang='lat' dir='ltr'><strong>fidem</strong></span> <span class='ocrx_word' id='word_1_203' title='bbox 1169 1729 1316 1765; x_wconf 86' lang='lat' dir='ltr'><strong>Christi</strong></span> <span class='ocrx_word' id='word_1_204' title='bbox 1366 1742 1435 1777; x_wconf 86' lang='lat' dir='ltr'><strong>per</strong></span> <span class='ocrx_word' id='word_1_205' title='bbox 1479 1740 1572 1768; x_wconf 83' lang='lat' dir='ltr'><strong>ante</strong></span> 
     </span>
     <span class='ocr_line' id='line_1_26' title="bbox 193 1776 1569 1836; baseline 0.004 -16"><span class='ocrx_word' id='word_1_206' title='bbox 193 1776 234 1808; x_wconf 82' lang='lat'><strong>25</strong></span> <span class='ocrx_word' id='word_1_207' title='bbox 251 1786 533 1832; x_wconf 71' lang='lat' dir='ltr'><strong>cognosceret?</strong></span> <span class='ocrx_word' id='word_1_208' title='bbox 577 1787 625 1821; x_wconf 85' lang='lat' dir='ltr'><strong>Et</strong></span> <span class='ocrx_word' id='word_1_209' title='bbox 664 1786 770 1822; x_wconf 89' lang='lat' dir='ltr'><strong>idem</strong></span> <span class='ocrx_word' id='word_1_210' title='bbox 806 1795 862 1822; x_wconf 88' lang='lat' dir='ltr'><strong>est</strong></span> <span class='ocrx_word' id='word_1_211' title='bbox 895 1786 1119 1823; x_wconf 87' lang='lat' dir='ltr'><strong>remedium</strong></span> <span class='ocrx_word' id='word_1_212' title='bbox 1153 1787 1193 1823; x_wconf 91' lang='lat' dir='ltr'><strong>in</strong></span> <span class='ocrx_word' id='word_1_213' title='bbox 1226 1800 1318 1824; x_wconf 90' lang='lat' dir='ltr'><strong>sene</strong></span> <span class='ocrx_word' id='word_1_214' title='bbox 1351 1796 1471 1836; x_wconf 81' lang='lat' dir='ltr'><strong>atque</strong></span> <span class='ocrx_word' id='word_1_215' title='bbox 1504 1790 1569 1826; x_wconf 89' lang='lat' dir='ltr'><strong>de-</strong></span> 
     </span>
     <span class='ocr_line' id='line_1_27' title="bbox 251 1842 1793 1893; baseline 0.001 -14"><span class='ocrx_word' id='word_1_216' title='bbox 251 1842 405 1891; x_wconf 86' lang='lat' dir='ltr'><strong>crepito</strong></span> <span class='ocrx_word' id='word_1_217' title='bbox 437 1855 530 1891; x_wconf 88' lang='lat' dir='ltr'><strong>sepe</strong></span> <span class='ocrx_word' id='word_1_218' title='bbox 562 1843 814 1880; x_wconf 80' lang='lat' dir='ltr'><strong>adulterante</strong></span> <span class='ocrx_word' id='word_1_219' title='bbox 848 1857 938 1880; x_wconf 92' lang='lat' dir='ltr'><strong>cum</strong></span> <span class='ocrx_word' id='word_1_220' title='bbox 972 1844 1059 1893; x_wconf 82' lang='lat' dir='ltr'><strong>ipso</strong></span> <span class='ocrx_word' id='word_1_221' title='bbox 1094 1845 1270 1882; x_wconf 82' lang='lat' dir='ltr'><strong>diabolo.</strong></span> <span class='ocrx_word' id='word_1_222' title='bbox 1325 1845 1422 1891; x_wconf 83' lang='lat' dir='ltr'><strong>Quis</strong></span> <span class='ocrx_word' id='word_1_223' title='bbox 1463 1847 1567 1883; x_wconf 88' lang='lat' dir='ltr'><strong>enim</strong></span> <span class='ocrx_word' id='word_1_224' title='bbox 1649 1854 1714 1887; x_wconf 72' lang='lat' dir='ltr'><strong>Age</strong></span> <span class='ocrx_word' id='word_1_225' title='bbox 1735 1854 1793 1881; x_wconf 72' lang='lat' dir='ltr'><strong>and</strong></span> 
     </span>
     <span class='ocr_line' id='line_1_28' title="bbox 250 1889 1858 1957; baseline 0.003 -20"><span class='ocrx_word' id='word_1_226' title='bbox 250 1910 307 1937; x_wconf 86' lang='lat' dir='ltr'><strong>est</strong></span> <span class='ocrx_word' id='word_1_227' title='bbox 330 1901 370 1937; x_wconf 89' lang='lat' dir='ltr'><strong>in</strong></span> <span class='ocrx_word' id='word_1_228' title='bbox 393 1901 580 1949; x_wconf 83' lang='lat' dir='ltr'><strong>potencia</strong></span> <span class='ocrx_word' id='word_1_229' title='bbox 613 1902 814 1950; x_wconf 84' lang='lat' dir='ltr'><strong>corporali</strong></span> <span class='ocrx_word' id='word_1_230' title='bbox 846 1911 928 1939; x_wconf 86' lang='lat' dir='ltr'><strong>tam</strong></span> <span class='ocrx_word' id='word_1_231' title='bbox 963 1902 1163 1951; x_wconf 85' lang='lat' dir='ltr'><strong>impotens</strong></span> <span class='ocrx_word' id='word_1_232' title='bbox 1197 1903 1292 1952; x_wconf 88' lang='lat' dir='ltr'><strong>quin</strong></span> <span class='ocrx_word' id='word_1_233' title='bbox 1327 1916 1370 1939; x_wconf 84' lang='lat' dir='ltr'><strong>ex</strong></span> <span class='ocrx_word' id='word_1_234' title='bbox 1404 1904 1569 1954; x_wconf 79' lang='lat' dir='ltr'><strong>antiqua</strong></span> <span class='ocrx_word' id='word_1_235' title='bbox 1585 1889 1858 1957; x_wconf 48' lang='grc' dir='ltr'><strong>ἶζι“ἐῐιζῗζ”[ἶδάῗιὲξξ</strong></span> 
     </span>
     <span class='ocr_line' id='line_1_29' title="bbox 249 1957 1822 2010; baseline 0.004 -16"><span class='ocrx_word' id='word_1_236' title='bbox 249 1959 437 2007; x_wconf 81' lang='lat' dir='ltr'><strong>superbia</strong></span> <span class='ocrx_word' id='word_1_237' title='bbox 481 1959 694 2008; x_wconf 80' lang='lat' dir='ltr'><strong>imaginari</strong></span> <span class='ocrx_word' id='word_1_238' title='bbox 738 1969 872 2009; x_wconf 87' lang='lat' dir='ltr'><strong>posset</strong></span> <span class='ocrx_word' id='word_1_239' title='bbox 919 1962 1125 2010; x_wconf 90' lang='lat' dir='ltr'><strong>quomodo</strong></span> <span class='ocrx_word' id='word_1_240' title='bbox 1168 1961 1271 1998; x_wconf 88' lang='lat' dir='ltr'><strong>foret</strong></span> <span class='ocrx_word' id='word_1_241' title='bbox 1310 1962 1360 1998; x_wconf 79' lang='lat' dir='ltr'><strong>ad</strong></span> <span class='ocrx_word' id='word_1_242' title='bbox 1398 1964 1566 2010; x_wconf 78' lang='lat' dir='ltr'><strong>gradum</strong></span> <span class='ocrx_word' id='word_1_243' title='bbox 1618 1957 1822 1985; x_wconf 66' lang='lat' dir='ltr'><strong>evildesires.</strong></span> 
     </span>
     <span class='ocr_line' id='line_1_30' title="bbox 249 2018 1567 2068; baseline 0.003 -15"><span class='ocrx_word' id='word_1_244' title='bbox 249 2018 374 2054; x_wconf 81' lang='lat' dir='ltr'><strong>altum</strong></span> <span class='ocrx_word' id='word_1_245' title='bbox 408 2018 531 2054; x_wconf 85' lang='lat' dir='ltr'><strong>seculi</strong></span> <span class='ocrx_word' id='word_1_246' title='bbox 562 2018 826 2055; x_wconf 73' lang='lat' dir='ltr'><strong>sublimatus?</strong></span> <span class='ocrx_word' id='word_1_247' title='bbox 864 2021 919 2054; x_wconf 82' lang='lat' dir='ltr'><strong>Ex</strong></span> <span class='ocrx_word' id='word_1_248' title='bbox 957 2019 1119 2064; x_wconf 67' lang='lat' dir='ltr'><strong>invidia,</strong></span> <span class='ocrx_word' id='word_1_249' title='bbox 1154 2021 1360 2068; x_wconf 89' lang='lat' dir='ltr'><strong>quomodo</strong></span> <span class='ocrx_word' id='word_1_250' title='bbox 1392 2020 1567 2058; x_wconf 81' lang='lat' dir='ltr'><strong>vindicta</strong></span> 
     </span>
     <span class='ocr_line' id='line_1_31' title="bbox 189 2066 1567 2127; baseline 0.004 -16"><span class='ocrx_word' id='word_1_251' title='bbox 189 2066 234 2098; x_wconf 80' lang='lat'><strong>30</strong></span> <span class='ocrx_word' id='word_1_252' title='bbox 248 2075 350 2112; x_wconf 89' lang='lat' dir='ltr'><strong>foret</strong></span> <span class='ocrx_word' id='word_1_253' title='bbox 373 2084 491 2124; x_wconf 83' lang='lat' dir='ltr'><strong>capta</strong></span> <span class='ocrx_word' id='word_1_254' title='bbox 512 2077 559 2112; x_wconf 90' lang='lat' dir='ltr'><strong>de</strong></span> <span class='ocrx_word' id='word_1_255' title='bbox 583 2076 662 2113; x_wconf 88' lang='lat' dir='ltr'><strong>suis</strong></span> <span class='ocrx_word' id='word_1_256' title='bbox 686 2077 891 2114; x_wconf 79' lang='lat' dir='ltr'><strong>hostibus?</strong></span> <span class='ocrx_word' id='word_1_257' title='bbox 914 2079 969 2113; x_wconf 85' lang='lat' dir='ltr'><strong>Ex</strong></span> <span class='ocrx_word' id='word_1_258' title='bbox 992 2077 1178 2124; x_wconf 72' lang='lat' dir='ltr'><strong>avaricia,</strong></span> <span class='ocrx_word' id='word_1_259' title='bbox 1199 2079 1404 2126; x_wconf 86' lang='lat' dir='ltr'><strong>quomodo</strong></span> <span class='ocrx_word' id='word_1_260' title='bbox 1429 2080 1567 2127; x_wconf 85' lang='lat' dir='ltr'><strong>predia</strong></span> 
     </span>
     <span class='ocr_line' id='line_1_32' title="bbox 249 2135 1567 2182; baseline 0.003 -12"><span class='ocrx_word' id='word_1_261' title='bbox 249 2143 498 2182; x_wconf 83' lang='lat' dir='ltr'><strong>sumptuosa,</strong></span> <span class='ocrx_word' id='word_1_262' title='bbox 539 2135 720 2172; x_wconf 79' lang='lat' dir='ltr'><strong>maneria</strong></span> <span class='ocrx_word' id='word_1_263' title='bbox 765 2145 801 2172; x_wconf 93' lang='lat' dir='ltr'><strong>et</strong></span> <span class='ocrx_word' id='word_1_264' title='bbox 835 2136 997 2172; x_wconf 81' lang='lat' dir='ltr'><strong>castella</strong></span> <span class='ocrx_word' id='word_1_265' title='bbox 1041 2135 1114 2172; x_wconf 86' lang='lat' dir='ltr'><strong>sibi</strong></span> <span class='ocrx_word' id='word_1_266' title='bbox 1161 2136 1398 2173; x_wconf 77' lang='lat' dir='ltr'><strong>adiaceant?</strong></span> <span class='ocrx_word' id='word_1_267' title='bbox 1442 2139 1490 2173; x_wconf 84' lang='lat' dir='ltr'><strong>Et</strong></span> <span class='ocrx_word' id='word_1_268' title='bbox 1524 2151 1567 2174; x_wconf 88' lang='lat' dir='ltr'><strong>ex</strong></span> 
     </span>
     <span class='ocr_line' id='line_1_33' title="bbox 249 2192 1567 2242; baseline 0.004 -15"><span class='ocrx_word' id='word_1_269' title='bbox 249 2192 341 2239; x_wconf 74' lang='lat' dir='ltr'><strong>gula</strong></span> <span class='ocrx_word' id='word_1_270' title='bbox 374 2201 410 2229; x_wconf 91' lang='lat' dir='ltr'><strong>et</strong></span> <span class='ocrx_word' id='word_1_271' title='bbox 442 2192 597 2229; x_wconf 85' lang='lat' dir='ltr'><strong>luxuria</strong></span> <span class='ocrx_word' id='word_1_272' title='bbox 621 2195 827 2242; x_wconf 88' lang='lat' dir='ltr'><strong>quomodo</strong></span> <span class='ocrx_word' id='word_1_273' title='bbox 849 2194 1128 2242; x_wconf 78' lang='lat' dir='ltr'><strong>voluptaretur</strong></span> <span class='ocrx_word' id='word_1_274' title='bbox 1152 2194 1192 2230; x_wconf 86' lang='lat' dir='ltr'><strong>in</strong></span> <span class='ocrx_word' id='word_1_275' title='bbox 1216 2195 1346 2231; x_wconf 78' lang='lat' dir='ltr'><strong>carnis</strong></span> <span class='ocrx_word' id='word_1_276' title='bbox 1370 2194 1567 2232; x_wconf 85' lang='lat' dir='ltr'><strong>illecebris</strong></span> 
     </span>
     <span class='ocr_line' id='line_1_34' title="bbox 247 2251 1567 2301; baseline 0.003 -15"><span class='ocrx_word' id='word_1_277' title='bbox 247 2252 465 2286; x_wconf 83' lang='lat' dir='ltr'><strong>secundum</strong></span> <span class='ocrx_word' id='word_1_278' title='bbox 499 2264 623 2299; x_wconf 82' lang='lat' dir='ltr'><strong>opera</strong></span> <span class='ocrx_word' id='word_1_279' title='bbox 656 2252 833 2288; x_wconf 81' lang='lat' dir='ltr'><strong>carnalia</strong></span> <span class='ocrx_word' id='word_1_280' title='bbox 856 2251 975 2288; x_wconf 85' lang='lat' dir='ltr'><strong>nimis</strong></span> <span class='ocrx_word' id='word_1_281' title='bbox 999 2253 1134 2289; x_wconf 88' lang='lat' dir='ltr'><strong>sedule</strong></span> <span class='ocrx_word' id='word_1_282' title='bbox 1158 2253 1358 2301; x_wconf 79' lang='lat' dir='ltr'><strong>cogitata?</strong></span> <span class='ocrx_word' id='word_1_283' title='bbox 1391 2256 1432 2289; x_wconf 87' lang='lat' dir='ltr'><strong>In</strong></span> <span class='ocrx_word' id='word_1_284' title='bbox 1456 2254 1567 2290; x_wconf 91' lang='lat' dir='ltr'><strong>omni</strong></span> 
     </span>
     <span class='ocr_line' id='line_1_35' title="bbox 247 2307 1565 2358; baseline 0.003 -14"><span class='ocrx_word' id='word_1_285' title='bbox 247 2307 381 2357; x_wconf 84' lang='lat' dir='ltr'><strong>itaque</strong></span> <span class='ocrx_word' id='word_1_286' title='bbox 416 2318 519 2345; x_wconf 81' lang='lat' dir='ltr'><strong>etate</strong></span> <span class='ocrx_word' id='word_1_287' title='bbox 553 2318 590 2345; x_wconf 93' lang='lat' dir='ltr'><strong>et</strong></span> <span class='ocrx_word' id='word_1_288' title='bbox 623 2318 805 2358; x_wconf 88' lang='lat' dir='ltr'><strong>tempore</strong></span> <span class='ocrx_word' id='word_1_289' title='bbox 839 2319 895 2346; x_wconf 92' lang='lat' dir='ltr'><strong>est</strong></span> <span class='ocrx_word' id='word_1_290' title='bbox 919 2310 1024 2346; x_wconf 89' lang='lat' dir='ltr'><strong>istud</strong></span> <span class='ocrx_word' id='word_1_291' title='bbox 1048 2311 1271 2347; x_wconf 87' lang='lat' dir='ltr'><strong>remedium</strong></span> <span class='ocrx_word' id='word_1_292' title='bbox 1295 2312 1565 2348; x_wconf 82' lang='lat' dir='ltr'><strong>necessarium</strong></span> 
     </span>
     <span class='ocr_line' id='line_1_36' title="bbox 190 2356 1566 2418; baseline 0.004 -17"><span class='ocrx_word' id='word_1_293' title='bbox 190 2356 230 2389; x_wconf 79' lang='lat'><strong>35</strong></span> <span class='ocrx_word' id='word_1_294' title='bbox 246 2365 409 2413; x_wconf 64' lang='lat' dir='ltr'><strong>viatori3</strong></span> <span class='ocrx_word' id='word_1_295' title='bbox 449 2368 553 2403; x_wconf 90' lang='lat' dir='ltr'><strong>unde</strong></span> <span class='ocrx_word' id='word_1_296' title='bbox 593 2369 731 2404; x_wconf 81' lang='lat' dir='ltr'><strong>beatus</strong></span> <span class='ocrx_word' id='word_1_297' title='bbox 762 2370 836 2405; x_wconf 87' lang='lat' dir='ltr'><strong>Job</strong></span> <span class='ocrx_word' id='word_1_298' title='bbox 874 2368 1032 2417; x_wconf 80' lang='lat' dir='ltr'><strong>gentilis</strong></span> <span class='ocrx_word' id='word_1_299' title='bbox 1071 2369 1334 2418; x_wconf 85' lang='lat' dir='ltr'><strong>philosophus</strong></span> <span class='ocrx_word' id='word_1_300' title='bbox 1374 2383 1494 2418; x_wconf 84' lang='lat' dir='ltr'><strong>penes</strong></span> <span class='ocrx_word' id='word_1_301' title='bbox 1527 2384 1566 2407; x_wconf 84' lang='lat' dir='ltr'><strong>se</strong></span> 
     </span>
    </p>
   </div>
   <div class='ocr_carea' id='block_1_3' title="bbox 246 2423 1565 2479">
    <p class='ocr_par' dir='ltr' id='par_1_3' title="bbox 246 2423 1565 2479">
     <span class='ocr_line' id='line_1_37' title="bbox 246 2423 1565 2479; baseline 0.004 -19"><span class='ocrx_word' id='word_1_302' title='bbox 246 2423 376 2472; x_wconf 87' lang='lat' dir='ltr'><strong>ipsum</strong></span> <span class='ocrx_word' id='word_1_303' title='bbox 401 2424 597 2472; x_wconf 85' lang='lat' dir='ltr'><strong>disposuit</strong></span> <span class='ocrx_word' id='word_1_304' title='bbox 621 2433 661 2462; x_wconf 85' lang='lat' dir='ltr'><strong>ut</strong></span> <span class='ocrx_word' id='word_1_305' title='bbox 692 2439 765 2463; x_wconf 85' lang='lat' dir='ltr'><strong>non</strong></span> <span class='ocrx_word' id='word_1_306' title='bbox 798 2427 990 2478; x_wconf 75' lang='lat' dir='ltr'><strong>cogitaret</strong></span> <span class='ocrx_word' id='word_1_307' title='bbox 1021 2428 1172 2476; x_wconf 81' lang='lat' dir='ltr'><strong>quidem</strong></span> <span class='ocrx_word' id='word_1_308' title='bbox 1208 2428 1253 2464; x_wconf 82' lang='lat' dir='ltr'><strong>de</strong></span> <span class='ocrx_word' id='word_1_309' title='bbox 1286 2429 1449 2479; x_wconf 77' lang='lat' dir='ltr'><strong>virgine.</strong></span> <span class='ocrx_word' id='word_1_310' title='bbox 1484 2431 1565 2465; x_wconf 90' lang='lat' dir='ltr'><strong>Nos</strong></span> 
     </span>
    </p>
   </div>
   <div class='ocr_carea' id='block_1_4' title="bbox 244 2523 1565 2873">
    <p class='ocr_par' dir='ltr' id='par_1_4' title="bbox 244 2523 1565 2873">
     <span class='ocr_line' id='line_1_38' title="bbox 317 2523 1565 2561; baseline 0.005 -11"><span class='ocrx_word' id='word_1_311' title='bbox 317 2532 336 2550; x_wconf 91' lang='lat'><strong>1.</strong></span> <span class='ocrx_word' id='word_1_312' title='bbox 351 2523 415 2550; x_wconf 79' lang='lat' dir='ltr'><strong>l’›C:</strong></span> <span class='ocrx_word' id='word_1_313' title='bbox 432 2533 446 2550; x_wconf 79' lang='lat' dir='ltr'><strong>e</strong></span> <span class='ocrx_word' id='word_1_314' title='bbox 462 2528 577 2551; x_wconf 72' lang='lat' dir='ltr'><strong>eontra.</strong></span> <span class='ocrx_word' id='word_1_315' title='bbox 618 2533 638 2553; x_wconf 91' lang='lat'><strong>1.</strong></span> <span class='ocrx_word' id='word_1_316' title='bbox 655 2532 680 2552; x_wconf 80' lang='lat'><strong>2.</strong></span> <span class='ocrx_word' id='word_1_317' title='bbox 696 2525 762 2553; x_wconf 76' lang='lat' dir='ltr'><strong>BC:</strong></span> <span class='ocrx_word' id='word_1_318' title='bbox 781 2526 913 2552; x_wconf 73' lang='lat' dir='ltr'><strong>radicem</strong></span> <span class='ocrx_word' id='word_1_319' title='bbox 931 2526 1056 2561; x_wconf 76' lang='lat' dir='ltr'><strong>peccati.</strong></span> <span class='ocrx_word' id='word_1_320' title='bbox 1095 2525 1120 2554; x_wconf 77' lang='lat'><strong>3.</strong></span> <span class='ocrx_word' id='word_1_321' title='bbox 1136 2527 1180 2553; x_wconf 78' lang='lat' dir='ltr'><strong>A:</strong></span> <span class='ocrx_word' id='word_1_322' title='bbox 1196 2527 1330 2554; x_wconf 69' lang='lat' dir='ltr'><strong>cautelas</strong></span> <span class='ocrx_word' id='word_1_323' title='bbox 1345 2533 1452 2555; x_wconf 77' lang='lat' dir='ltr'><strong>contra</strong></span> <span class='ocrx_word' id='word_1_324' title='bbox 1466 2534 1565 2556; x_wconf 81' lang='lat' dir='ltr'><strong>caute-</strong></span> 
     </span>
     <span class='ocr_line' id='line_1_39' title="bbox 247 2558 1564 2598; baseline 0.005 -14"><span class='ocrx_word' id='word_1_325' title='bbox 247 2558 301 2584; x_wconf 67' lang='lat' dir='ltr'><strong>las.</strong></span> <span class='ocrx_word' id='word_1_326' title='bbox 359 2558 386 2585; x_wconf 66' lang='grc' dir='ltr'><strong>Γ).</strong></span> <span class='ocrx_word' id='word_1_327' title='bbox 410 2558 449 2585; x_wconf 86' lang='lat' dir='ltr'><strong>C.-</strong></span> <span class='ocrx_word' id='word_1_328' title='bbox 472 2559 615 2585; x_wconf 61' lang='lat' dir='ltr'><strong>subtilius</strong></span> <span class='ocrx_word' id='word_1_329' title='bbox 637 2564 673 2586; x_wconf 70' lang='lat' dir='ltr'><strong>et.</strong></span> <span class='ocrx_word' id='word_1_330' title='bbox 731 2568 759 2595; x_wconf 58' lang='lat' dir='ltr'><strong>(j).</strong></span> <span class='ocrx_word' id='word_1_331' title='bbox 783 2561 804 2586; x_wconf 71' lang='grc' dir='ltr'>Η</span> <span class='ocrx_word' id='word_1_332' title='bbox 825 2560 853 2587; x_wconf 78' lang='lat' dir='ltr'><strong>iu</strong></span> <span class='ocrx_word' id='word_1_333' title='bbox 878 2569 991 2595; x_wconf 38' lang='lat' dir='ltr'><strong>marga</strong></span> <span class='ocrx_word' id='word_1_334' title='bbox 1015 2561 1130 2588; x_wconf 67' lang='lat' dir='ltr'><strong>Contra</strong></span> <span class='ocrx_word' id='word_1_335' title='bbox 1151 2570 1259 2588; x_wconf 78' lang='lat' dir='ltr'><strong>omues</strong></span> <span class='ocrx_word' id='word_1_336' title='bbox 1280 2563 1486 2597; x_wconf 61' lang='lat' dir='ltr'><strong>cogitaciones</strong></span> <span class='ocrx_word' id='word_1_337' title='bbox 1507 2572 1564 2598; x_wconf 71' lang='lat' dir='ltr'><strong>quc·</strong></span> 
     </span>
     <span class='ocr_line' id='line_1_40' title="bbox 245 2593 1564 2627; baseline 0.005 -9"><span class='ocrx_word' id='word_1_338' title='bbox 245 2598 413 2627; x_wconf 65' lang='lat' dir='ltr'><strong>exsurgunt</strong></span> <span class='ocrx_word' id='word_1_339' title='bbox 435 2602 493 2619; x_wconf 84' lang='lat' dir='ltr'><strong>nou</strong></span> <span class='ocrx_word' id='word_1_340' title='bbox 511 2593 546 2619; x_wconf 78' lang='lat' dir='ltr'><strong>dc</strong></span> <span class='ocrx_word' id='word_1_341' title='bbox 562 2594 625 2620; x_wconf 76' lang='grc' dir='ltr'><strong>1)θο</strong></span> <span class='ocrx_word' id='word_1_342' title='bbox 641 2603 695 2621; x_wconf 81' lang='lat' dir='ltr'><strong>uec</strong></span> <span class='ocrx_word' id='word_1_343' title='bbox 710 2595 746 2621; x_wconf 76' lang='lat' dir='ltr'><strong>de</strong></span> <span class='ocrx_word' id='word_1_344' title='bbox 761 2595 924 2621; x_wconf 66' lang='lat' dir='ltr'><strong>celestibus</strong></span> <span class='ocrx_word' id='word_1_345' title='bbox 939 2600 966 2622; x_wconf 73' lang='lat' dir='ltr'><strong>et</strong></span> <span class='ocrx_word' id='word_1_346' title='bbox 982 2595 1091 2622; x_wconf 67' lang='lat' dir='ltr'><strong>xirtutc</strong></span> <span class='ocrx_word' id='word_1_347' title='bbox 1112 2596 1163 2622; x_wconf 75' lang='lat' dir='ltr'><strong>dat</strong></span> <span class='ocrx_word' id='word_1_348' title='bbox 1184 2597 1354 2624; x_wconf 72' lang='lat' dir='ltr'><strong>remedium</strong></span> <span class='ocrx_word' id='word_1_349' title='bbox 1377 2598 1448 2624; x_wconf 80' lang='lat' dir='ltr'><strong>utile</strong></span> <span class='ocrx_word' id='word_1_350' title='bbox 1470 2599 1564 2625; x_wconf 76' lang='lat' dir='ltr'><strong>maxi-</strong></span> 
     </span>
     <span class='ocr_line' id='line_1_41' title="bbox 245 2629 1562 2667; baseline 0.005 -14"><span class='ocrx_word' id='word_1_351' title='bbox 245 2635 342 2657; x_wconf 81' lang='lat' dir='ltr'><strong>mum,</strong></span> <span class='ocrx_word' id='word_1_352' title='bbox 364 2636 400 2654; x_wconf 81' lang='lat' dir='ltr'><strong>ne</strong></span> <span class='ocrx_word' id='word_1_353' title='bbox 421 2637 455 2654; x_wconf 72' lang='lat' dir='ltr'><strong>cx</strong></span> <span class='ocrx_word' id='word_1_354' title='bbox 476 2629 698 2655; x_wconf 69' lang='lat' dir='ltr'><strong>consuetudine</strong></span> <span class='ocrx_word' id='word_1_355' title='bbox 719 2629 748 2655; x_wconf 86' lang='lat' dir='ltr'><strong>in</strong></span> <span class='ocrx_word' id='word_1_356' title='bbox 770 2629 873 2656; x_wconf 76' lang='lat' dir='ltr'><strong>anima</strong></span> <span class='ocrx_word' id='word_1_357' title='bbox 894 2630 1120 2664; x_wconf 49' lang='lat' dir='ltr'><strong>profunduntur</strong></span> <span class='ocrx_word' id='word_1_358' title='bbox 1141 2631 1237 2662; x_wconf 60' lang='lat' dir='ltr'><strong>(black</strong></span> <span class='ocrx_word' id='word_1_359' title='bbox 1258 2632 1328 2658; x_wconf 63' lang='lat' dir='ltr'><strong>ink‘».</strong></span> <span class='ocrx_word' id='word_1_360' title='bbox 1403 2641 1432 2667; x_wconf 71' lang='grc' dir='ltr'><strong>ς),</strong></span> <span class='ocrx_word' id='word_1_361' title='bbox 1456 2641 1497 2660; x_wconf 89' lang='lat'><strong>10.</strong></span> <span class='ocrx_word' id='word_1_362' title='bbox 1520 2634 1562 2660; x_wconf 61' lang='lat' dir='ltr'><strong>A:</strong></span> 
     </span>
     <span class='ocr_line' id='line_1_42' title="bbox 245 2663 1562 2702; baseline 0.005 -14"><span class='ocrx_word' id='word_1_363' title='bbox 245 2663 511 2689; x_wconf 69' lang='lat' dir='ltr'><strong>consuetudinem.</strong></span> <span class='ocrx_word' id='word_1_364' title='bbox 596 2671 634 2690; x_wconf 83' lang='lat'><strong>12.</strong></span> <span class='ocrx_word' id='word_1_365' title='bbox 655 2664 698 2691; x_wconf 78' lang='lat' dir='ltr'><strong>A:</strong></span> <span class='ocrx_word' id='word_1_366' title='bbox 722 2663 843 2691; x_wconf 79' lang='lat' dir='ltr'><strong>CXXX.</strong></span> <span class='ocrx_word' id='word_1_367' title='bbox 927 2664 963 2692; x_wconf 78' lang='lat'><strong>13.</strong></span> <span class='ocrx_word' id='word_1_368' title='bbox 986 2665 1008 2692; x_wconf 81' lang='grc' dir='ltr'><strong><em>Β</em></strong></span> <span class='ocrx_word' id='word_1_369' title='bbox 1030 2666 1059 2692; x_wconf 85' lang='lat' dir='ltr'><strong>in</strong></span> <span class='ocrx_word' id='word_1_370' title='bbox 1081 2673 1196 2700; x_wconf 67' lang='lat' dir='ltr'><strong>marg:</strong></span> <span class='ocrx_word' id='word_1_371' title='bbox 1218 2666 1366 2693; x_wconf 70' lang='lat' dir='ltr'><strong>Pam-ulos</strong></span> <span class='ocrx_word' id='word_1_372' title='bbox 1387 2667 1423 2694; x_wconf 75' lang='lat' dir='ltr'><strong>ad</strong></span> <span class='ocrx_word' id='word_1_373' title='bbox 1446 2673 1562 2702; x_wconf 70' lang='lat' dir='ltr'><strong>petram</strong></span> 
     </span>
     <span class='ocr_line' id='line_1_43' title="bbox 245 2696 1562 2733; baseline 0.004 -10"><span class='ocrx_word' id='word_1_374' title='bbox 245 2696 369 2724; x_wconf 78' lang='lat' dir='ltr'><strong>allidere</strong></span> <span class='ocrx_word' id='word_1_375' title='bbox 390 2697 462 2733; x_wconf 85' lang='lat' dir='ltr'><strong>quid</strong></span> <span class='ocrx_word' id='word_1_376' title='bbox 485 2702 538 2724; x_wconf 72' lang='lat' dir='ltr'><strong>est.</strong></span> <span class='ocrx_word' id='word_1_377' title='bbox 597 2697 634 2725; x_wconf 78' lang='lat'><strong>15.</strong></span> <span class='ocrx_word' id='word_1_378' title='bbox 656 2698 694 2725; x_wconf 81' lang='lat' dir='ltr'><strong>B:</strong></span> <span class='ocrx_word' id='word_1_379' title='bbox 718 2698 763 2725; x_wconf 80' lang='lat' dir='ltr'><strong>sui</strong></span> <span class='ocrx_word' id='word_1_380' title='bbox 785 2698 879 2726; x_wconf 77' lang='lat' dir='ltr'><strong>deest.</strong></span> <span class='ocrx_word' id='word_1_381' title='bbox 938 2700 977 2726; x_wconf 71' lang='lat'><strong>18.</strong></span> <span class='ocrx_word' id='word_1_382' title='bbox 1000 2700 1043 2727; x_wconf 85' lang='lat' dir='ltr'><strong>A:</strong></span> <span class='ocrx_word' id='word_1_383' title='bbox 1066 2700 1223 2733; x_wconf 74' lang='lat' dir='ltr'><strong>spirituale</strong></span> <span class='ocrx_word' id='word_1_384' title='bbox 1246 2701 1433 2731; x_wconf 77' lang='lat' dir='ltr'><strong>remedium:</strong></span> <span class='ocrx_word' id='word_1_385' title='bbox 1455 2702 1494 2728; x_wconf 84' lang='lat' dir='ltr'><strong>ib.</strong></span> <span class='ocrx_word' id='word_1_386' title='bbox 1516 2703 1562 2729; x_wconf 82' lang='lat' dir='ltr'><strong>A:</strong></span> 
     </span>
     <span class='ocr_line' id='line_1_44' title="bbox 245 2731 1561 2770; baseline 0.004 -12"><span class='ocrx_word' id='word_1_387' title='bbox 245 2731 379 2759; x_wconf 77' lang='lat' dir='ltr'><strong>effluant.</strong></span> <span class='ocrx_word' id='word_1_388' title='bbox 438 2733 538 2767; x_wconf 71' lang='lat' dir='ltr'><strong>19.A:</strong></span> <span class='ocrx_word' id='word_1_389' title='bbox 562 2733 677 2760; x_wconf 72' lang='lat' dir='ltr'><strong>valent:</strong></span> <span class='ocrx_word' id='word_1_390' title='bbox 699 2733 738 2760; x_wconf 83' lang='lat' dir='ltr'><strong>ib.</strong></span> <span class='ocrx_word' id='word_1_391' title='bbox 760 2734 805 2760; x_wconf 83' lang='lat' dir='ltr'><strong>A:</strong></span> <span class='ocrx_word' id='word_1_392' title='bbox 826 2733 863 2760; x_wconf 84' lang='lat' dir='ltr'><strong>Et</strong></span> <span class='ocrx_word' id='word_1_393' title='bbox 884 2734 951 2761; x_wconf 85' lang='lat' dir='ltr'><strong>hoc.</strong></span> <span class='ocrx_word' id='word_1_394' title='bbox 1007 2742 1051 2762; x_wconf 83' lang='lat'><strong>22.</strong></span> <span class='ocrx_word' id='word_1_395' title='bbox 1069 2736 1109 2762; x_wconf 88' lang='lat' dir='ltr'><strong>C:</strong></span> <span class='ocrx_word' id='word_1_396' title='bbox 1131 2735 1342 2762; x_wconf 72' lang='lat' dir='ltr'><strong>adulterionis.</strong></span> <span class='ocrx_word' id='word_1_397' title='bbox 1399 2744 1446 2770; x_wconf 78' lang='lat'><strong>24,</strong></span> <span class='ocrx_word' id='word_1_398' title='bbox 1462 2737 1505 2764; x_wconf 76' lang='lat'><strong>25.</strong></span> <span class='ocrx_word' id='word_1_399' title='bbox 1524 2738 1561 2764; x_wconf 74' lang='lat' dir='ltr'><strong>ss:</strong></span> 
     </span>
     <span class='ocr_line' id='line_1_45' title="bbox 245 2767 1560 2806; baseline 0.004 -14"><span class='ocrx_word' id='word_1_400' title='bbox 245 2770 349 2800; x_wconf 74' lang='lat' dir='ltr'><strong>parate</strong></span> <span class='ocrx_word' id='word_1_401' title='bbox 369 2771 577 2801; x_wconf 64' lang='lat' dir='ltr'><strong>cognosceret.</strong></span> <span class='ocrx_word' id='word_1_402' title='bbox 651 2767 698 2794; x_wconf 72' lang='lat'><strong>26.</strong></span> <span class='ocrx_word' id='word_1_403' title='bbox 721 2768 749 2795; x_wconf 77' lang='lat' dir='ltr'>A</span> <span class='ocrx_word' id='word_1_404' title='bbox 770 2768 799 2794; x_wconf 83' lang='lat' dir='ltr'><strong>in</strong></span> <span class='ocrx_word' id='word_1_405' title='bbox 822 2776 935 2801; x_wconf 42' lang='lat' dir='ltr'><strong>marga</strong></span> <span class='ocrx_word' id='word_1_406' title='bbox 960 2777 978 2796; x_wconf 88' lang='lat'><strong>1.</strong></span> <span class='ocrx_word' id='word_1_407' title='bbox 1048 2777 1092 2805; x_wconf 79' lang='lat'><strong>27.</strong></span> <span class='ocrx_word' id='word_1_408' title='bbox 1114 2770 1141 2796; x_wconf 72' lang='lat' dir='ltr'>A</span> <span class='ocrx_word' id='word_1_409' title='bbox 1164 2769 1193 2796; x_wconf 84' lang='lat' dir='ltr'><strong>in</strong></span> <span class='ocrx_word' id='word_1_410' title='bbox 1216 2778 1330 2805; x_wconf 60' lang='lat' dir='ltr'><strong>marg:</strong></span> <span class='ocrx_word' id='word_1_411' title='bbox 1352 2778 1377 2796; x_wconf 78' lang='lat'><strong>2.</strong></span> <span class='ocrx_word' id='word_1_412' title='bbox 1451 2779 1498 2806; x_wconf 80' lang='lat'><strong>29.</strong></span> <span class='ocrx_word' id='word_1_413' title='bbox 1522 2772 1560 2798; x_wconf 85' lang='lat' dir='ltr'><strong>C:</strong></span> 
     </span>
     <span class='ocr_line' id='line_1_46' title="bbox 245 2800 1561 2840; baseline 0.004 -13"><span class='ocrx_word' id='word_1_414' title='bbox 245 2801 337 2827; x_wconf 73' lang='lat' dir='ltr'><strong>seculi</strong></span> <span class='ocrx_word' id='word_1_415' title='bbox 353 2801 447 2828; x_wconf 70' lang='lat' dir='ltr'><strong>deest.</strong></span> <span class='ocrx_word' id='word_1_416' title='bbox 487 2800 532 2828; x_wconf 75' lang='lat'><strong>30.</strong></span> <span class='ocrx_word' id='word_1_417' title='bbox 549 2802 577 2828; x_wconf 69' lang='lat' dir='ltr'><strong>A</strong></span> <span class='ocrx_word' id='word_1_418' title='bbox 592 2801 621 2828; x_wconf 83' lang='lat' dir='ltr'><strong>in</strong></span> <span class='ocrx_word' id='word_1_419' title='bbox 638 2810 752 2837; x_wconf 61' lang='lat' dir='ltr'><strong>marg:</strong></span> <span class='ocrx_word' id='word_1_420' title='bbox 769 2802 800 2837; x_wconf 74' lang='lat'><strong>33</strong></span> <span class='ocrx_word' id='word_1_421' title='bbox 821 2803 862 2830; x_wconf 86' lang='lat' dir='ltr'><strong>ib.</strong></span> <span class='ocrx_word' id='word_1_422' title='bbox 880 2803 919 2831; x_wconf 89' lang='lat' dir='ltr'><strong>C:</strong></span> <span class='ocrx_word' id='word_1_423' title='bbox 936 2808 1022 2839; x_wconf 77' lang='lat' dir='ltr'><strong>capta</strong></span> <span class='ocrx_word' id='word_1_424' title='bbox 1038 2814 1070 2833; x_wconf 78' lang='lat' dir='ltr'><strong>a:</strong></span> <span class='ocrx_word' id='word_1_425' title='bbox 1092 2805 1131 2831; x_wconf 88' lang='lat' dir='ltr'><strong>ib.</strong></span> <span class='ocrx_word' id='word_1_426' title='bbox 1145 2805 1172 2831; x_wconf 70' lang='lat' dir='ltr'>A</span> <span class='ocrx_word' id='word_1_427' title='bbox 1188 2805 1217 2831; x_wconf 86' lang='lat' dir='ltr'><strong>iu</strong></span> <span class='ocrx_word' id='word_1_428' title='bbox 1235 2813 1349 2840; x_wconf 60' lang='lat' dir='ltr'><strong>marg:</strong></span> <span class='ocrx_word' id='word_1_429' title='bbox 1366 2813 1395 2838; x_wconf 69' lang='lat'><strong>4.</strong></span> <span class='ocrx_word' id='word_1_430' title='bbox 1435 2804 1478 2832; x_wconf 80' lang='lat'><strong>32.</strong></span> <span class='ocrx_word' id='word_1_431' title='bbox 1494 2806 1561 2833; x_wconf 79' lang='lat' dir='ltr'><strong>BC:</strong></span> 
     </span>
     <span class='ocr_line' id='line_1_47' title="bbox 244 2835 1110 2873; baseline 0.005 -11"><span class='ocrx_word' id='word_1_432' title='bbox 244 2835 314 2870; x_wconf 78' lang='lat' dir='ltr'><strong>gula</strong></span> <span class='ocrx_word' id='word_1_433' title='bbox 335 2840 440 2871; x_wconf 72' lang='lat' dir='ltr'><strong>atque:</strong></span> <span class='ocrx_word' id='word_1_434' title='bbox 469 2836 508 2863; x_wconf 84' lang='lat' dir='ltr'><strong>ib.</strong></span> <span class='ocrx_word' id='word_1_435' title='bbox 531 2836 597 2863; x_wconf 73' lang='lat' dir='ltr'><strong>BC:</strong></span> <span class='ocrx_word' id='word_1_436' title='bbox 619 2836 648 2863; x_wconf 85' lang='lat' dir='ltr'><strong>in</strong></span> <span class='ocrx_word' id='word_1_437' title='bbox 671 2837 766 2864; x_wconf 71' lang='lat' dir='ltr'><strong>deest.</strong></span> <span class='ocrx_word' id='word_1_438' title='bbox 840 2837 883 2866; x_wconf 77' lang='lat'><strong>33.</strong></span> <span class='ocrx_word' id='word_1_439' title='bbox 904 2839 948 2866; x_wconf 84' lang='lat' dir='ltr'><strong>A:</strong></span> <span class='ocrx_word' id='word_1_440' title='bbox 970 2844 1110 2873; x_wconf 78' lang='lat' dir='ltr'><strong>cognata.</strong></span> 
     </span>
    </p>
   </div>
   <div class='ocr_carea' id='block_1_5' title="bbox 320 2896 1420 2989">
    <p class='ocr_par' dir='ltr' id='par_1_5' title="bbox 320 2896 1420 2989">
     <span class='ocr_line' id='line_1_48' title="bbox 320 2896 1299 2939; baseline 0.004 -13"><span class='ocrx_word' id='word_1_441' title='bbox 320 2905 368 2928; x_wconf 83' lang='lat'><strong>12.</strong></span> <span class='ocrx_word' id='word_1_442' title='bbox 389 2896 555 2938; x_wconf 81' lang='lat' dir='ltr'><strong>Vulgate:</strong></span> <span class='ocrx_word' id='word_1_443' title='bbox 576 2898 753 2938; x_wconf 80' lang='lat' dir='ltr'><strong>parvulos</strong></span> <span class='ocrx_word' id='word_1_444' title='bbox 780 2901 868 2930; x_wconf 86' lang='lat' dir='ltr'><strong>tuos.</strong></span> <span class='ocrx_word' id='word_1_445' title='bbox 947 2898 999 2931; x_wconf 72' lang='lat'><strong>36.</strong></span> <span class='ocrx_word' id='word_1_446' title='bbox 1024 2899 1101 2931; x_wconf 83' lang='lat' dir='ltr'><strong>Job.</strong></span> <span class='ocrx_word' id='word_1_447' title='bbox 1127 2899 1248 2939; x_wconf 85' lang='lat' dir='ltr'>XXXI,</span> <span class='ocrx_word' id='word_1_448' title='bbox 1272 2909 1299 2931; x_wconf 90' lang='lat'><strong>1.</strong></span> 
     </span>
     <span class='ocr_line' id='line_1_49' title="bbox 1382 2968 1420 2989; baseline 0 0"><span class='ocrx_word' id='word_1_449' title='bbox 1382 2968 1420 2989; x_wconf 93' lang='lat'><strong>10</strong></span> 
     </span>
    </p>
   </div>
  </div>
 </body>
</html>
