2017 3353
231 275 309 311 320

280 457 402 491 Danger
421 454 456 482 of

258 490 392 519 liabitual
413 491 470 518 sin.

236 981 291 1009 Yet
311 980 415 1010 Christ
434 987 490 1006 can

246 1025 317 1044 save
337 1023 412 1043 even
432 1014 481 1041 the

287 1049 441 1078 liardened

230 1087 343 1121 siuner,
356 1085 390 1112 of
398 1084 500 1112 whom

237 1121 373 1149 Lazarus
393 1128 457 1146 was
478 1127 493 1145 a

325 1160 406 1191 type.

793 274 1018 307 JOHANNIS
1037 273 1221 307 WYCLIF
1241 272 1501 306 SERMONUM
1528 259 1679 318 [SERMO
1695 269 1831 297 XLVIII.

515 393 585 430 per
622 380 797 430 graciam
838 389 1053 429 antequam
1092 379 1313 416 induretur.
1363 379 1635 416 Periculosum
1670 377 1831 428 quidem

516 448 573 476 est
587 438 791 476 assuefieri
816 438 855 474 in
879 437 1047 474 crimine
1071 450 1141 486 per
1164 437 1473 486 replicacionem
1498 446 1660 474 actuum
1684 436 1830 482 anime,

515 499 583 534 sed
616 496 880 546 periculosius
913 504 970 532 est
1002 508 1092 532 cum
1127 497 1202 532 hoc
1242 508 1285 532 ex
1316 495 1385 532 illo
1416 504 1582 544 peccato
1615 507 1738 543 opera
1772 507 1832 530 ex-

515 555 687 592 trinseca
720 566 913 600 exercere,
948 553 1041 602 quia
1074 566 1174 602 opus
1204 553 1467 590 extrinsecum
1504 562 1560 589 est
1595 561 1636 588 ut
1667 553 1832 589 malleus

515 613 684 662 infigens
717 613 886 658 clavum,
920 624 1009 648 cum
1044 624 1088 648 ex
1121 611 1422 659 complacencia
1451 611 1582 659 operis
1615 611 1866 658 profundat5

516 671 668 708 crimen
701 670 825 707 animi
858 669 1030 718 amplius
1063 668 1308 706 induratum.
1356 671 1447 705 Ideo
1480 668 1700 717 prudencia
1732 668 1834 704 foret

515 728 699 778 peccanti
737 730 785 764 de
823 726 1040 764 commisso
1077 727 1231 764 conteri
1269 736 1306 764 et
1351 727 1390 763 in
1433 726 1520 775 ipso
1563 739 1645 763 non
1684 725 1835 762 diutine

516 786 709 824 indurari.
755 787 832 822 Sed
877 785 1007 821 maior
1050 784 1205 821 videtur
1247 785 1382 834 gracia
1426 786 1534 834 quod
1579 797 1668 821 cum
1713 785 1834 819 homo

516 845 633 881 fuerit
665 844 705 880 in
737 842 979 880 diuturniori
1014 842 1181 879 crimine
1213 843 1386 891 amplius
1415 842 1625 879 induratus
1649 850 1686 878 et
1709 841 1835 889 magis

516 916 539 940 a
576 915 647 940 sua
684 901 929 939 sufficiencia
967 900 1151 947 eviratus,
1191 903 1298 949 quod
1338 903 1442 937 Deus
1480 901 1611 949 ipsum
1656 899 1894 948 graciosem

516 961 678 998 suscitet
717 973 739 997 a
777 959 945 996 crimine
983 958 1183 1007 ampliori.
1229 961 1271 995 In
1310 959 1421 995 cuius
1459 958 1615 1006 signum
1655 957 1835 994 Christus

516 1018 749 1056 suscitando
794 1020 989 1054 Lazarum
1038 1016 1272 1053 lacrimatus
1315 1025 1385 1063 est,
1431 1016 1538 1053 flevit
1582 1025 1618 1052 et
1660 1015 1835 1060 fremuit,

517 1086 599 1114 tam
633 1078 684 1113 ad
717 1077 993 1112 denotandum
1027 1075 1344 1123 magnitudinem
1368 1074 1554 1123 potencie
1577 1087 1598 1110 a
1622 1083 1703 1110 tam
1727 1072 1836 1121 gravi

517 1144 630 1172 reatu
664 1133 842 1171 criminis
875 1133 1072 1170 liberandi
1104 1146 1224 1182 quarn
1256 1133 1381 1169 eciam
1406 1133 1456 1169 ad
1479 1133 1704 1169 docendum
1730 1132 1837 1179 quod

518 1202 707 1242 peccator
744 1192 784 1228 in
822 1200 936 1228 tanto
974 1190 1155 1240 periculo
1194 1192 1311 1227 debet
1347 1190 1514 1227 viriliter
1551 1202 1591 1226 se
1631 1189 1765 1226 iuvare
1801 1197 1837 1225 et
1859 1191 1893 1222 15

518 1260 685 1300 peccata
722 1249 988 1287 recidivancie
1027 1261 1253 1298 precavere.
1298 1250 1375 1285 Sed
1418 1248 1520 1285 absit
1565 1249 1673 1296 quod
1715 1248 1837 1283 homo

520 1309 727 1346 continuet
760 1308 800 1345 in
831 1316 1012 1356 peccato,
1045 1316 1089 1343 ut
1121 1309 1226 1343 Deus
1258 1307 1298 1343 in
1331 1319 1402 1344 sua
1430 1305 1696 1343 suscitacione
1719 1304 1838 1341 faciat

522 1367 650 1404 maius
690 1366 942 1403 miraculum.
988 1365 1186 1402 Prescitus
1224 1373 1357 1401 autem
1392 1377 1482 1401 cum
1516 1363 1566 1400 sit
1598 1364 1638 1399 in
1671 1371 1838 1411 peccato

520 1424 784 1462 irremissibili
824 1425 932 1473 quod
964 1426 1069 1460 Deus
1108 1436 1190 1459 non
1229 1431 1359 1471 potest
1397 1422 1613 1467 remittere,
1658 1421 1751 1458 licet
1787 1421 1837 1457 ad

521 1493 679 1532 tempus
701 1482 750 1519 sit
782 1482 822 1518 in
849 1481 985 1530 gracia
1016 1483 1235 1518 secundum
1268 1489 1494 1529 presentem
1528 1479 1740 1525 iusticiam,
1764 1477 1837 1514 im-
1854 1490 1896 1512 20

521 1540 709 1590 possibile
738 1540 742 1591 Ι
773 1549 829 1577 est
860 1549 996 1576 tamen
1029 1539 1160 1587 ipsum
1193 1540 1243 1575 ad
1275 1539 1451 1587 graciam
1480 1535 1839 1587 predestinacionis
1855 1527 1937 1588 F'Olh

522 1599 730 1647 attingere.
774 1600 822 1634 Et
860 1597 962 1634 sicut
1000 1597 1118 1634 finale
1156 1597 1343 1633 meritum
1382 1595 1644 1645 predestinati
1677 1583 1919 1642 compa-¹77

522 1657 618 1694 titur
650 1669 785 1693 secum
818 1665 1028 1704 peccatum
1063 1656 1232 1692 mortale
1264 1656 1483 1691 secundum
1523 1661 1749 1702 presentem
1782 1652 1840 1688 in-

523 1714 735 1761 iusticiam‚
769 1713 825 1750 sic
857 1713 1019 1762 presciti
1052 1713 1171 1750 finale
1204 1722 1414 1761 peccatum
1439 1711 1683 1760 compatitur
1706 1722 1840 1747 secum

523 1773 700 1823 graciam
734 1781 771 1809 et
804 1771 992 1808 meritum
1026 1772 1246 1808 secundum
1270 1779 1496 1819 presentem
1520 1769 1739 1815 iusticiam3
1773 1769 1898 1804 sed25

524 1832 591 1868 illa
628 1829 892 1880 probabiliter
930 1829 1117 1866 dicuntur
1159 1831 1378 1866 secundum
1418 1827 1514 1877 quid
1552 1827 1648 1864 talia
1687 1835 1724 1863 et
1760 1838 1842 1862 non

524 1888 772 1938 simpliciter,
807 1897 844 1925 et
876 1887 931 1924 sic
965 1889 1013 1924 de
1046 1887 1233 1924 omnibus
1267 1886 1420 1923 actibus
1454 1884 1721 1922 demeritoriis
1753 1896 1843 1933 pre—

525 1947 816 1985 destinatorum
862 1955 899 1983 et
937 1945 1090 1982 actibus
1130 1945 1344 1982 meritoriis
1383 1944 1662 1993 prescitorum,
1709 1951 1745 1978 et
1788 1941 1843 1978 sic

524 2005 616 2042 licet
636 2004 676 2041 in
696 2005 832 2053 aliquo
854 2004 980 2052 gradu
1004 2003 1298 2052 predestinatus
1322 2005 1369 2039 de
1394 2001 1610 2039 commisso
1634 2009 1843 2038 conterens

525 2065 593 2100 sed
636 2063 897 2112 postmodum
941 2061 1163 2098 recidivans
1206 2062 1426 2098 secundum
1477 2059 1573 2108 quid
1624 2057 1844 2096 conteritur
1862 2061 1902 2093 30

526 2130 709 2170 respectu
742 2119 1002 2157 contricionis
1036 2119 1178 2165 finalis,
1217 2118 1465 2167 impossibile
1498 2126 1634 2154 tamen
1668 2125 1724 2153 est
1756 2128 1844 2164 pre-

525 2179 669 2216 scitum
702 2180 752 2215 ad
785 2178 1007 2215 bonitatem
1041 2177 1300 2214 contricionis
1331 2189 1400 2213 sue
1431 2176 1489 2212 vel
1525 2173 1844 2211 conversacionis

527 2236 734 2285 attingere.
782 2237 896 2273 Unde
934 2235 1128 2283 prescitus
1168 2244 1225 2272 est
1270 2234 1383 2283 quasi
1428 2242 1565 2269 taurus
1611 2234 1844 2281 desperatus

526 2308 607 2331 non
647 2302 808 2331 curatus
854 2294 972 2330 blada
1011 2294 1073 2330 vel
1110 2302 1225 2341 prata
1264 2294 1480 2337 destruere,
1527 2304 1615 2327 cum
1657 2293 1762 2327 Deus
1802 2302 1845 2325 ex

529 2351 804 2388 misericordia
837 2364 907 2387 sua
940 2353 1008 2388 dat
1040 2351 1113 2387 sibi
1148 2352 1253 2386 bona
1275 2358 1417 2386 nature
1440 2350 1508 2385 sed
1531 2361 1612 2385 non
1636 2357 1748 2384 curat
1771 2346 1845 2384 sibi
1863 2349 1901 2381 35

528 2412 623 2447 dare
656 2410 816 2446 finalem
850 2409 1027 2457 graciam
1061 2408 1162 2445 sicut
1184 2408 1273 2444 illos
1297 2407 1590 2456 predestinatos
1614 2419 1714 2454 quos
1736 2414 1845 2442 amat

597 2541 623 2561 2.
645 2533 711 2561 BC:
733 2532 873 2560 assueti&
965 2531 989 2559 3.
1011 2533 1055 2559 A:
1083 2535 1224 2567 peccato;
1255 2539 1348 2566 opera
1369 2530 1463 2557 deest.
1556 2528 1580 2557 5.
1602 2529 1647 2556 A:
1677 2528 1844 2563 intingens3

529 2569 648 2597 clavum
670 2568 765 2595 deest.
851 2576 878 2603 7.
899 2568 943 2594 A:
973 2575 1033 2593 non
1055 2567 1186 2593 ductive.
1273 2574 1314 2592 10.
1337 2565 1377 2593 C:
1399 2563 1630 2592 insufficiencia.
1717 2571 1750 2590 11.
1773 2563 1793 2589 B
1815 2562 1843 2589 in

528 2612 596 2631 mar
621 2613 643 2630 .:
666 2602 808 2630 Christus
829 2610 922 2637 quare
943 2602 1025 2629 flevit
1043 2601 1193 2628 Lazarum
1215 2600 1403 2627 suscitando.
1513 2606 1551 2626 12.
1573 2599 1616 2625 A:
1644 2597 1727 2625 flevit
1751 2597 1843 2624 deest.

530 2647 571 2672 14.
602 2646 603 2650 ¹
631 2648 636 2665 z
665 2637 840 2671 liberando;
871 2637 911 2664 ib.
932 2637 976 2663 A:
1003 2635 1040 2662 acl
1062 2635 1281 2662 denotandum.
1406 2633 1444 2661 18.
1466 2634 1493 2660 A
1514 2634 1543 2660 in
1567 2641 1679 2667 marg:
1708 2631 1787 2658 Nota
1809 2631 1844 2657 dc·

530 2672 746 2708 predestinatis
773 2675 800 2698 et
827 2671 978 2707 prescitis.
1087 2678 1125 2697 21.
1147 2671 1193 2697 A:
1222 2670 1322 2704 ipsum
1351 2669 1451 2696 deest:
1482 2668 1521 2694 ib.
1544 2668 1582 2694 15:
1611 2666 1843 2702 pst-destinatis:

530 2708 570 2735 C:
593 2705 841 2742 predestinantis.
921 2713 964 2732 22.
986 2703 1054 2732 BC:
1076 2705 1147 2731 Ideo
1169 2704 1247 2731 sicut
1268 2705 1317 2730 illa
1338 2704 1439 2738 gracia
1459 2702 1655 2737 compatitur.
1736 2700 1777 2727 23.
1801 2701 1843 2726 A:

531 2750 633 2769 secum
655 2741 758 2777 gravi;
779 2740 819 2767 ib.
836 2741 858 2768 B
878 2740 908 2767 in
931 2748 1043 2775 marg:
1067 2739 1178 2766 Cocum
1196 2738 1355 2765 indicium.
1394 2738 1510 2772 27—28.
1528 2738 1570 2763 A:
1593 2735 1798 2762 demeritoriis
1812 2750 1845 2753 ff

530 2776 648 2803 actibus
669 2776 762 2803 deest.
813 2783 860 2811 29.
882 2776 925 2802 A:
947 2774 1017 2801 alio.
1068 2773 1114 2801 30.
1137 2775 1180 2800 A:
1204 2773 1362 2800 recidivas.
1420 2772 1458 2799 31.
1481 2771 1519 2799 C:
1542 2770 1741 2798 contricionis
1762 2770 1843 2796 liant.

528 2811 574 2845 34.
598 2812 642 2837 A:
665 2811 753 2837 blada
774 2811 868 2838 deest.
933 2808 976 2837 35.
996 2810 1040 2836 A:
1064 2809 1119 2835 sibi
1142 2808 1235 2835 deest.
1297 2806 1343 2834 30.
1361 2807 1425 2834 BC:
1448 2806 1507 2833 illis
1529 2804 1745 2841 predestinatis
1766 2812 1843 2838 quos

530 2853 627 2872 amor.

606 2917 654 2937 11.
682 2906 733 2938 Cf.
761 2906 812 2936 De
840 2904 992 2936 Ecclesia
1019 2914 1096 2946 pag.
1125 2904 1199 2944 544.
