<?xml version="1.0" encoding="UTF-8"?>
<!DOCTYPE html PUBLIC "-//W3C//DTD XHTML 1.0 Transitional//EN"
    "http://www.w3.org/TR/xhtml1/DTD/xhtml1-transitional.dtd">
<html xmlns="http://www.w3.org/1999/xhtml" xml:lang="en" lang="en">
 <head>
  <title>
</title>
<meta http-equiv="Content-Type" content="text/html;charset=utf-8" />
  <meta name='ocr-system' content='tesseract 3.04.00' />
  <meta name='ocr-capabilities' content='ocr_page ocr_carea ocr_par ocr_line ocrx_word'/>
</head>
<body>
  <div class='ocr_page' id='page_1' title='image "./iohanniswyclifse0701wycl_0422.png"; bbox 0 0 2017 3353; ppageno 0'>
   <div class='ocr_carea' id='block_1_1' title="bbox 247 268 1846 325">
    <p class='ocr_par' dir='ltr' id='par_1_1' title="bbox 247 268 1846 325">
     <span class='ocr_line' id='line_1_1' title="bbox 247 268 1846 325; baseline -0.006 -6"><span class='ocrx_word' id='word_1_1' title='bbox 247 272 324 319; x_wconf 85' lang='lat'>370</span> <span class='ocrx_word' id='word_1_2' title='bbox 829 281 1051 313; x_wconf 74' lang='lat' dir='ltr'><strong>JOHANNIS</strong></span> <span class='ocrx_word' id='word_1_3' title='bbox 1071 282 1255 313; x_wconf 76' lang='lat' dir='ltr'>WYCLIF</span> <span class='ocrx_word' id='word_1_4' title='bbox 1276 282 1535 314; x_wconf 74' lang='lat' dir='ltr'>sEaMONUM</span> <span class='ocrx_word' id='word_1_5' title='bbox 1597 268 1747 325; x_wconf 76' lang='lat' dir='ltr'>[SERMO</span> <span class='ocrx_word' id='word_1_6' title='bbox 1769 279 1846 306; x_wconf 81' lang='lat' dir='ltr'>LVI.</span> 
     </span>
    </p>
   </div>
   <div class='ocr_carea' id='block_1_2' title="bbox 259 386 1847 611">
    <p class='ocr_par' dir='ltr' id='par_1_2' title="bbox 259 386 1847 611">
     <span class='ocr_line' id='line_1_2' title="bbox 533 386 1847 437; baseline 0 -14"><span class='ocrx_word' id='word_1_7' title='bbox 533 388 682 424; x_wconf 89' lang='lat' dir='ltr'>malum</span> <span class='ocrx_word' id='word_1_8' title='bbox 716 390 879 436; x_wconf 87' lang='lat' dir='ltr'>prodest</span> <span class='ocrx_word' id='word_1_9' title='bbox 912 401 981 437; x_wconf 89' lang='lat' dir='ltr'>per</span> <span class='ocrx_word' id='word_1_10' title='bbox 1014 387 1210 426; x_wconf 79' lang='lat' dir='ltr'>accidens.</span> <span class='ocrx_word' id='word_1_11' title='bbox 1246 387 1310 423; x_wconf 83' lang='lat' dir='ltr'>Sic</span> <span class='ocrx_word' id='word_1_12' title='bbox 1344 386 1449 423; x_wconf 93' lang='lat' dir='ltr'>enim</span> <span class='ocrx_word' id='word_1_13' title='bbox 1483 387 1578 423; x_wconf 89' lang='lat' dir='ltr'>dicit</span> <span class='ocrx_word' id='word_1_14' title='bbox 1602 387 1847 436; x_wconf 80' lang='lat' dir='ltr'>Augustinus</span> 
     </span>
     <span class='ocr_line' id='line_1_3' title="bbox 531 445 1847 495; baseline -0.001 -13"><span class='ocrx_word' id='word_1_15' title='bbox 531 447 638 493; x_wconf 91' lang='lat' dir='ltr'>quod</span> <span class='ocrx_word' id='word_1_16' title='bbox 679 446 835 495; x_wconf 81' lang='lat' dir='ltr'>proficit</span> <span class='ocrx_word' id='word_1_17' title='bbox 880 447 1009 483; x_wconf 82' lang='lat' dir='ltr'>multis</span> <span class='ocrx_word' id='word_1_18' title='bbox 1053 446 1221 483; x_wconf 75' lang='lat' dir='ltr'><em>incidere</em></span> <span class='ocrx_word' id='word_1_19' title='bbox 1264 446 1299 481; x_wconf 83' lang='lat' dir='ltr'>in</span> <span class='ocrx_word' id='word_1_20' title='bbox 1347 445 1551 494; x_wconf 78' lang='lat' dir='ltr'>manifesta</span> <span class='ocrx_word' id='word_1_21' title='bbox 1597 454 1756 494; x_wconf 73' lang='lat' dir='ltr'>peccata</span> <span class='ocrx_word' id='word_1_22' title='bbox 1809 454 1847 481; x_wconf 83' lang='lat' dir='ltr'>ut</span> 
     </span>
     <span class='ocr_line' id='line_1_4' title="bbox 529 503 1846 556; baseline -0.001 -16"><span class='ocrx_word' id='word_1_23' title='bbox 529 504 749 553; x_wconf 73' lang='lat' dir='ltr'>graciosz&#39;ns</span> <span class='ocrx_word' id='word_1_24' title='bbox 798 513 1010 556; x_wconf 72' lang='lat' dir='ltr'>resurgant</span> <span class='ocrx_word' id='word_1_25' title='bbox 1059 513 1093 541; x_wconf 88' lang='lat' dir='ltr'>et</span> <span class='ocrx_word' id='word_1_26' title='bbox 1142 511 1300 540; x_wconf 74' lang='lat' dir='ltr'>caveant</span> <span class='ocrx_word' id='word_1_27' title='bbox 1344 503 1495 552; x_wconf 78' lang='lat' dir='ltr'>peccati</span> <span class='ocrx_word' id='word_1_28' title='bbox 1544 504 1760 552; x_wconf 77' lang='lat' dir='ltr'>periculum</span> <span class='ocrx_word' id='word_1_29' title='bbox 1812 504 1846 539; x_wconf 81' lang='lat' dir='ltr'>in</span> 
     </span>
     <span class='ocr_line' id='line_1_5' title="bbox 259 555 1846 611; baseline 0 -14"><span class='ocrx_word' id='word_1_30' title='bbox 259 555 318 584; x_wconf 85' lang='lat' dir='ltr'>We</span> <span class='ocrx_word' id='word_1_31' title='bbox 338 560 421 584; x_wconf 84' lang='lat' dir='ltr'>must</span> <span class='ocrx_word' id='word_1_32' title='bbox 441 561 493 583; x_wconf 88' lang='lat' dir='ltr'>not</span> <span class='ocrx_word' id='word_1_33' title='bbox 520 562 720 611; x_wconf 77' lang='lat' dir='ltr'>futurum.</span> <span class='ocrx_word' id='word_1_34' title='bbox 762 564 839 599; x_wconf 87' lang='lat' dir='ltr'>Sed</span> <span class='ocrx_word' id='word_1_35' title='bbox 879 564 1099 600; x_wconf 90' lang='lat' dir='ltr'>cavendum</span> <span class='ocrx_word' id='word_1_36' title='bbox 1140 571 1196 598; x_wconf 88' lang='lat' dir='ltr'>est</span> <span class='ocrx_word' id='word_1_37' title='bbox 1235 574 1283 598; x_wconf 91' lang='lat' dir='ltr'>ne</span> <span class='ocrx_word' id='word_1_38' title='bbox 1323 570 1488 610; x_wconf 85' lang='lat' dir='ltr'>propter</span> <span class='ocrx_word' id='word_1_39' title='bbox 1521 561 1626 597; x_wconf 90' lang='lat' dir='ltr'>istud</span> <span class='ocrx_word' id='word_1_40' title='bbox 1660 563 1846 598; x_wconf 88' lang='lat' dir='ltr'>credatur</span> 
     </span>
    </p>
   </div>
   <div class='ocr_carea' id='block_1_3' title="bbox 240 591 1849 843">
    <p class='ocr_par' dir='ltr' id='par_1_3' title="bbox 240 591 1849 843">
     <span class='ocr_line' id='line_1_6' title="bbox 254 591 1847 688; baseline 0.002 -36"><span class='ocrx_word' id='word_1_41' title='bbox 254 591 499 688; x_wconf 44' lang='grc' dir='ltr'>ὃ11ἓ&lt;ςιξέἕῃεῐῐιῗὶιῖ3</span> <span class='ocrx_word' id='word_1_42' title='bbox 533 621 640 668; x_wconf 86' lang='lat' dir='ltr'>quod</span> <span class='ocrx_word' id='word_1_43' title='bbox 679 630 893 669; x_wconf 82' lang='lat' dir='ltr'>propterea</span> <span class='ocrx_word' id='word_1_44' title='bbox 931 620 979 657; x_wconf 86' lang='lat' dir='ltr'>sit</span> <span class='ocrx_word' id='word_1_45' title='bbox 1013 622 1281 669; x_wconf 67' lang='lat' dir='ltr'>peccandumz</span> <span class='ocrx_word' id='word_1_46' title='bbox 1316 628 1357 655; x_wconf 84' lang='lat' dir='ltr'>ut</span> <span class='ocrx_word' id='word_1_47' title='bbox 1391 619 1546 667; x_wconf 77' lang='lat' dir='ltr'>expedit</span> <span class='ocrx_word' id='word_1_48' title='bbox 1582 620 1727 655; x_wconf 88' lang='lat' dir='ltr'>multos</span> <span class='ocrx_word' id='word_1_49' title='bbox 1761 632 1847 667; x_wconf 79' lang='lat' dir='ltr'>pre-</span> 
     </span>
     <span class='ocr_line' id='line_1_7' title="bbox 282 661 1847 726; baseline 0.001 -15"><span class='ocrx_word' id='word_1_50' title='bbox 282 669 370 722; x_wconf 52' lang='lat' dir='ltr'>{Jgffi‘</span> <span class='ocrx_word' id='word_1_51' title='bbox 397 661 443 723; x_wconf 60' lang='grc' dir='ltr'>1ξὲ</span> <span class='ocrx_word' id='word_1_52' title='bbox 460 661 485 723; x_wconf 59' lang='lat' dir='ltr'>{J</span> <span class='ocrx_word' id='word_1_53' title='bbox 531 678 635 714; x_wconf 85' lang='lat' dir='ltr'>latos</span> <span class='ocrx_word' id='word_1_54' title='bbox 681 688 716 714; x_wconf 92' lang='lat' dir='ltr'>et</span> <span class='ocrx_word' id='word_1_55' title='bbox 764 692 928 726; x_wconf 77' lang='lat' dir='ltr'>magnos</span> <span class='ocrx_word' id='word_1_56' title='bbox 973 678 1074 715; x_wconf 87' lang='lat' dir='ltr'>sicut</span> <span class='ocrx_word' id='word_1_57' title='bbox 1119 687 1155 715; x_wconf 88' lang='lat' dir='ltr'>et</span> <span class='ocrx_word' id='word_1_58' title='bbox 1200 687 1327 714; x_wconf 88' lang='lat' dir='ltr'>sectas</span> <span class='ocrx_word' id='word_1_59' title='bbox 1372 677 1500 713; x_wconf 85' lang='lat' dir='ltr'>occidi</span> <span class='ocrx_word' id='word_1_60' title='bbox 1541 686 1576 714; x_wconf 84' lang='lat' dir='ltr'>et</span> <span class='ocrx_word' id='word_1_61' title='bbox 1617 677 1766 714; x_wconf 80' lang='lat' dir='ltr'>destrui</span> <span class='ocrx_word' id='word_1_62' title='bbox 1806 687 1847 713; x_wconf 88' lang='lat' dir='ltr'>ut</span> 
     </span>
     <span class='ocr_line' id='line_1_8' title="bbox 240 730 1849 800; baseline 0 -29"><span class='ocrx_word' id='word_1_63' title='bbox 240 730 699 800; x_wconf 46' lang='lat' dir='ltr'>ssssggleflgpeffassffecclesia</span> <span class='ocrx_word' id='word_1_64' title='bbox 744 736 904 773; x_wconf 79' lang='lat' dir='ltr'>caucius</span> <span class='ocrx_word' id='word_1_65' title='bbox 957 746 1092 773; x_wconf 71' lang='lat' dir='ltr'>careat</span> <span class='ocrx_word' id='word_1_66' title='bbox 1136 737 1374 772; x_wconf 86' lang='lat' dir='ltr'>fermentum</span> <span class='ocrx_word' id='word_1_67' title='bbox 1423 748 1574 777; x_wconf 77' lang='lat' dir='ltr'>eorum,</span> <span class='ocrx_word' id='word_1_68' title='bbox 1629 745 1664 771; x_wconf 88' lang='lat' dir='ltr'>et</span> <span class='ocrx_word' id='word_1_69' title='bbox 1714 744 1849 772; x_wconf 87' lang='lat' dir='ltr'>tamen</span> 
     </span>
     <span class='ocr_line' id='line_1_9' title="bbox 241 793 1847 843; baseline 0.001 -16"><span class='ocrx_word' id='word_1_70' title='bbox 241 800 299 827; x_wconf 82' lang='lat' dir='ltr'>and</span> <span class='ocrx_word' id='word_1_71' title='bbox 316 800 516 827; x_wconf 80' lang='lat' dir='ltr'>sectsshould</span> <span class='ocrx_word' id='word_1_72' title='bbox 533 794 654 830; x_wconf 90' lang='lat' dir='ltr'>homo</span> <span class='ocrx_word' id='word_1_73' title='bbox 693 807 773 830; x_wconf 92' lang='lat' dir='ltr'>non</span> <span class='ocrx_word' id='word_1_74' title='bbox 814 796 929 830; x_wconf 87' lang='lat' dir='ltr'>debet</span> <span class='ocrx_word' id='word_1_75' title='bbox 968 804 1182 843; x_wconf 79' lang='lat' dir='ltr'>propterea</span> <span class='ocrx_word' id='word_1_76' title='bbox 1221 793 1295 830; x_wconf 87' lang='lat' dir='ltr'>nisi</span> <span class='ocrx_word' id='word_1_77' title='bbox 1335 793 1625 829; x_wconf 76' lang='lat' dir='ltr'>revelacionem</span> <span class='ocrx_word' id='word_1_78' title='bbox 1665 794 1847 829; x_wconf 78' lang='lat' dir='ltr'>habuerit</span> 
     </span>
    </p>
   </div>
   <div class='ocr_carea' id='block_1_4' title="bbox 241 835 1848 1990">
    <p class='ocr_par' dir='ltr' id='par_1_4' title="bbox 241 835 1848 1132">
     <span class='ocr_line' id='line_1_10' title="bbox 243 835 1847 900; baseline -0.001 -12"><span class='ocrx_word' id='word_1_79' title='bbox 243 835 518 897; x_wconf 43' lang='lat' dir='ltr'>x-gewffieffiffgesslg„</span> <span class='ocrx_word' id='word_1_80' title='bbox 533 851 588 888; x_wconf 89' lang='lat' dir='ltr'>sic</span> <span class='ocrx_word' id='word_1_81' title='bbox 623 851 773 888; x_wconf 84' lang='lat' dir='ltr'>ulcisci.</span> <span class='ocrx_word' id='word_1_82' title='bbox 819 854 932 889; x_wconf 85' lang='lat' dir='ltr'><strong>Unde</strong></span> <span class='ocrx_word' id='word_1_83' title='bbox 970 861 1011 888; x_wconf 89' lang='lat' dir='ltr'>ut</span> <span class='ocrx_word' id='word_1_84' title='bbox 1049 852 1212 900; x_wconf 87' lang='lat' dir='ltr'>quidam</span> <span class='ocrx_word' id='word_1_85' title='bbox 1247 851 1383 887; x_wconf 90' lang='lat' dir='ltr'>dicunt</span> <span class='ocrx_word' id='word_1_86' title='bbox 1422 853 1530 900; x_wconf 88' lang='lat' dir='ltr'>quod</span> <span class='ocrx_word' id='word_1_87' title='bbox 1569 864 1709 887; x_wconf 81' lang='lat' dir='ltr'>corvus</span> <span class='ocrx_word' id='word_1_88' title='bbox 1744 864 1847 887; x_wconf 86' lang='lat' dir='ltr'>mor-</span> 
     </span>
     <span class='ocr_line' id='line_1_11' title="bbox 241 902 1848 974; baseline 0 -29"><span class='ocrx_word' id='word_1_89' title='bbox 241 902 247 905; x_wconf 41' lang='lat'><em>*</em></span> <span class='ocrx_word' id='word_1_90' title='bbox 295 904 465 974; x_wconf 30' lang='lat' dir='ltr'>Jrffiegeffifflss</span> <span class='ocrx_word' id='word_1_91' title='bbox 532 919 623 946; x_wconf 89' lang='lat' dir='ltr'>tuus</span> <span class='ocrx_word' id='word_1_92' title='bbox 663 919 699 946; x_wconf 88' lang='lat' dir='ltr'>et</span> <span class='ocrx_word' id='word_1_93' title='bbox 739 909 778 945; x_wconf 92' lang='lat' dir='ltr'>in</span> <span class='ocrx_word' id='word_1_94' title='bbox 818 923 961 958; x_wconf 85' lang='lat' dir='ltr'>campo</span> <span class='ocrx_word' id='word_1_95' title='bbox 995 911 1054 946; x_wconf 61' lang='lat' dir='ltr'>vel</span> <span class='ocrx_word' id='word_1_96' title='bbox 1088 911 1208 946; x_wconf 89' lang='lat' dir='ltr'>domo</span> <span class='ocrx_word' id='word_1_97' title='bbox 1242 909 1442 957; x_wconf 82' lang='lat' dir='ltr'>expositus</span> <span class='ocrx_word' id='word_1_98' title='bbox 1476 911 1639 957; x_wconf 86' lang='lat' dir='ltr'>prodest</span> <span class='ocrx_word' id='word_1_99' title='bbox 1677 922 1725 945; x_wconf 89' lang='lat' dir='ltr'>ne</span> <span class='ocrx_word' id='word_1_100' title='bbox 1759 922 1848 945; x_wconf 73' lang='lat' dir='ltr'>aves</span> 
     </span>
     <span class='ocr_line' id='line_1_12' title="bbox 242 967 1847 1016; baseline 0.003 -17"><span class='ocrx_word' id='word_1_101' title='bbox 242 974 697 1016; x_wconf 70' lang='lat' dir='ltr'>withoutwarrantrapaces</span> <span class='ocrx_word' id='word_1_102' title='bbox 755 968 815 1004; x_wconf 85' lang='lat' dir='ltr'>Sui</span> <span class='ocrx_word' id='word_1_103' title='bbox 872 967 1026 1016; x_wconf 81' lang='lat' dir='ltr'>generis</span> <span class='ocrx_word' id='word_1_104' title='bbox 1084 981 1207 1016; x_wconf 83' lang='lat' dir='ltr'>grana</span> <span class='ocrx_word' id='word_1_105' title='bbox 1265 969 1471 1004; x_wconf 79' lang='lat' dir='ltr'>destruant</span> <span class='ocrx_word' id='word_1_106' title='bbox 1524 976 1560 1003; x_wconf 84' lang='lat' dir='ltr'>et</span> <span class='ocrx_word' id='word_1_107' title='bbox 1618 976 1847 1015; x_wconf 77' lang='lat' dir='ltr'>tegumenta</span> 
     </span>
     <span class='ocr_line' id='line_1_13' title="bbox 267 1009 1848 1074; baseline 0 -13"><span class='ocrx_word' id='word_1_108' title='bbox 267 1009 492 1036; x_wconf 67' lang='lat' dir='ltr'>otrevelatuon.</span> <span class='ocrx_word' id='word_1_109' title='bbox 532 1027 746 1062; x_wconf 90' lang='lat' dir='ltr'>domorum</span> <span class='ocrx_word' id='word_1_110' title='bbox 792 1038 833 1062; x_wconf 81' lang='lat' dir='ltr'>ex</span> <span class='ocrx_word' id='word_1_111' title='bbox 879 1025 1022 1074; x_wconf 89' lang='lat' dir='ltr'>quibus</span> <span class='ocrx_word' id='word_1_112' title='bbox 1068 1025 1311 1062; x_wconf 89' lang='lat' dir='ltr'>inducuntur</span> <span class='ocrx_word' id='word_1_113' title='bbox 1355 1025 1479 1061; x_wconf 84' lang='lat' dir='ltr'>fames</span> <span class='ocrx_word' id='word_1_114' title='bbox 1524 1034 1561 1061; x_wconf 90' lang='lat' dir='ltr'>et</span> <span class='ocrx_word' id='word_1_115' title='bbox 1605 1025 1738 1073; x_wconf 76' lang='lat' dir='ltr'>pluvia</span> <span class='ocrx_word' id='word_1_116' title='bbox 1778 1039 1848 1073; x_wconf 86' lang='lat' dir='ltr'>per</span> 
     </span>
     <span class='ocr_line' id='line_1_14' title="bbox 531 1083 1846 1132; baseline 0 -13"><span class='ocrx_word' id='word_1_117' title='bbox 531 1097 606 1132; x_wconf 83' lang='lat' dir='ltr'>que</span> <span class='ocrx_word' id='word_1_118' title='bbox 647 1092 777 1132; x_wconf 86' lang='lat' dir='ltr'>potest</span> <span class='ocrx_word' id='word_1_119' title='bbox 817 1085 960 1120; x_wconf 86' lang='lat' dir='ltr'>domus</span> <span class='ocrx_word' id='word_1_120' title='bbox 999 1097 1114 1120; x_wconf 85' lang='lat' dir='ltr'>ruere</span> <span class='ocrx_word' id='word_1_121' title='bbox 1154 1093 1189 1120; x_wconf 90' lang='lat' dir='ltr'>et</span> <span class='ocrx_word' id='word_1_122' title='bbox 1231 1084 1341 1132; x_wconf 84' lang='lat' dir='ltr'>plebs</span> <span class='ocrx_word' id='word_1_123' title='bbox 1380 1083 1561 1129; x_wconf 79' lang='lat' dir='ltr'>deficere,</span> <span class='ocrx_word' id='word_1_124' title='bbox 1602 1083 1657 1119; x_wconf 91' lang='lat' dir='ltr'>sic</span> <span class='ocrx_word' id='word_1_125' title='bbox 1691 1083 1846 1131; x_wconf 84' lang='lat' dir='ltr'>expedit</span> 
     </span>
    </p>

    <p class='ocr_par' dir='ltr' id='par_1_5' title="bbox 530 1140 1847 1247">
     <span class='ocr_line' id='line_1_15' title="bbox 531 1140 1847 1189; baseline -0.001 -11"><span class='ocrx_word' id='word_1_126' title='bbox 531 1143 587 1178; x_wconf 88' lang='lat' dir='ltr'>sal</span> <span class='ocrx_word' id='word_1_127' title='bbox 642 1141 882 1178; x_wconf 86' lang='lat' dir='ltr'>infatuatum</span> <span class='ocrx_word' id='word_1_128' title='bbox 932 1142 992 1178; x_wconf 82' lang='lat' dir='ltr'>vel</span> <span class='ocrx_word' id='word_1_129' title='bbox 1049 1151 1198 1179; x_wconf 83' lang='lat' dir='ltr'>sectam</span> <span class='ocrx_word' id='word_1_130' title='bbox 1249 1140 1468 1189; x_wconf 87' lang='lat' dir='ltr'>aliquocies</span> <span class='ocrx_word' id='word_1_131' title='bbox 1519 1141 1746 1177; x_wconf 85' lang='lat' dir='ltr'>conculcari</span> <span class='ocrx_word' id='word_1_132' title='bbox 1798 1143 1847 1178; x_wconf 84' lang='lat' dir='ltr'>ad</span> 
     </span>
     <span class='ocr_line' id='line_1_16' title="bbox 530 1199 1847 1247; baseline 0.001 -12"><span class='ocrx_word' id='word_1_133' title='bbox 530 1199 790 1236; x_wconf 78' lang='lat' dir='ltr'>insolenciam</span> <span class='ocrx_word' id='word_1_134' title='bbox 835 1199 894 1236; x_wconf 89' lang='lat' dir='ltr'>sui</span> <span class='ocrx_word' id='word_1_135' title='bbox 938 1200 1092 1247; x_wconf 82' lang='lat' dir='ltr'>generis</span> <span class='ocrx_word' id='word_1_136' title='bbox 1137 1199 1309 1247; x_wconf 85' lang='lat' dir='ltr'>amplius</span> <span class='ocrx_word' id='word_1_137' title='bbox 1359 1200 1668 1235; x_wconf 80' lang='lat' dir='ltr'>cohercendum.</span> <span class='ocrx_word' id='word_1_138' title='bbox 1718 1200 1847 1236; x_wconf 87' lang='lat' dir='ltr'>Theo-</span> 
     </span>
    </p>

    <p class='ocr_par' dir='ltr' id='par_1_6' title="bbox 266 1256 1846 1481">
     <span class='ocr_line' id='line_1_17' title="bbox 294 1256 1846 1305; baseline 0 -12"><span class='ocrx_word' id='word_1_139' title='bbox 294 1263 354 1291; x_wconf 84' lang='lat' dir='ltr'>We</span> <span class='ocrx_word' id='word_1_140' title='bbox 376 1267 459 1290; x_wconf 84' lang='lat' dir='ltr'>must</span> <span class='ocrx_word' id='word_1_141' title='bbox 529 1258 643 1305; x_wconf 78' lang='lat' dir='ltr'>logus</span> <span class='ocrx_word' id='word_1_142' title='bbox 675 1267 810 1294; x_wconf 86' lang='lat' dir='ltr'>tamen</span> <span class='ocrx_word' id='word_1_143' title='bbox 840 1259 956 1294; x_wconf 88' lang='lat' dir='ltr'>debet</span> <span class='ocrx_word' id='word_1_144' title='bbox 991 1257 1131 1294; x_wconf 88' lang='lat' dir='ltr'>micius</span> <span class='ocrx_word' id='word_1_145' title='bbox 1164 1271 1254 1294; x_wconf 89' lang='lat' dir='ltr'>suas</span> <span class='ocrx_word' id='word_1_146' title='bbox 1287 1256 1465 1293; x_wconf 79' lang='lat' dir='ltr'>malicias</span> <span class='ocrx_word' id='word_1_147' title='bbox 1487 1256 1617 1293; x_wconf 80' lang='lat' dir='ltr'>verbis</span> <span class='ocrx_word' id='word_1_148' title='bbox 1650 1256 1846 1305; x_wconf 78' lang='lat' dir='ltr'>scripture</span> 
     </span>
     <span class='ocr_line' id='line_1_18' title="bbox 266 1298 1844 1369; baseline -0.001 -18"><span class='ocrx_word' id='word_1_149' title='bbox 266 1298 480 1369; x_wconf 48' lang='grc' dir='ltr'>ἓεὲῐῗῗξεξιιὲξ</span> <span class='ocrx_word' id='word_1_150' title='bbox 530 1317 726 1363; x_wconf 79' lang='lat' dir='ltr'>detegere,</span> <span class='ocrx_word' id='word_1_151' title='bbox 761 1324 801 1351; x_wconf 86' lang='lat' dir='ltr'>ut</span> <span class='ocrx_word' id='word_1_152' title='bbox 837 1317 941 1352; x_wconf 81' lang='lat' dir='ltr'>Luce</span> <span class='ocrx_word' id='word_1_153' title='bbox 973 1318 1079 1352; x_wconf 79' lang='lat' dir='ltr'>V1110</span> <span class='ocrx_word' id='word_1_154' title='bbox 1113 1325 1301 1353; x_wconf 78' lang='lat' dir='ltr'>narratur</span> <span class='ocrx_word' id='word_1_155' title='bbox 1341 1316 1546 1363; x_wconf 82' lang='lat' dir='ltr'>quomodo</span> <span class='ocrx_word' id='word_1_156' title='bbox 1581 1316 1719 1351; x_wconf 74' lang='lat' dir='ltr'>mulier</span> <span class='ocrx_word' id='word_1_157' title='bbox 1758 1327 1844 1364; x_wconf 80' lang='lat' dir='ltr'>qne-</span> 
     </span>
     <span class='ocr_line' id='line_1_19' title="bbox 293 1367 1845 1425; baseline 0 -16"><span class='ocrx_word' id='word_1_158' title='bbox 293 1367 461 1403; x_wconf 82' lang='lat' dir='ltr'>Scripture.</span> <span class='ocrx_word' id='word_1_159' title='bbox 530 1375 617 1409; x_wconf 80' lang='lat' dir='ltr'>dam</span> <span class='ocrx_word' id='word_1_160' title='bbox 651 1381 735 1409; x_wconf 81' lang='lat' dir='ltr'>erat</span> <span class='ocrx_word' id='word_1_161' title='bbox 774 1374 808 1409; x_wconf 83' lang='lat' dir='ltr'>in</span> <span class='ocrx_word' id='word_1_162' title='bbox 837 1374 956 1424; x_wconf 68' lang='lat' dir='ltr'>fluxu</span> <span class='ocrx_word' id='word_1_163' title='bbox 995 1375 1195 1425; x_wconf 72' lang='lat' dir='ltr'>sanguinis</span> <span class='ocrx_word' id='word_1_164' title='bbox 1233 1375 1278 1410; x_wconf 80' lang='lat' dir='ltr'>ab</span> <span class='ocrx_word' id='word_1_165' title='bbox 1318 1373 1427 1409; x_wconf 71' lang='lat' dir='ltr'>amris</span> <span class='ocrx_word' id='word_1_166' title='bbox 1466 1373 1663 1409; x_wconf 78' lang='lat' dir='ltr'>duodecim</span> <span class='ocrx_word' id='word_1_167' title='bbox 1703 1385 1772 1422; x_wconf 81' lang='lat' dir='ltr'>qne</span> <span class='ocrx_word' id='word_1_168' title='bbox 1809 1374 1845 1409; x_wconf 85' lang='lat' dir='ltr'>in</span> 
     </span>
     <span class='ocr_line' id='line_1_20' title="bbox 529 1432 1843 1481; baseline -0.002 -14"><span class='ocrx_word' id='word_1_169' title='bbox 529 1432 696 1468; x_wconf 74' lang='lat' dir='ltr'>medicos</span> <span class='ocrx_word' id='word_1_170' title='bbox 726 1433 966 1481; x_wconf 71' lang='lat' dir='ltr'>expenderat</span> <span class='ocrx_word' id='word_1_171' title='bbox 998 1445 1144 1468; x_wconf 78' lang='lat' dir='ltr'>omnem</span> <span class='ocrx_word' id='word_1_172' title='bbox 1178 1432 1433 1468; x_wconf 70' lang='lat' dir='ltr'>substanciam</span> <span class='ocrx_word' id='word_1_173' title='bbox 1466 1443 1573 1466; x_wconf 68' lang='lat' dir='ltr'>suam</span> <span class='ocrx_word' id='word_1_174' title='bbox 1608 1443 1674 1467; x_wconf 84' lang='lat' dir='ltr'>nec</span> <span class='ocrx_word' id='word_1_175' title='bbox 1696 1432 1741 1466; x_wconf 77' lang='lat' dir='ltr'>ab</span> <span class='ocrx_word' id='word_1_176' title='bbox 1766 1432 1843 1467; x_wconf 82' lang='lat' dir='ltr'>ullo</span> 
     </span>
    </p>

    <p class='ocr_par' dir='ltr' id='par_1_7' title="bbox 527 1488 1843 1539">
     <span class='ocr_line' id='line_1_21' title="bbox 527 1488 1843 1539; baseline -0.001 -14"><span class='ocrx_word' id='word_1_177' title='bbox 527 1490 663 1525; x_wconf 75' lang='lat' dir='ltr'>curari</span> <span class='ocrx_word' id='word_1_178' title='bbox 706 1490 846 1539; x_wconf 80' lang='lat' dir='ltr'>potuit,</span> <span class='ocrx_word' id='word_1_179' title='bbox 904 1491 971 1525; x_wconf 88' lang='lat' dir='ltr'>sed</span> <span class='ocrx_word' id='word_1_180' title='bbox 1030 1503 1073 1526; x_wconf 83' lang='lat' dir='ltr'>ex</span> <span class='ocrx_word' id='word_1_181' title='bbox 1131 1499 1241 1526; x_wconf 89' lang='lat' dir='ltr'>tactu</span> <span class='ocrx_word' id='word_1_182' title='bbox 1301 1488 1455 1525; x_wconf 76' lang='lat' dir='ltr'>fimbrie</span> <span class='ocrx_word' id='word_1_183' title='bbox 1514 1489 1843 1525; x_wconf 69' lang='lat' dir='ltr'>vestimentorum</span> 
     </span>
    </p>

    <p class='ocr_par' dir='ltr' id='par_1_8' title="bbox 528 1546 1842 1595">
     <span class='ocr_line' id='line_1_22' title="bbox 528 1546 1842 1595; baseline -0.001 -12"><span class='ocrx_word' id='word_1_184' title='bbox 528 1546 688 1583; x_wconf 87' lang='lat' dir='ltr'>Domini</span> <span class='ocrx_word' id='word_1_185' title='bbox 727 1556 784 1583; x_wconf 89' lang='lat' dir='ltr'>est</span> <span class='ocrx_word' id='word_1_186' title='bbox 825 1556 974 1584; x_wconf 86' lang='lat' dir='ltr'>curata.</span> <span class='ocrx_word' id='word_1_187' title='bbox 1022 1547 1085 1584; x_wconf 80' lang='lat' dir='ltr'>Sic</span> <span class='ocrx_word' id='word_1_188' title='bbox 1132 1547 1293 1584; x_wconf 88' lang='lat' dir='ltr'>indubie</span> <span class='ocrx_word' id='word_1_189' title='bbox 1334 1546 1448 1582; x_wconf 86' lang='lat' dir='ltr'>multi</span> <span class='ocrx_word' id='word_1_190' title='bbox 1486 1546 1557 1582; x_wconf 69' lang='lat' dir='ltr'>viri</span> <span class='ocrx_word' id='word_1_191' title='bbox 1605 1546 1842 1595; x_wconf 75' lang='lat' dir='ltr'>sanguinum</span> 
     </span>
    </p>

    <p class='ocr_par' dir='ltr' id='par_1_9' title="bbox 526 1603 1844 1711">
     <span class='ocr_line' id='line_1_23' title="bbox 526 1603 1844 1654; baseline 0 -13"><span class='ocrx_word' id='word_1_192' title='bbox 526 1606 752 1654; x_wconf 79' lang='lat' dir='ltr'>expendunt</span> <span class='ocrx_word' id='word_1_193' title='bbox 787 1606 953 1642; x_wconf 82' lang='lat' dir='ltr'>multam</span> <span class='ocrx_word' id='word_1_194' title='bbox 986 1605 1257 1642; x_wconf 81' lang='lat' dir='ltr'>substanciam</span> <span class='ocrx_word' id='word_1_195' title='bbox 1291 1604 1396 1640; x_wconf 86' lang='lat' dir='ltr'>circa</span> <span class='ocrx_word' id='word_1_196' title='bbox 1430 1603 1773 1652; x_wconf 70' lang='lat' dir='ltr'>privilegiaciones</span> <span class='ocrx_word' id='word_1_197' title='bbox 1808 1614 1844 1641; x_wconf 86' lang='lat' dir='ltr'>et</span> 
     </span>
     <span class='ocr_line' id='line_1_24' title="bbox 526 1661 1842 1711; baseline -0.001 -12"><span class='ocrx_word' id='word_1_198' title='bbox 526 1662 799 1711; x_wconf 81' lang='lat' dir='ltr'>indulgencias</span> <span class='ocrx_word' id='word_1_199' title='bbox 840 1665 1017 1699; x_wconf 87' lang='lat' dir='ltr'>Romane</span> <span class='ocrx_word' id='word_1_200' title='bbox 1066 1663 1186 1706; x_wconf 74' lang='lat' dir='ltr'>curie,</span> <span class='ocrx_word' id='word_1_201' title='bbox 1232 1675 1304 1699; x_wconf 81' lang='lat' dir='ltr'>nec</span> <span class='ocrx_word' id='word_1_202' title='bbox 1350 1675 1430 1698; x_wconf 86' lang='lat' dir='ltr'>non</span> <span class='ocrx_word' id='word_1_203' title='bbox 1476 1661 1581 1698; x_wconf 86' lang='lat' dir='ltr'>circa</span> <span class='ocrx_word' id='word_1_204' title='bbox 1626 1672 1842 1711; x_wconf 84' lang='lat' dir='ltr'>perpetuos</span> 
     </span>
    </p>

    <p class='ocr_par' dir='ltr' id='par_1_10' title="bbox 527 1719 1843 1769">
     <span class='ocr_line' id='line_1_25' title="bbox 527 1719 1843 1769; baseline -0.001 -12"><span class='ocrx_word' id='word_1_205' title='bbox 527 1731 708 1758; x_wconf 87' lang='lat' dir='ltr'>oratores</span> <span class='ocrx_word' id='word_1_206' title='bbox 743 1730 780 1758; x_wconf 89' lang='lat' dir='ltr'>et</span> <span class='ocrx_word' id='word_1_207' title='bbox 814 1721 1061 1757; x_wconf 88' lang='lat' dir='ltr'>confessores</span> <span class='ocrx_word' id='word_1_208' title='bbox 1086 1731 1122 1758; x_wconf 87' lang='lat' dir='ltr'>et</span> <span class='ocrx_word' id='word_1_209' title='bbox 1145 1734 1225 1757; x_wconf 87' lang='lat' dir='ltr'>non</span> <span class='ocrx_word' id='word_1_210' title='bbox 1258 1720 1419 1769; x_wconf 76' lang='lat' dir='ltr'>proficit</span> <span class='ocrx_word' id='word_1_211' title='bbox 1444 1719 1593 1756; x_wconf 87' lang='lat' dir='ltr'>directe</span> <span class='ocrx_word' id='word_1_212' title='bbox 1622 1722 1689 1757; x_wconf 89' lang='lat' dir='ltr'>sed</span> <span class='ocrx_word' id='word_1_213' title='bbox 1713 1730 1843 1765; x_wconf 78' lang='lat' dir='ltr'>nocet,</span> 
     </span>
    </p>

    <p class='ocr_par' dir='ltr' id='par_1_11' title="bbox 529 1777 1844 1827">
     <span class='ocr_line' id='line_1_26' title="bbox 529 1777 1844 1827; baseline -0.001 -12"><span class='ocrx_word' id='word_1_214' title='bbox 529 1792 619 1815; x_wconf 91' lang='lat' dir='ltr'>cum</span> <span class='ocrx_word' id='word_1_215' title='bbox 642 1788 853 1827; x_wconf 86' lang='lat' dir='ltr'>peccatum</span> <span class='ocrx_word' id='word_1_216' title='bbox 885 1779 1088 1827; x_wconf 78' lang='lat' dir='ltr'>sanguinis</span> <span class='ocrx_word' id='word_1_217' title='bbox 1113 1779 1300 1816; x_wconf 90' lang='lat' dir='ltr'>continue</span> <span class='ocrx_word' id='word_1_218' title='bbox 1333 1777 1552 1814; x_wconf 76' lang='lat' dir='ltr'>invalescit.</span> <span class='ocrx_word' id='word_1_219' title='bbox 1579 1780 1692 1815; x_wconf 89' lang='lat' dir='ltr'>Unde</span> <span class='ocrx_word' id='word_1_220' title='bbox 1724 1778 1844 1814; x_wconf 87' lang='lat' dir='ltr'>istum</span> 
     </span>
    </p>

    <p class='ocr_par' dir='ltr' id='par_1_12' title="bbox 528 1835 1845 1885">
     <span class='ocr_line' id='line_1_27' title="bbox 528 1835 1845 1885; baseline -0.001 -12"><span class='ocrx_word' id='word_1_221' title='bbox 528 1837 727 1873; x_wconf 87' lang='lat' dir='ltr'>defectum</span> <span class='ocrx_word' id='word_1_222' title='bbox 760 1837 970 1885; x_wconf 81' lang='lat' dir='ltr'>theologus</span> <span class='ocrx_word' id='word_1_223' title='bbox 1004 1839 1119 1873; x_wconf 89' lang='lat' dir='ltr'>debet</span> <span class='ocrx_word' id='word_1_224' title='bbox 1153 1839 1336 1885; x_wconf 80' lang='lat' dir='ltr'>detegere</span> <span class='ocrx_word' id='word_1_225' title='bbox 1369 1845 1406 1872; x_wconf 90' lang='lat' dir='ltr'>et</span> <span class='ocrx_word' id='word_1_226' title='bbox 1439 1835 1647 1884; x_wconf 83' lang='lat' dir='ltr'>phariseos</span> <span class='ocrx_word' id='word_1_227' title='bbox 1680 1849 1702 1873; x_wconf 85' lang='lat' dir='ltr'>a</span> <span class='ocrx_word' id='word_1_228' title='bbox 1734 1837 1845 1872; x_wconf 84' lang='lat' dir='ltr'>falla-</span> 
     </span>
    </p>

    <p class='ocr_par' dir='ltr' id='par_1_13' title="bbox 530 1894 1842 1944">
     <span class='ocr_line' id='line_1_28' title="bbox 530 1894 1842 1944; baseline -0.002 -13"><span class='ocrx_word' id='word_1_229' title='bbox 530 1894 599 1931; x_wconf 88' lang='lat' dir='ltr'>ciis</span> <span class='ocrx_word' id='word_1_230' title='bbox 657 1895 801 1944; x_wconf 89' lang='lat' dir='ltr'>quibus</span> <span class='ocrx_word' id='word_1_231' title='bbox 853 1897 1047 1931; x_wconf 87' lang='lat' dir='ltr'>seducunt</span> <span class='ocrx_word' id='word_1_232' title='bbox 1107 1896 1302 1943; x_wconf 85' lang='lat' dir='ltr'>populum</span> <span class='ocrx_word' id='word_1_233' title='bbox 1361 1903 1569 1930; x_wconf 80' lang='lat' dir='ltr'>exterrere.</span> <span class='ocrx_word' id='word_1_234' title='bbox 1622 1895 1842 1930; x_wconf 73' lang='lat' dir='ltr'>Exterrere</span> 
     </span>
    </p>

    <p class='ocr_par' dir='ltr' id='par_1_14' title="bbox 530 1951 1845 1990">
     <span class='ocr_line' id='line_1_29' title="bbox 530 1951 1845 1990; baseline -0.001 -1"><span class='ocrx_word' id='word_1_235' title='bbox 530 1952 620 1989; x_wconf 89' lang='lat' dir='ltr'>dico</span> <span class='ocrx_word' id='word_1_236' title='bbox 664 1966 744 1990; x_wconf 90' lang='lat' dir='ltr'>non</span> <span class='ocrx_word' id='word_1_237' title='bbox 788 1955 883 1990; x_wconf 90' lang='lat' dir='ltr'>cede</span> <span class='ocrx_word' id='word_1_238' title='bbox 927 1954 987 1990; x_wconf 72' lang='lat' dir='ltr'>vel</span> <span class='ocrx_word' id='word_1_239' title='bbox 1032 1955 1195 1990; x_wconf 72' lang='lat' dir='ltr'>verbere</span> <span class='ocrx_word' id='word_1_240' title='bbox 1242 1953 1309 1990; x_wconf 88' lang='lat' dir='ltr'>sed</span> <span class='ocrx_word' id='word_1_241' title='bbox 1357 1965 1445 1988; x_wconf 92' lang='lat' dir='ltr'>cum</span> <span class='ocrx_word' id='word_1_242' title='bbox 1492 1951 1601 1988; x_wconf 91' lang='lat' dir='ltr'>omni</span> <span class='ocrx_word' id='word_1_243' title='bbox 1649 1951 1845 1988; x_wconf 88' lang='lat' dir='ltr'>modestia</span> 
     </span>
    </p>
   </div>
   <div class='ocr_carea' id='block_1_5' title="bbox 528 2011 776 2048">
    <p class='ocr_par' dir='ltr' id='par_1_15' title="bbox 528 2011 776 2048">
     <span class='ocr_line' id='line_1_30' title="bbox 528 2011 776 2048; baseline 0 -1"><span class='ocrx_word' id='word_1_244' title='bbox 528 2011 658 2048; x_wconf 88' lang='lat' dir='ltr'>verbis</span> <span class='ocrx_word' id='word_1_245' title='bbox 691 2011 776 2048; x_wconf 86' lang='lat' dir='ltr'>Dei.</span> 
     </span>
    </p>
   </div>
   <div class='ocr_carea' id='block_1_6' title="bbox 242 2067 1875 2117">
    <p class='ocr_par' dir='ltr' id='par_1_16' title="bbox 242 2067 1875 2117">
     <span class='ocr_line' id='line_1_31' title="bbox 242 2067 1875 2117; baseline 0 -14"><span class='ocrx_word' id='word_1_246' title='bbox 242 2076 389 2104; x_wconf 74' lang='lat' dir='ltr'>Reason&#39;s</span> <span class='ocrx_word' id='word_1_247' title='bbox 411 2076 498 2103; x_wconf 72' lang='lat' dir='ltr'>share</span> <span class='ocrx_word' id='word_1_248' title='bbox 588 2070 772 2105; x_wconf 86' lang='lat' dir='ltr'>Secundo</span> <span class='ocrx_word' id='word_1_249' title='bbox 812 2069 1019 2105; x_wconf 85' lang='lat' dir='ltr'>dubitatur</span> <span class='ocrx_word' id='word_1_250' title='bbox 1057 2070 1263 2117; x_wconf 87' lang='lat' dir='ltr'>quomodo</span> <span class='ocrx_word' id='word_1_251' title='bbox 1303 2068 1412 2105; x_wconf 88' lang='lat' dir='ltr'>racio</span> <span class='ocrx_word' id='word_1_252' title='bbox 1451 2081 1473 2104; x_wconf 91' lang='lat' dir='ltr'>a</span> <span class='ocrx_word' id='word_1_253' title='bbox 1512 2067 1769 2104; x_wconf 86' lang='lat' dir='ltr'>sensualitate</span> <span class='ocrx_word' id='word_1_254' title='bbox 1808 2072 1875 2104; x_wconf 72' lang='lat' dir='ltr'>et?</span> 
     </span>
    </p>
   </div>
   <div class='ocr_carea' id='block_1_7' title="bbox 324 2119 1846 2175">
    <p class='ocr_par' dir='ltr' id='par_1_17' title="bbox 324 2119 1846 2175">
     <span class='ocr_line' id='line_1_32' title="bbox 324 2119 1846 2175; baseline -0.001 -12"><span class='ocrx_word' id='word_1_255' title='bbox 324 2119 353 2138; x_wconf 76' lang='lat'>¹¹¹</span> <span class='ocrx_word' id='word_1_256' title='bbox 375 2119 432 2138; x_wconf 61' lang='lat'>³¹¹¹&#39;</span> <span class='ocrx_word' id='word_1_257' title='bbox 529 2126 616 2163; x_wconf 88' lang='lat' dir='ltr'>aliis</span> <span class='ocrx_word' id='word_1_258' title='bbox 649 2127 735 2175; x_wconf 83' lang='lat' dir='ltr'>ipsa</span> <span class='ocrx_word' id='word_1_259' title='bbox 767 2126 1022 2163; x_wconf 88' lang='lat' dir='ltr'>inferioribus</span> <span class='ocrx_word' id='word_1_260' title='bbox 1055 2127 1094 2163; x_wconf 93' lang='lat' dir='ltr'>in</span> <span class='ocrx_word' id='word_1_261' title='bbox 1126 2135 1268 2163; x_wconf 88' lang='lat' dir='ltr'>natura</span> <span class='ocrx_word' id='word_1_262' title='bbox 1302 2125 1561 2171; x_wconf 81' lang='lat' dir='ltr'>convincitur,</span> <span class='ocrx_word' id='word_1_263' title='bbox 1596 2138 1686 2161; x_wconf 92' lang='lat' dir='ltr'>cum</span> <span class='ocrx_word' id='word_1_264' title='bbox 1709 2138 1846 2162; x_wconf 85' lang='lat' dir='ltr'>secun-</span> 
     </span>
    </p>
   </div>
   <div class='ocr_carea' id='block_1_8' title="bbox 528 2183 1845 2464">
    <p class='ocr_par' dir='ltr' id='par_1_18' title="bbox 528 2183 1845 2464">
     <span class='ocr_line' id='line_1_33' title="bbox 530 2183 1845 2233; baseline -0.001 -13"><span class='ocrx_word' id='word_1_265' title='bbox 530 2186 624 2220; x_wconf 91' lang='lat' dir='ltr'>dum</span> <span class='ocrx_word' id='word_1_266' title='bbox 664 2184 928 2233; x_wconf 86' lang='lat' dir='ltr'>philosophos</span> <span class='ocrx_word' id='word_1_267' title='bbox 969 2184 1099 2221; x_wconf 87' lang='lat' dir='ltr'>omnis</span> <span class='ocrx_word' id='word_1_268' title='bbox 1140 2193 1271 2221; x_wconf 88' lang='lat' dir='ltr'>motus</span> <span class='ocrx_word' id='word_1_269' title='bbox 1311 2183 1401 2221; x_wconf 85' lang='lat' dir='ltr'>talis</span> <span class='ocrx_word' id='word_1_270' title='bbox 1433 2184 1494 2220; x_wconf 70' lang='lat' dir='ltr'>vel</span> <span class='ocrx_word' id='word_1_271' title='bbox 1527 2183 1638 2219; x_wconf 90' lang='lat' dir='ltr'>accio</span> <span class='ocrx_word' id='word_1_272' title='bbox 1678 2196 1720 2219; x_wconf 78' lang='lat' dir='ltr'>ex</span> <span class='ocrx_word' id='word_1_273' title='bbox 1753 2196 1845 2231; x_wconf 90' lang='lat' dir='ltr'>pro-</span> 
     </span>
     <span class='ocr_line' id='line_1_34' title="bbox 529 2240 1844 2291; baseline -0.002 -13"><span class='ocrx_word' id='word_1_274' title='bbox 529 2243 721 2290; x_wconf 87' lang='lat' dir='ltr'>porcione</span> <span class='ocrx_word' id='word_1_275' title='bbox 762 2242 924 2279; x_wconf 86' lang='lat' dir='ltr'>maioris</span> <span class='ocrx_word' id='word_1_276' title='bbox 963 2242 1236 2291; x_wconf 85' lang='lat' dir='ltr'>inequalitatis</span> <span class='ocrx_word' id='word_1_277' title='bbox 1277 2250 1476 2278; x_wconf 86' lang='lat' dir='ltr'>causatur.</span> <span class='ocrx_word' id='word_1_278' title='bbox 1523 2243 1600 2277; x_wconf 87' lang='lat' dir='ltr'>Sed</span> <span class='ocrx_word' id='word_1_279' title='bbox 1645 2242 1693 2277; x_wconf 87' lang='lat' dir='ltr'>ad</span> <span class='ocrx_word' id='word_1_280' title='bbox 1739 2240 1844 2277; x_wconf 86' lang='lat' dir='ltr'>istud</span> 
     </span>
     <span class='ocr_line' id='line_1_35' title="bbox 531 2299 1843 2349; baseline -0.001 -14"><span class='ocrx_word' id='word_1_281' title='bbox 531 2299 676 2336; x_wconf 88' lang='lat' dir='ltr'>dicitur</span> <span class='ocrx_word' id='word_1_282' title='bbox 716 2302 823 2349; x_wconf 87' lang='lat' dir='ltr'>quod</span> <span class='ocrx_word' id='word_1_283' title='bbox 862 2300 1025 2348; x_wconf 87' lang='lat' dir='ltr'>spiritus</span> <span class='ocrx_word' id='word_1_284' title='bbox 1065 2302 1262 2337; x_wconf 88' lang='lat' dir='ltr'>humanus</span> <span class='ocrx_word' id='word_1_285' title='bbox 1300 2300 1428 2336; x_wconf 86' lang='lat' dir='ltr'>factus</span> <span class='ocrx_word' id='word_1_286' title='bbox 1475 2308 1531 2335; x_wconf 88' lang='lat' dir='ltr'>est</span> <span class='ocrx_word' id='word_1_287' title='bbox 1579 2312 1600 2335; x_wconf 90' lang='lat' dir='ltr'>a</span> <span class='ocrx_word' id='word_1_288' title='bbox 1634 2301 1717 2335; x_wconf 89' lang='lat' dir='ltr'>Deo</span> <span class='ocrx_word' id='word_1_289' title='bbox 1762 2308 1843 2335; x_wconf 86' lang='lat' dir='ltr'>tam</span> 
     </span>
     <span class='ocr_line' id='line_1_36' title="bbox 529 2356 1844 2407; baseline -0.001 -14"><span class='ocrx_word' id='word_1_290' title='bbox 529 2358 674 2394; x_wconf 90' lang='lat' dir='ltr'>nobilis</span> <span class='ocrx_word' id='word_1_291' title='bbox 713 2360 821 2407; x_wconf 90' lang='lat' dir='ltr'>quod</span> <span class='ocrx_word' id='word_1_292' title='bbox 854 2371 926 2395; x_wconf 92' lang='lat' dir='ltr'>nec</span> <span class='ocrx_word' id='word_1_293' title='bbox 965 2360 1014 2395; x_wconf 85' lang='lat' dir='ltr'>ab</span> <span class='ocrx_word' id='word_1_294' title='bbox 1049 2359 1190 2406; x_wconf 81' lang='lat' dir='ltr'>angelo</span> <span class='ocrx_word' id='word_1_295' title='bbox 1222 2371 1294 2394; x_wconf 87' lang='lat' dir='ltr'>nec</span> <span class='ocrx_word' id='word_1_296' title='bbox 1334 2359 1383 2394; x_wconf 83' lang='lat' dir='ltr'>ab</span> <span class='ocrx_word' id='word_1_297' title='bbox 1417 2356 1495 2394; x_wconf 83' lang='lat' dir='ltr'>alia</span> <span class='ocrx_word' id='word_1_298' title='bbox 1530 2365 1713 2393; x_wconf 84' lang='lat' dir='ltr'>creatura</span> <span class='ocrx_word' id='word_1_299' title='bbox 1752 2369 1844 2393; x_wconf 89' lang='lat' dir='ltr'>con-</span> 
     </span>
     <span class='ocr_line' id='line_1_37' title="bbox 528 2414 1845 2464; baseline -0.002 -12"><span class='ocrx_word' id='word_1_300' title='bbox 528 2415 632 2452; x_wconf 88' lang='lat' dir='ltr'>vinci</span> <span class='ocrx_word' id='word_1_301' title='bbox 666 2416 812 2464; x_wconf 82' lang='lat' dir='ltr'>poterit</span> <span class='ocrx_word' id='word_1_302' title='bbox 851 2416 925 2452; x_wconf 89' lang='lat' dir='ltr'>nisi</span> <span class='ocrx_word' id='word_1_303' title='bbox 965 2416 1070 2452; x_wconf 90' lang='lat' dir='ltr'>velit.</span> <span class='ocrx_word' id='word_1_304' title='bbox 1100 2415 1216 2452; x_wconf 89' lang='lat' dir='ltr'>Allici</span> <span class='ocrx_word' id='word_1_305' title='bbox 1255 2425 1390 2452; x_wconf 88' lang='lat' dir='ltr'>tamen</span> <span class='ocrx_word' id='word_1_306' title='bbox 1430 2424 1560 2463; x_wconf 80' lang='lat' dir='ltr'>potest</span> <span class='ocrx_word' id='word_1_307' title='bbox 1599 2416 1648 2452; x_wconf 84' lang='lat' dir='ltr'>ab</span> <span class='ocrx_word' id='word_1_308' title='bbox 1687 2414 1845 2451; x_wconf 90' lang='lat' dir='ltr'>obiecto</span> 
     </span>
    </p>
   </div>
   <div class='ocr_carea' id='block_1_9' title="bbox 531 2560 1843 2837">
    <p class='ocr_par' dir='ltr' id='par_1_19' title="bbox 531 2560 1843 2837">
     <span class='ocr_line' id='line_1_38' title="bbox 601 2560 1843 2596; baseline -0.002 -8"><span class='ocrx_word' id='word_1_309' title='bbox 601 2570 620 2588; x_wconf 90' lang='lat'>1.</span> <span class='ocrx_word' id='word_1_310' title='bbox 642 2562 685 2589; x_wconf 90' lang='lat' dir='ltr'>A:</span> <span class='ocrx_word' id='word_1_311' title='bbox 707 2561 787 2588; x_wconf 87' lang='lat' dir='ltr'>enim</span> <span class='ocrx_word' id='word_1_312' title='bbox 809 2561 913 2593; x_wconf 80' lang='lat' dir='ltr'>deest;</span> <span class='ocrx_word' id='word_1_313' title='bbox 943 2561 982 2587; x_wconf 88' lang='lat' dir='ltr'>ib.</span> <span class='ocrx_word' id='word_1_314' title='bbox 1005 2561 1033 2588; x_wconf 90' lang='lat' dir='ltr'><strong>A</strong></span> <span class='ocrx_word' id='word_1_315' title='bbox 1053 2561 1081 2587; x_wconf 90' lang='lat' dir='ltr'>in</span> <span class='ocrx_word' id='word_1_316' title='bbox 1104 2569 1216 2595; x_wconf 45' lang='lat' dir='ltr'>marg:</span> <span class='ocrx_word' id='word_1_317' title='bbox 1238 2560 1319 2588; x_wconf 81' lang='lat' dir='ltr'>Nota</span> <span class='ocrx_word' id='word_1_318' title='bbox 1339 2561 1559 2595; x_wconf 69' lang='lat' dir='ltr'>Augustinum.</span> <span class='ocrx_word' id='word_1_319' title='bbox 1626 2569 1651 2596; x_wconf 90' lang='lat'>7.</span> <span class='ocrx_word' id='word_1_320' title='bbox 1672 2560 1716 2587; x_wconf 82' lang='lat' dir='ltr'>A:</span> <span class='ocrx_word' id='word_1_321' title='bbox 1738 2567 1843 2586; x_wconf 84' lang='lat' dir='ltr'>eorum</span> 
     </span>
     <span class='ocr_line' id='line_1_39' title="bbox 531 2594 1843 2632; baseline -0.002 -10"><span class='ocrx_word' id='word_1_322' title='bbox 531 2595 624 2623; x_wconf 80' lang='lat' dir='ltr'>deest.</span> <span class='ocrx_word' id='word_1_323' title='bbox 682 2605 709 2632; x_wconf 85' lang='lat'>9.</span> <span class='ocrx_word' id='word_1_324' title='bbox 732 2597 775 2623; x_wconf 81' lang='lat' dir='ltr'>A:</span> <span class='ocrx_word' id='word_1_325' title='bbox 797 2600 829 2623; x_wconf 87' lang='lat' dir='ltr'>ut</span> <span class='ocrx_word' id='word_1_326' title='bbox 849 2596 983 2631; x_wconf 79' lang='lat' dir='ltr'>quidem.</span> <span class='ocrx_word' id='word_1_327' title='bbox 1041 2604 1077 2622; x_wconf 80' lang='lat'>12.</span> <span class='ocrx_word' id='word_1_328' title='bbox 1101 2595 1166 2622; x_wconf 87' lang='lat' dir='ltr'>BC:</span> <span class='ocrx_word' id='word_1_329' title='bbox 1189 2596 1285 2622; x_wconf 81' lang='lat' dir='ltr'>fames</span> <span class='ocrx_word' id='word_1_330' title='bbox 1307 2596 1399 2622; x_wconf 81' lang='lat' dir='ltr'>deest.</span> <span class='ocrx_word' id='word_1_331' title='bbox 1464 2596 1499 2623; x_wconf 83' lang='lat'>15.</span> <span class='ocrx_word' id='word_1_332' title='bbox 1523 2594 1588 2622; x_wconf 85' lang='lat' dir='ltr'>BC:</span> <span class='ocrx_word' id='word_1_333' title='bbox 1611 2594 1843 2624; x_wconf 78' lang='lat' dir='ltr'>exterrendum:</span> 
     </span>
     <span class='ocr_line' id='line_1_40' title="bbox 531 2628 1842 2668; baseline -0.002 -11"><span class='ocrx_word' id='word_1_334' title='bbox 531 2631 572 2658; x_wconf 82' lang='lat' dir='ltr'>ib.</span> <span class='ocrx_word' id='word_1_335' title='bbox 594 2631 614 2657; x_wconf 82' lang='grc' dir='ltr'>Β</span> <span class='ocrx_word' id='word_1_336' title='bbox 637 2631 665 2657; x_wconf 92' lang='lat' dir='ltr'>in</span> <span class='ocrx_word' id='word_1_337' title='bbox 689 2639 800 2665; x_wconf 61' lang='lat' dir='ltr'>marg:</span> <span class='ocrx_word' id='word_1_338' title='bbox 829 2630 938 2658; x_wconf 86' lang='lat' dir='ltr'>Mulier</span> <span class='ocrx_word' id='word_1_339' title='bbox 964 2630 1122 2668; x_wconf 74' lang='lat' dir='ltr'>sanguinis</span> <span class='ocrx_word' id='word_1_340' title='bbox 1150 2630 1264 2657; x_wconf 67' lang='lat' dir='ltr'>fluxum</span> <span class='ocrx_word' id='word_1_341' title='bbox 1315 2630 1416 2657; x_wconf 77' lang='lat' dir='ltr'>aciens</span> <span class='ocrx_word' id='word_1_342' title='bbox 1437 2635 1463 2657; x_wconf 82' lang='lat' dir='ltr'>et</span> <span class='ocrx_word' id='word_1_343' title='bbox 1486 2630 1613 2656; x_wconf 85' lang='lat' dir='ltr'>medicis</span> <span class='ocrx_word' id='word_1_344' title='bbox 1634 2628 1842 2656; x_wconf 79' lang='lat' dir='ltr'>substanciam</span> 
     </span>
     <span class='ocr_line' id='line_1_41' title="bbox 531 2664 1842 2704; baseline -0.003 -12"><span class='ocrx_word' id='word_1_345' title='bbox 531 2666 645 2692; x_wconf 81' lang='lat' dir='ltr'>frustra</span> <span class='ocrx_word' id='word_1_346' title='bbox 665 2665 841 2704; x_wconf 79' lang='lat' dir='ltr'>expendens</span> <span class='ocrx_word' id='word_1_347' title='bbox 861 2665 934 2700; x_wconf 82' lang='lat' dir='ltr'>qnid</span> <span class='ocrx_word' id='word_1_348' title='bbox 956 2665 1114 2699; x_wconf 76' lang='lat' dir='ltr'>significat.</span> <span class='ocrx_word' id='word_1_349' title='bbox 1173 2673 1214 2700; x_wconf 70' lang='grc' dir='ltr'>ις).</span> <span class='ocrx_word' id='word_1_350' title='bbox 1236 2665 1280 2692; x_wconf 82' lang='lat' dir='ltr'>Co</span> <span class='ocrx_word' id='word_1_351' title='bbox 1307 2665 1352 2691; x_wconf 86' lang='lat' dir='ltr'>d.:</span> <span class='ocrx_word' id='word_1_352' title='bbox 1375 2665 1512 2692; x_wconf 83' lang='lat' dir='ltr'>medicis.</span> <span class='ocrx_word' id='word_1_353' title='bbox 1570 2672 1608 2691; x_wconf 76' lang='lat'>21.</span> <span class='ocrx_word' id='word_1_354' title='bbox 1630 2665 1657 2691; x_wconf 78' lang='lat' dir='ltr'><strong>A</strong></span> <span class='ocrx_word' id='word_1_355' title='bbox 1678 2664 1706 2690; x_wconf 83' lang='lat' dir='ltr'>in</span> <span class='ocrx_word' id='word_1_356' title='bbox 1730 2671 1842 2697; x_wconf 67' lang='lat' dir='ltr'>marg:</span> 
     </span>
     <span class='ocr_line' id='line_1_42' title="bbox 532 2698 1842 2735; baseline -0.002 -9"><span class='ocrx_word' id='word_1_357' title='bbox 532 2699 647 2727; x_wconf 82' lang='lat' dir='ltr'>Contra</span> <span class='ocrx_word' id='word_1_358' title='bbox 669 2700 826 2735; x_wconf 78' lang='lat' dir='ltr'>privilegia</span> <span class='ocrx_word' id='word_1_359' title='bbox 847 2704 874 2726; x_wconf 88' lang='lat' dir='ltr'>et</span> <span class='ocrx_word' id='word_1_360' title='bbox 894 2699 1122 2734; x_wconf 73' lang='lat' dir='ltr'>indulgencias:</span> <span class='ocrx_word' id='word_1_361' title='bbox 1150 2699 1171 2725; x_wconf 81' lang='grc' dir='ltr'>Β</span> <span class='ocrx_word' id='word_1_362' title='bbox 1192 2700 1221 2726; x_wconf 85' lang='lat' dir='ltr'>in</span> <span class='ocrx_word' id='word_1_363' title='bbox 1244 2708 1356 2734; x_wconf 60' lang='lat' dir='ltr'>marg:</span> <span class='ocrx_word' id='word_1_364' title='bbox 1380 2699 1470 2726; x_wconf 85' lang='lat' dir='ltr'>Nota.</span> <span class='ocrx_word' id='word_1_365' title='bbox 1562 2698 1607 2726; x_wconf 79' lang='lat'>30.</span> <span class='ocrx_word' id='word_1_366' title='bbox 1629 2699 1657 2726; x_wconf 89' lang='lat' dir='ltr'><strong>A</strong></span> <span class='ocrx_word' id='word_1_367' title='bbox 1677 2698 1706 2725; x_wconf 91' lang='lat' dir='ltr'>in</span> <span class='ocrx_word' id='word_1_368' title='bbox 1729 2705 1842 2732; x_wconf 63' lang='lat' dir='ltr'>marg:</span> 
     </span>
     <span class='ocr_line' id='line_1_43' title="bbox 532 2732 1841 2769; baseline -0.002 -8"><span class='ocrx_word' id='word_1_369' title='bbox 532 2734 666 2761; x_wconf 75' lang='lat' dir='ltr'>Dubium</span> <span class='ocrx_word' id='word_1_370' title='bbox 690 2734 876 2768; x_wconf 76' lang='lat' dir='ltr'>secundum;</span> <span class='ocrx_word' id='word_1_371' title='bbox 898 2735 917 2760; x_wconf 77' lang='grc' dir='ltr'><strong>Β</strong></span> <span class='ocrx_word' id='word_1_372' title='bbox 940 2734 968 2761; x_wconf 93' lang='lat' dir='ltr'>in</span> <span class='ocrx_word' id='word_1_373' title='bbox 991 2742 1103 2768; x_wconf 45' lang='lat' dir='ltr'>marga</span> <span class='ocrx_word' id='word_1_374' title='bbox 1128 2734 1257 2769; x_wconf 82' lang='lat' dir='ltr'>Questio</span> <span class='ocrx_word' id='word_1_375' title='bbox 1279 2734 1406 2769; x_wconf 82' lang='lat' dir='ltr'>pulchra</span> <span class='ocrx_word' id='word_1_376' title='bbox 1428 2733 1564 2760; x_wconf 81' lang='lat' dir='ltr'>moralis.</span> <span class='ocrx_word' id='word_1_377' title='bbox 1649 2732 1687 2760; x_wconf 83' lang='lat'>31.</span> <span class='ocrx_word' id='word_1_378' title='bbox 1710 2733 1753 2759; x_wconf 87' lang='lat' dir='ltr'>A:</span> <span class='ocrx_word' id='word_1_379' title='bbox 1775 2732 1841 2766; x_wconf 82' lang='lat' dir='ltr'>ipsa</span> 
     </span>
     <span class='ocr_line' id='line_1_44' title="bbox 532 2767 1841 2803; baseline -0.002 -8"><span class='ocrx_word' id='word_1_380' title='bbox 532 2769 624 2795; x_wconf 79' lang='lat' dir='ltr'>deest.</span> <span class='ocrx_word' id='word_1_381' title='bbox 723 2767 766 2796; x_wconf 88' lang='lat'>33.</span> <span class='ocrx_word' id='word_1_382' title='bbox 789 2769 809 2795; x_wconf 82' lang='lat' dir='ltr'><strong>B</strong></span> <span class='ocrx_word' id='word_1_383' title='bbox 831 2768 860 2795; x_wconf 88' lang='lat' dir='ltr'>in</span> <span class='ocrx_word' id='word_1_384' title='bbox 882 2776 996 2803; x_wconf 64' lang='lat' dir='ltr'>marg:</span> <span class='ocrx_word' id='word_1_385' title='bbox 1025 2768 1161 2795; x_wconf 82' lang='lat' dir='ltr'>Solucio.</span> <span class='ocrx_word' id='word_1_386' title='bbox 1190 2768 1379 2796; x_wconf 68' lang='lat' dir='ltr'>sensualiter</span> <span class='ocrx_word' id='word_1_387' title='bbox 1397 2768 1556 2803; x_wconf 82' lang='lat' dir='ltr'>quomodo</span> <span class='ocrx_word' id='word_1_388' title='bbox 1577 2767 1668 2795; x_wconf 76' lang='lat' dir='ltr'>allicit</span> <span class='ocrx_word' id='word_1_389' title='bbox 1689 2767 1841 2793; x_wconf 82' lang='lat' dir='ltr'>racionem</span> 
     </span>
     <span class='ocr_line' id='line_1_45' title="bbox 531 2802 1258 2837; baseline 0 -7"><span class='ocrx_word' id='word_1_390' title='bbox 531 2808 558 2830; x_wconf 86' lang='lat' dir='ltr'>et</span> <span class='ocrx_word' id='word_1_391' title='bbox 578 2804 765 2830; x_wconf 76' lang='lat' dir='ltr'>voluntatem</span> <span class='ocrx_word' id='word_1_392' title='bbox 786 2802 823 2830; x_wconf 90' lang='lat' dir='ltr'>ad</span> <span class='ocrx_word' id='word_1_393' title='bbox 844 2802 1104 2830; x_wconf 81' lang='lat' dir='ltr'>consenciendum</span> <span class='ocrx_word' id='word_1_394' title='bbox 1125 2808 1258 2837; x_wconf 81' lang='lat' dir='ltr'>peccato.</span> 
     </span>
    </p>
   </div>
   <div class='ocr_carea' id='block_1_10' title="bbox 608 2893 1840 2940">
    <p class='ocr_par' dir='ltr' id='par_1_20' title="bbox 608 2893 1840 2940">
     <span class='ocr_line' id='line_1_46' title="bbox 608 2893 1840 2940; baseline -0.001 -11"><span class='ocrx_word' id='word_1_395' title='bbox 608 2907 635 2931; x_wconf 82' lang='lat'>1.</span> <span class='ocrx_word' id='word_1_396' title='bbox 652 2896 850 2940; x_wconf 81' lang='lat' dir='ltr'>Augustini,</span> <span class='ocrx_word' id='word_1_397' title='bbox 869 2897 921 2929; x_wconf 88' lang='lat' dir='ltr'>De</span> <span class='ocrx_word' id='word_1_398' title='bbox 941 2897 1012 2930; x_wconf 80' lang='lat' dir='ltr'>Civ.</span> <span class='ocrx_word' id='word_1_399' title='bbox 1033 2897 1110 2938; x_wconf 86' lang='lat' dir='ltr'>Dei,</span> <span class='ocrx_word' id='word_1_400' title='bbox 1128 2907 1201 2940; x_wconf 84' lang='lat' dir='ltr'>cap.</span> <span class='ocrx_word' id='word_1_401' title='bbox 1221 2897 1306 2929; x_wconf 85' lang='lat' dir='ltr'><strong>XIII.</strong></span> <span class='ocrx_word' id='word_1_402' title='bbox 1326 2896 1417 2940; x_wconf 88' lang='lat' dir='ltr'><strong>Opp.</strong></span> <span class='ocrx_word' id='word_1_403' title='bbox 1437 2903 1509 2928; x_wconf 88' lang='lat' dir='ltr'>tom</span> <span class='ocrx_word' id='word_1_404' title='bbox 1530 2896 1602 2935; x_wconf 92' lang='lat' dir='ltr'><strong>VII,</strong></span> <span class='ocrx_word' id='word_1_405' title='bbox 1622 2905 1700 2938; x_wconf 89' lang='lat' dir='ltr'>pag.</span> <span class='ocrx_word' id='word_1_406' title='bbox 1720 2893 1784 2928; x_wconf 82' lang='lat'>366</span> <span class='ocrx_word' id='word_1_407' title='bbox 1801 2897 1840 2928; x_wconf 82' lang='grc' dir='ltr'>Α.</span> 
     </span>
    </p>
   </div>
   <div class='ocr_carea' id='block_1_11' title="bbox 1870 926 1905 946">
    <p class='ocr_par' dir='ltr' id='par_1_21' title="bbox 1870 926 1905 946">
     <span class='ocr_line' id='line_1_47' title="bbox 1870 926 1905 946; baseline -0.029 0"><span class='ocrx_word' id='word_1_408' title='bbox 1870 926 1905 946; x_wconf 86' lang='lat'>10</span> 
     </span>
    </p>
   </div>
   <div class='ocr_carea' id='block_1_12' title="bbox 1868 1203 1903 1236">
    <p class='ocr_par' dir='ltr' id='par_1_22' title="bbox 1868 1203 1903 1236">
     <span class='ocr_line' id='line_1_48' title="bbox 1868 1203 1903 1236; baseline 0.029 -1"><span class='ocrx_word' id='word_1_409' title='bbox 1868 1203 1903 1236; x_wconf 79' lang='lat'>15</span> 
     </span>
    </p>
   </div>
   <div class='ocr_carea' id='block_1_13' title="bbox 1861 1504 1902 1525">
    <p class='ocr_par' dir='ltr' id='par_1_23' title="bbox 1861 1504 1902 1525">
     <span class='ocr_line' id='line_1_49' title="bbox 1861 1504 1902 1525; baseline -0.024 0"><span class='ocrx_word' id='word_1_410' title='bbox 1861 1504 1902 1525; x_wconf 87' lang='lat'>20</span> 
     </span>
    </p>
   </div>
  </div>
 </body>
</html>
