2017 3353
210 919 249 941 10

212 1198 248 1230 15

210 1499 251 1521 20

211 1780 251 1813 25

211 2069 254 2101 30

217 2358 255 2391 35

268 272 403 301 smum
425 260 550 318 xvur]
776 271 914 303 PRIMA
943 270 1068 302 PARS.

320 382 420 417 Cum
454 388 587 416 autem
622 390 857 427 quecunque
890 376 1039 424 scripta
1071 384 1162 411 sunt
1196 376 1246 411 ad
1278 382 1457 410 nostram
1485 375 1578 409 doe-

262 439 408 475 trinam
442 437 591 486 scripta
623 445 727 476 sunt,
761 435 801 472 in
825 435 899 471 ista
932 433 1204 481 temptacione
1243 431 1391 468 Christi
1431 431 1578 479 triplici

262 496 488 545 specialiter
532 495 686 543 singule
730 494 869 530 sill-abe
914 500 1005 528 sunt
1055 492 1245 536 notande,
1297 499 1339 526 ut
1385 502 1428 525 ex
1475 489 1579 525 facto

263 554 409 591 Christi
455 566 534 602 quo
581 551 782 601 superavit
822 550 1027 587 diabolum
1068 558 1253 585 notemus
1294 547 1449 584 fidelius
1482 560 1580 595 quo-

264 614 385 649 modo
419 612 502 648 eius
534 610 754 659 temptacio
793 618 856 646 est*
890 607 1299 656 proporcionabiliter
1337 606 1579 654 superanda.

265 674 391 707 Nemo
425 669 531 706 enirn
565 670 840 706 membrorum
876 665 1024 703 Christi
1056 665 1138 702 sive
1177 663 1328 701 diaboli
1361 672 1582 712 temptatur

263 728 476 765 inicialiter
508 727 588 764 sive
619 726 792 763 finaliter
823 724 899 761 nisi
932 724 971 760 in
1005 723 1141 772 aliquo
1173 724 1318 759 horum
1351 721 1486 758 trium.

323 789 403 823 Nec
436 794 545 834 patet
578 784 761 822 fidelibus
794 782 1028 831 temptantis
1061 780 1293 818 resistencia
1325 779 1401 815 nisi
1434 778 1582 815 faciant

265 844 425 881 Christo
472 843 656 880 similiter
701 841 977 879 convincendo
1024 839 1231 876 diabolum
1280 851 1323 875 ex
1370 836 1581 885 scriptura.

266 904 379 939 Unde
413 901 516 938 inter
547 914 687 938 omnes
719 899 930 936 instinctus
969 897 1118 934 diaboli
1156 897 1197 933 in
1237 896 1313 932 illis
1347 894 1582 932 Antichristi

266 960 470 1009 discipulis
503 969 611 996 secta
633 972 704 996 sua
727 959 815 1007 plus
839 957 980 1003 evidet,
1005 956 1072 1004 qui
1095 955 1277 992 nituntur
1300 953 1582 991 auctoritatem

265 1019 461 1067 scripture
495 1020 698 1054 destruere
732 1026 769 1053 et
802 1016 885 1052 eius
919 1014 1207 1062 allegacionem
1240 1025 1283 1050 ex
1307 1011 1584 1049 defamacione

266 1077 448 1113 falsitatis
486 1076 749 1124 supprimere.
800 1074 946 1110 Dicunt
987 1072 1093 1109 enim
1134 1073 1315 1108 membra
1354 1069 1504 1106 diaboli
1546 1068 1585 1104 in

265 1144 403 1171 nostro
437 1144 618 1182 tempore
652 1135 761 1182 quod
793 1132 992 1180 scriptura
1025 1143 1138 1167 sacra
1172 1139 1229 1166 est
1261 1129 1301 1165 in
1335 1127 1439 1176 pluri
1470 1136 1583 1176 parte

266 1193 496 1239 falsissima;
521 1193 630 1241 quod
652 1203 883 1240 presumere
907 1189 1089 1226 diabolus
1111 1201 1193 1224 non
1216 1188 1401 1232 audebat,
1425 1186 1586 1235 quando

266 1260 406 1288 contra
438 1250 642 1287 Christum
681 1248 995 1297 temptacionem
1030 1246 1330 1283 callidissimam
1366 1245 1585 1281 exercebat.

265 1309 460 1357 Allegavit
493 1308 599 1345 enim
632 1307 874 1356 scripturam
914 1307 982 1342 sed
1020 1306 1240 1341 secundum
1279 1303 1470 1339 infamem
1514 1314 1586 1338 nu-

269 1380 437 1413 merum,
483 1376 525 1403 ut
568 1374 735 1403 noverat
774 1364 977 1402 Christum
1022 1364 1133 1400 velle.
1180 1363 1258 1399 Sed
1298 1360 1479 1398 Christus
1519 1359 1585 1408 qui

268 1435 324 1462 est
357 1426 519 1474 plenum
552 1423 761 1472 vestigium
794 1422 984 1459 trinitatis
1024 1434 1067 1458 ex
1105 1420 1351 1469 allegacione
1390 1418 1586 1466 scripture

268 1484 307 1520 in
340 1485 430 1520 loco
464 1483 611 1531 triplici
651 1482 856 1519 diabolum
899 1480 1182 1517 confundebat.
1222 1476 1459 1515 Antichristi
1492 1488 1585 1513 vero

268 1541 452 1590 discipuli
491 1543 541 1578 ad
581 1542 656 1577 hoc
694 1541 881 1577 laborant
919 1538 1102 1583 sollicite,
1148 1546 1190 1573 ut
1234 1536 1433 1584 scriptura
1474 1546 1588 1570 sacra

267 1609 433 1649 propter
464 1612 533 1636 sue
564 1598 748 1636 falsitatis
782 1597 1009 1646 patenciam
1043 1595 1268 1632 nullociens
1301 1595 1505 1641 allegetur.
1539 1594 1587 1627 Et

267 1659 372 1694 istud
405 1657 568 1694 indubie
601 1658 706 1694 ultra
743 1665 881 1693 satane
924 1655 1077 1691 rabiem
1110 1666 1216 1690 nunc
1249 1666 1320 1701 per
1351 1649 1587 1688 Antichristi

268 1716 486 1764 discipulos
525 1725 581 1752 est
621 1724 876 1763 temptatum.
917 1713 1099 1749 Christus
1140 1712 1245 1748 enim
1279 1711 1451 1747 tacendo
1485 1721 1587 1745 asse-

269 1774 346 1810 ruit
378 1774 531 1822 lapides
555 1775 602 1810 de
625 1772 804 1822 possibili
835 1773 919 1808 fore
943 1784 1078 1819 panes,
1109 1779 1146 1806 et
1169 1769 1353 1806 diabolus
1376 1768 1588 1815 allegando

270 1834 373 1869 hanc
406 1833 532 1880 legem
558 1831 721 1868 Domini
754 1831 926 1867 tacendo
959 1829 1056 1866 alias
1081 1829 1197 1865 docet
1220 1827 1329 1863 illam
1355 1838 1438 1862 esse
1463 1824 1588 1872 magis

269 1890 513 1927 autenticam
548 1898 584 1926 et
616 1902 687 1938 per
720 1901 808 1925 eam
842 1901 925 1924 esse
959 1886 1107 1923 diaboli
1139 1885 1362 1922 versuciam
1387 1885 1588 1920 obduran-

270 1951 375 1985 dam.
410 1951 490 1985 Nec
525 1947 690 1984 dubium
715 1946 812 1996 quin
834 1946 978 1983 virtute
1003 1945 1119 1980 huius
1143 1941 1416 1992 responsionis
1440 1940 1587 1978 Christi

270 2007 437 2055 triplicis
470 2015 561 2043 sunt
593 2018 733 2042 omnes
765 2005 934 2041 insultus
967 2002 1250 2051 temptacionis
1290 1999 1440 2037 diaboli
1474 2011 1588 2047 supe-

271 2065 398 2102 randi.
434 2065 721 2112 Complearnus
755 2076 847 2111 ergo
880 2063 989 2111 quod
1022 2061 1061 2097 in
1096 2061 1169 2097 hac
1199 2059 1303 2096 trina
1327 2057 1588 2106 responsione

271 2122 417 2159 Christi
451 2122 670 2159 includitur
703 2131 740 2158 et
773 2121 895 2169 ligato
926 2120 1087 2156 diabolo
1112 2117 1406 2167 possidebimus
1430 2117 1478 2152 de
1501 2115 1588 2163 ipso

270 2181 487 2228 gloriosam
520 2180 751 2226 victoriam3
786 2180 948 2228 quando
983 2177 1088 2214 enim
1123 2185 1370 2225 temptamus
1409 2175 1457 2210 ab
1492 2173 1588 2209 inci—

271 2239 459 2276 tamentis
493 2238 733 2283 carnalibus,
768 2246 975 2274 teneamus
1008 2235 1047 2271 in
1082 2234 1278 2271 memoria
1311 2232 1457 2270 actuali
1492 2244 1589 2280 quo-

272 2299 393 2334 modo
432 2297 651 2334 delectacio
689 2295 908 2344 spiritualis
947 2303 1004 2330 est
1045 2293 1186 2330 melior
1225 2301 1261 2329 et
1300 2304 1381 2327 non
1424 2290 1589 2326 confun-

272 2357 415 2392 damur
454 2368 548 2392 ceca
585 2354 857 2403 temptacione
897 2352 1046 2389 diaboli
1085 2361 1127 2387 ut
1168 2349 1324 2387 meliori
1363 2348 1589 2398 postposito

273 2413 445 2450 deterius
491 2413 696 2462 eligamus.
742 2414 790 2448 Et
835 2412 969 2460 quoad
1013 2411 1232 2446 secundam
1275 2406 1589 2456 temptacionem

343 2567 362 2586 1.
385 2558 452 2586 BC:
473 2566 655 2594 quecunque
675 2557 769 2585 deest.
841 2556 869 2584 8.
890 2557 934 2584 A:
958 2555 1146 2584 resistancia.
1216 2562 1254 2581 12.
1275 2554 1303 2581 Α
1323 2553 1353 2580 in
1376 2561 1489 2588 marg:
1511 2551 1591 2579 Nom

275 2602 329 2629 pro
356 2593 481 2620 veritate
511 2593 661 2628 scripture
692 2600 793 2621 sacre:
826 2592 848 2618 P›
878 2591 908 2618 in
940 2599 1054 2626 marg:
1085 2590 1228 2617 Dicentes
1259 2588 1443 2623 scripturam
1473 2595 1590 2613 sacram

273 2629 382 2656 alicubi
405 2638 471 2655 csse
491 2628 599 2655 falsam
622 2628 690 2662 plus
712 2630 895 2662 presumunt
938 2634 1006 2652 uam
1029 2625 1181 2652 diabolus.
1292 2631 1332 2657 14.
1354 2623 1423 2649 AB:
1446 2622 1474 2648 iu
1497 2622 1590 2648 det-st.

276 2672 316 2699 ις).
339 2663 384 2690 Cf.
406 2663 486 2690 liccl.
508 2672 536 2696 4.
558 2661 596 2689 31.
670 2670 716 2688 20.
736 2663 780 2688 A:
802 2661 915 2688 confun
941 2661 1019 2687 ebat.
1093 2660 1133 2687 ib.
1155 2660 1183 2686 A
1204 2658 1233 2685 in
1257 2666 1369 2692 marg:
1392 2657 1463 2683 intl:

600 2705 685 2723 sacra
706 2696 858 2731 scriptura
879 2695 967 2722 Ysaie
987 2695 1085 2722 ΧΧΧυ
1102 2703 1136 2721 os
1156 2701 1254 2721 meum
1274 2700 1334 2720 non
1356 2697 1410 2718 etc.

276 2733 319 2759 Os
342 2732 394 2759 Dei
416 2732 528 2760 dicitur
559 2715 587 2745 s
601 2731 774 2766 predicator
792 2730 921 2757 Jercmic·
941 2730 997 2756 111υ
1011 2730 1040 2756 si
1056 2728 1250 2764 separandus
1270 2732 1325 2754 etc.

556 2753 579 2776 N
601 2766 680 2793 tilius
702 2765 756 2792 Dei
779 2764 977 2792 Canticorum
999 2765 1026 2791 1⁰
1047 2765 1202 2791 osculetur
1220 2771 1267 2790 me
1287 2767 1342 2789 ete.

275 2802 322 2829 26.
344 2803 387 2829 A:
415 2802 544 2828 tacendo
565 2801 660 2828 deest.
786 2808 830 2835 27.
852 2801 896 2826 A:
925 2808 1066 2826 versuum
1089 2797 1285 2825 obtiuaudas.
1410 2803 1458 2831 29.
1480 2794 1525 2821 30.
1548 2795 1590 2820 A:

275 2837 458 2872 supcraude.
578 2835 617 2863 31.
638 2836 666 2863 A
686 2835 715 2862 in
738 2843 851 2869 marg:
872 2834 952 2861 Nota
973 2834 1148 2861 consilium.
1271 2830 1313 2858 32.
1334 2831 1362 2856 A
1383 2830 1411 2856 iu
1435 2837 1548 2862 marg:
1572 2837 1591 2855 ι,

276 2871 318 2899 35.
340 2872 383 2898 A:
407 2871 516 2898 mulius
538 2870 712 2905 postposito
734 2869 895 2896 deteriori:
916 2870 942 2896 A
965 2869 993 2895 iu
1018 2877 1130 2903 marga
1153 2876 1178 2894 2.
1253 2865 1298 2893 30.
1321 2867 1364 2891 A:
1386 2870 1413 2890 ct
1434 2864 1592 2899 quomodo

277 2907 313 2932 dc
334 2907 466 2932 secunda
488 2910 546 2931 tem
555 2905 704 2939 macione.

1796 259 1865 294 125

1597 380 1871 415 Ourtemptntions

1596 424 1645 442 arc·
1667 416 1715 442 thc-
1737 424 1819 442 same
1837 424 1870 441 as

1664 450 1804 476 Christ‘s.

1598 786 1657 814 We
1684 791 1735 813 too
1762 786 1871 813 should

1662 826 1740 848 meet
1761 821 1809 848 the

1625 861 1754 895 temptet*
1775 856 1848 882 with

1630 896 1790 926 scrlpturc.
1816 899 1844 917 ln

1600 926 1676 961 spite
1720 926 1755 952 of
1788 925 1876 952 Ami-

1678 961 1800 987 christ's

1658 996 1822 1031 disciples:

1604 2050 1661 2078 aud
1691 2058 1724 2077 so
1752 2058 1797 2077 we
1824 2058 1877 2077 cau

1662 2093 1824 2112 overcouie

1644 2120 1845 2155 tcinptations

1616 2155 1638 2182 1.
1660 2156 1693 2182 os
1711 2155 1759 2182 llic
1780 2155 1868 2182 flexu.
