<?xml version="1.0" encoding="UTF-8"?>
<!DOCTYPE html PUBLIC "-//W3C//DTD XHTML 1.0 Transitional//EN"
    "http://www.w3.org/TR/xhtml1/DTD/xhtml1-transitional.dtd">
<html xmlns="http://www.w3.org/1999/xhtml" xml:lang="en" lang="en">
 <head>
  <title>
</title>
<meta http-equiv="Content-Type" content="text/html;charset=utf-8" />
  <meta name='ocr-system' content='tesseract 3.04.00' />
  <meta name='ocr-capabilities' content='ocr_page ocr_carea ocr_par ocr_line ocrx_word'/>
</head>
<body>
  <div class='ocr_page' id='page_1' title='image "./iohanniswyclifse0701wycl_0224.png"; bbox 0 0 2017 3353; ppageno 0'>
   <div class='ocr_carea' id='block_1_1' title="bbox 137 311 209 348">
    <p class='ocr_par' dir='ltr' id='par_1_1' title="bbox 137 311 209 348">
     <span class='ocr_line' id='line_1_1' title="bbox 137 311 209 348; baseline 0 -12"><span class='ocrx_word' id='word_1_1' title='bbox 137 311 209 348; x_wconf 84' lang='lat'>172</span> 
     </span>
    </p>
   </div>
   <div class='ocr_carea' id='block_1_2' title="bbox 139 934 394 1105">
    <p class='ocr_par' dir='ltr' id='par_1_2' title="bbox 139 934 394 1105">
     <span class='ocr_line' id='line_1_2' title="bbox 139 934 394 962; baseline 0.004 -2"><span class='ocrx_word' id='word_1_2' title='bbox 139 934 264 962; x_wconf 75' lang='lat' dir='ltr'>Natural</span> <span class='ocrx_word' id='word_1_3' title='bbox 288 943 394 962; x_wconf 77' lang='lat' dir='ltr'>reason</span> 
     </span>
     <span class='ocr_line' id='line_1_3' title="bbox 195 969 341 996; baseline -0.007 0"><span class='ocrx_word' id='word_1_4' title='bbox 195 969 269 996; x_wconf 83' lang='lat' dir='ltr'>does</span> <span class='ocrx_word' id='word_1_5' title='bbox 290 975 341 996; x_wconf 86' lang='lat' dir='ltr'>not</span> 
     </span>
     <span class='ocr_line' id='line_1_4' title="bbox 159 1005 377 1039; baseline 0.005 -9"><span class='ocrx_word' id='word_1_6' title='bbox 159 1009 283 1039; x_wconf 62' lang='lat' dir='ltr'>prevent</span> <span class='ocrx_word' id='word_1_7' title='bbox 305 1005 377 1031; x_wconf 79' lang='lat' dir='ltr'>saith</span> 
     </span>
     <span class='ocr_line' id='line_1_5' title="bbox 225 1040 313 1074; baseline 0.011 -9"><span class='ocrx_word' id='word_1_8' title='bbox 225 1040 313 1074; x_wconf 85' lang='lat' dir='ltr'>being</span> 
     </span>
     <span class='ocr_line' id='line_1_6' title="bbox 163 1075 376 1105; baseline -0.005 -4"><span class='ocrx_word' id='word_1_9' title='bbox 163 1075 376 1105; x_wconf 84' lang='lat' dir='ltr'>meritorions:</span> 
     </span>
    </p>
   </div>
   <div class='ocr_carea' id='block_1_3' title="bbox 155 1631 392 1729">
    <p class='ocr_par' dir='ltr' id='par_1_3' title="bbox 155 1631 392 1729">
     <span class='ocr_line' id='line_1_7' title="bbox 171 1631 373 1659; baseline 0 -1"><span class='ocrx_word' id='word_1_10' title='bbox 171 1632 223 1659; x_wconf 89' lang='lat' dir='ltr'>bnt</span> <span class='ocrx_word' id='word_1_11' title='bbox 244 1631 373 1658; x_wconf 80' lang='lat' dir='ltr'>without</span> 
     </span>
     <span class='ocr_line' id='line_1_8' title="bbox 155 1666 392 1705; baseline 0 -12"><span class='ocrx_word' id='word_1_12' title='bbox 155 1666 272 1705; x_wconf 59' lang='lat' dir='ltr'>faiffi.it</span> <span class='ocrx_word' id='word_1_13' title='bbox 293 1666 318 1705; x_wconf 66' lang='lat' dir='ltr'>is</span> <span class='ocrx_word' id='word_1_14' title='bbox 339 1670 392 1693; x_wconf 88' lang='lat' dir='ltr'>not</span> 
     </span>
     <span class='ocr_line' id='line_1_9' title="bbox 173 1706 379 1729; baseline 0 -1"><span class='ocrx_word' id='word_1_15' title='bbox 173 1706 379 1729; x_wconf 75' lang='lat' dir='ltr'>mernormus.</span> 
     </span>
    </p>
   </div>
   <div class='ocr_carea' id='block_1_4' title="bbox 710 284 1728 344">
    <p class='ocr_par' dir='ltr' id='par_1_4' title="bbox 710 284 1728 344">
     <span class='ocr_line' id='line_1_10' title="bbox 710 284 1728 344; baseline -0.011 -7"><span class='ocrx_word' id='word_1_16' title='bbox 710 303 933 337; x_wconf 73' lang='lat' dir='ltr'><strong>JOHANNIS</strong></span> <span class='ocrx_word' id='word_1_17' title='bbox 955 301 1139 335; x_wconf 88' lang='lat' dir='ltr'>WYCLIF</span> <span class='ocrx_word' id='word_1_18' title='bbox 1159 299 1416 333; x_wconf 85' lang='lat' dir='ltr'>SERMONUM</span> <span class='ocrx_word' id='word_1_19' title='bbox 1446 284 1597 344; x_wconf 83' lang='lat' dir='ltr'>[SERMO</span> <span class='ocrx_word' id='word_1_20' title='bbox 1619 295 1728 323; x_wconf 87' lang='lat' dir='ltr'>XXVI-</span> 
     </span>
    </p>
   </div>
   <div class='ocr_carea' id='block_1_5' title="bbox 418 405 1737 1507">
    <p class='ocr_par' dir='ltr' id='par_1_5' title="bbox 418 405 1737 1507">
     <span class='ocr_line' id='line_1_11' title="bbox 420 405 1730 457; baseline -0.008 -7"><span class='ocrx_word' id='word_1_21' title='bbox 420 414 599 451; x_wconf 89' lang='lat' dir='ltr'>omnium</span> <span class='ocrx_word' id='word_1_22' title='bbox 647 411 856 448; x_wconf 88' lang='lat' dir='ltr'>hominum</span> <span class='ocrx_word' id='word_1_23' title='bbox 905 411 962 457; x_wconf 89' lang='lat' dir='ltr'>(ut</span> <span class='ocrx_word' id='word_1_24' title='bbox 1007 407 1215 457; x_wconf 84' lang='lat' dir='ltr'>palpitavit</span> <span class='ocrx_word' id='word_1_25' title='bbox 1248 419 1359 444; x_wconf 90' lang='lat' dir='ltr'>error</span> <span class='ocrx_word' id='word_1_26' title='bbox 1403 406 1615 453; x_wconf 82' lang='lat' dir='ltr'>Averroys)</span> <span class='ocrx_word' id='word_1_27' title='bbox 1663 405 1730 440; x_wconf 88' lang='lat' dir='ltr'>sed</span> 
     </span>
     <span class='ocr_line' id='line_1_12' title="bbox 419 464 1732 521; baseline -0.008 -13"><span class='ocrx_word' id='word_1_28' title='bbox 419 471 594 521; x_wconf 87' lang='lat' dir='ltr'>primum</span> <span class='ocrx_word' id='word_1_29' title='bbox 636 479 672 506; x_wconf 89' lang='lat' dir='ltr'>et</span> <span class='ocrx_word' id='word_1_30' title='bbox 710 468 971 506; x_wconf 89' lang='lat' dir='ltr'>novissimum</span> <span class='ocrx_word' id='word_1_31' title='bbox 1013 469 1118 503; x_wconf 88' lang='lat' dir='ltr'>Deus</span> <span class='ocrx_word' id='word_1_32' title='bbox 1157 474 1303 502; x_wconf 84' lang='lat' dir='ltr'>noster.</span> <span class='ocrx_word' id='word_1_33' title='bbox 1344 465 1458 501; x_wconf 87' lang='lat' dir='ltr'>Unde</span> <span class='ocrx_word' id='word_1_34' title='bbox 1499 464 1604 499; x_wconf 91' lang='lat' dir='ltr'>nuda</span> <span class='ocrx_word' id='word_1_35' title='bbox 1641 470 1732 498; x_wconf 90' lang='lat' dir='ltr'>sunt</span> 
     </span>
     <span class='ocr_line' id='line_1_13' title="bbox 418 519 1731 577; baseline -0.008 -10"><span class='ocrx_word' id='word_1_36' title='bbox 418 531 537 567; x_wconf 87' lang='lat' dir='ltr'>verba</span> <span class='ocrx_word' id='word_1_37' title='bbox 577 525 957 577; x_wconf 87' lang='lat' dir='ltr'>philosophancium</span> <span class='ocrx_word' id='word_1_38' title='bbox 998 524 1065 574; x_wconf 87' lang='lat' dir='ltr'>qui</span> <span class='ocrx_word' id='word_1_39' title='bbox 1098 523 1328 572; x_wconf 86' lang='lat' dir='ltr'>sompniant</span> <span class='ocrx_word' id='word_1_40' title='bbox 1362 523 1469 571; x_wconf 83' lang='lat' dir='ltr'>quod</span> <span class='ocrx_word' id='word_1_41' title='bbox 1502 521 1600 557; x_wconf 87' lang='lat' dir='ltr'>tales</span> <span class='ocrx_word' id='word_1_42' title='bbox 1632 519 1731 557; x_wconf 86' lang='lat' dir='ltr'>veri-</span> 
     </span>
     <span class='ocr_line' id='line_1_14' title="bbox 419 577 1731 627; baseline -0.009 -2"><span class='ocrx_word' id='word_1_43' title='bbox 419 597 519 625; x_wconf 81' lang='lat' dir='ltr'>tates</span> <span class='ocrx_word' id='word_1_44' title='bbox 552 595 641 623; x_wconf 89' lang='lat' dir='ltr'>sunt</span> <span class='ocrx_word' id='word_1_45' title='bbox 675 594 767 622; x_wconf 89' lang='lat' dir='ltr'>note</span> <span class='ocrx_word' id='word_1_46' title='bbox 799 597 842 621; x_wconf 81' lang='lat' dir='ltr'>ex</span> <span class='ocrx_word' id='word_1_47' title='bbox 875 583 1024 620; x_wconf 85' lang='lat' dir='ltr'>noticia</span> <span class='ocrx_word' id='word_1_48' title='bbox 1048 582 1326 627; x_wconf 81' lang='lat' dir='ltr'>terminorum,</span> <span class='ocrx_word' id='word_1_49' title='bbox 1362 594 1450 617; x_wconf 88' lang='lat' dir='ltr'>cum</span> <span class='ocrx_word' id='word_1_50' title='bbox 1483 580 1599 627; x_wconf 88' lang='lat' dir='ltr'>longe</span> <span class='ocrx_word' id='word_1_51' title='bbox 1622 577 1731 627; x_wconf 88' lang='lat' dir='ltr'>prius</span> 
     </span>
     <span class='ocr_line' id='line_1_15' title="bbox 420 636 1732 695; baseline -0.009 -12"><span class='ocrx_word' id='word_1_52' title='bbox 420 659 540 695; x_wconf 90' lang='lat' dir='ltr'>quam</span> <span class='ocrx_word' id='word_1_53' title='bbox 581 643 860 692; x_wconf 75' lang='lat' dir='ltr'>cognoscimus</span> <span class='ocrx_word' id='word_1_54' title='bbox 900 642 999 678; x_wconf 88' lang='lat' dir='ltr'>tales</span> <span class='ocrx_word' id='word_1_55' title='bbox 1039 640 1245 683; x_wconf 81' lang='lat' dir='ltr'>terminos,</span> <span class='ocrx_word' id='word_1_56' title='bbox 1287 638 1565 687; x_wconf 76' lang='lat' dir='ltr'>cognoscimus</span> <span class='ocrx_word' id='word_1_57' title='bbox 1598 636 1732 673; x_wconf 89' lang='lat' dir='ltr'>huius-</span> 
     </span>
     <span class='ocr_line' id='line_1_16' title="bbox 421 695 1733 747; baseline -0.009 -6"><span class='ocrx_word' id='word_1_58' title='bbox 421 704 529 741; x_wconf 85' lang='lat' dir='ltr'>modi</span> <span class='ocrx_word' id='word_1_59' title='bbox 573 702 772 739; x_wconf 80' lang='lat' dir='ltr'>veritates.</span> <span class='ocrx_word' id='word_1_60' title='bbox 821 703 910 737; x_wconf 90' lang='lat' dir='ltr'>Non</span> <span class='ocrx_word' id='word_1_61' title='bbox 959 712 1052 747; x_wconf 86' lang='lat' dir='ltr'>ergo</span> <span class='ocrx_word' id='word_1_62' title='bbox 1097 706 1187 735; x_wconf 87' lang='lat' dir='ltr'>sunt</span> <span class='ocrx_word' id='word_1_63' title='bbox 1225 699 1359 734; x_wconf 91' lang='lat' dir='ltr'>lumen</span> <span class='ocrx_word' id='word_1_64' title='bbox 1399 695 1489 732; x_wconf 83' lang='lat' dir='ltr'>fidei</span> <span class='ocrx_word' id='word_1_65' title='bbox 1529 704 1565 731; x_wconf 86' lang='lat' dir='ltr'>et</span> <span class='ocrx_word' id='word_1_66' title='bbox 1598 696 1733 730; x_wconf 89' lang='lat' dir='ltr'>lumen</span> 
     </span>
     <span class='ocr_line' id='line_1_17' title="bbox 419 751 1732 805; baseline -0.009 -6"><span class='ocrx_word' id='word_1_67' title='bbox 419 762 601 799; x_wconf 88' lang='lat' dir='ltr'>naturale</span> <span class='ocrx_word' id='word_1_68' title='bbox 646 759 860 805; x_wconf 86' lang='lat' dir='ltr'>contraria,</span> <span class='ocrx_word' id='word_1_69' title='bbox 904 759 972 794; x_wconf 88' lang='lat' dir='ltr'>sed</span> <span class='ocrx_word' id='word_1_70' title='bbox 1015 758 1149 793; x_wconf 91' lang='lat' dir='ltr'>lumen</span> <span class='ocrx_word' id='word_1_71' title='bbox 1198 755 1288 792; x_wconf 87' lang='lat' dir='ltr'>fidei</span> <span class='ocrx_word' id='word_1_72' title='bbox 1337 754 1547 791; x_wconf 89' lang='lat' dir='ltr'>remissum</span> <span class='ocrx_word' id='word_1_73' title='bbox 1594 761 1650 789; x_wconf 88' lang='lat' dir='ltr'>est</span> <span class='ocrx_word' id='word_1_74' title='bbox 1694 751 1732 787; x_wconf 89' lang='lat' dir='ltr'>in</span> 
     </span>
     <span class='ocr_line' id='line_1_18' title="bbox 420 810 1734 857; baseline -0.009 0"><span class='ocrx_word' id='word_1_75' title='bbox 420 820 569 857; x_wconf 90' lang='lat' dir='ltr'>lumine</span> <span class='ocrx_word' id='word_1_76' title='bbox 606 817 780 855; x_wconf 88' lang='lat' dir='ltr'>naturali</span> <span class='ocrx_word' id='word_1_77' title='bbox 820 815 993 853; x_wconf 88' lang='lat' dir='ltr'>hominis</span> <span class='ocrx_word' id='word_1_78' title='bbox 1032 814 1279 851; x_wconf 82' lang='lat' dir='ltr'>inductivum</span> <span class='ocrx_word' id='word_1_79' title='bbox 1314 822 1349 849; x_wconf 89' lang='lat' dir='ltr'>et</span> <span class='ocrx_word' id='word_1_80' title='bbox 1384 813 1519 848; x_wconf 89' lang='lat' dir='ltr'>lumen</span> <span class='ocrx_word' id='word_1_81' title='bbox 1551 810 1734 847; x_wconf 88' lang='lat' dir='ltr'>naturale</span> 
     </span>
     <span class='ocr_line' id='line_1_19' title="bbox 420 870 1731 927; baseline -0.008 -13"><span class='ocrx_word' id='word_1_82' title='bbox 420 878 679 927; x_wconf 88' lang='lat' dir='ltr'>postmodum</span> <span class='ocrx_word' id='word_1_83' title='bbox 738 875 845 912; x_wconf 87' lang='lat' dir='ltr'>iuvat</span> <span class='ocrx_word' id='word_1_84' title='bbox 904 874 1054 922; x_wconf 74' lang='lat' dir='ltr'>ipsum:</span> <span class='ocrx_word' id='word_1_85' title='bbox 1114 881 1150 909; x_wconf 89' lang='lat' dir='ltr'>et</span> <span class='ocrx_word' id='word_1_86' title='bbox 1209 880 1402 920; x_wconf 87' lang='lat' dir='ltr'>quantum</span> <span class='ocrx_word' id='word_1_87' title='bbox 1462 871 1511 906; x_wconf 89' lang='lat' dir='ltr'>ad</span> <span class='ocrx_word' id='word_1_88' title='bbox 1571 870 1731 905; x_wconf 87' lang='lat' dir='ltr'>beatum</span> 
     </span>
     <span class='ocr_line' id='line_1_20' title="bbox 421 926 1736 984; baseline -0.009 -11"><span class='ocrx_word' id='word_1_89' title='bbox 421 935 658 984; x_wconf 84' lang='lat' dir='ltr'>Gregorium</span> <span class='ocrx_word' id='word_1_90' title='bbox 698 934 896 970; x_wconf 82' lang='lat' dir='ltr'>dicentem</span> <span class='ocrx_word' id='word_1_91' title='bbox 937 932 1043 981; x_wconf 88' lang='lat' dir='ltr'>quod</span> <span class='ocrx_word' id='word_1_92' title='bbox 1065 931 1172 981; x_wconf 77' lang='lat' dir='ltr'>fides</span> <span class='ocrx_word' id='word_1_93' title='bbox 1209 943 1281 966; x_wconf 83' lang='lat' dir='ltr'>non</span> <span class='ocrx_word' id='word_1_94' title='bbox 1320 929 1430 965; x_wconf 75' lang='lat' dir='ltr'>habet</span> <span class='ocrx_word' id='word_1_95' title='bbox 1463 927 1640 964; x_wconf 83' lang='lat' dir='ltr'>meritum</span> <span class='ocrx_word' id='word_1_96' title='bbox 1675 926 1736 962; x_wconf 81' lang='lat' dir='ltr'>cui</span> 
     </span>
     <span class='ocr_line' id='line_1_21' title="bbox 420 987 1734 1041; baseline -0.008 -10"><span class='ocrx_word' id='word_1_97' title='bbox 420 996 586 1031; x_wconf 79' lang='lat' dir='ltr'>humana</span> <span class='ocrx_word' id='word_1_98' title='bbox 626 993 730 1029; x_wconf 78' lang='lat' dir='ltr'>racio</span> <span class='ocrx_word' id='word_1_99' title='bbox 764 992 899 1041; x_wconf 80' lang='lat' dir='ltr'>prebet</span> <span class='ocrx_word' id='word_1_100' title='bbox 931 990 1250 1040; x_wconf 76' lang='lat' dir='ltr'>experimentum,</span> <span class='ocrx_word' id='word_1_101' title='bbox 1294 995 1402 1036; x_wconf 87' lang='lat' dir='ltr'>patet</span> <span class='ocrx_word' id='word_1_102' title='bbox 1436 987 1541 1034; x_wconf 87' lang='lat' dir='ltr'>quod</span> <span class='ocrx_word' id='word_1_103' title='bbox 1575 992 1734 1033; x_wconf 84' lang='lat' dir='ltr'>oportet</span> 
     </span>
     <span class='ocr_line' id='line_1_22' title="bbox 421 1042 1733 1101; baseline -0.008 -12"><span class='ocrx_word' id='word_1_104' title='bbox 421 1052 551 1101; x_wconf 88' lang='lat' dir='ltr'>ipsum</span> <span class='ocrx_word' id='word_1_105' title='bbox 586 1049 751 1098; x_wconf 82' lang='lat' dir='ltr'>intelligi</span> <span class='ocrx_word' id='word_1_106' title='bbox 786 1049 892 1098; x_wconf 90' lang='lat' dir='ltr'>quod</span> <span class='ocrx_word' id='word_1_107' title='bbox 928 1048 1024 1084; x_wconf 87' lang='lat' dir='ltr'>fides</span> <span class='ocrx_word' id='word_1_108' title='bbox 1057 1060 1137 1083; x_wconf 89' lang='lat' dir='ltr'>non</span> <span class='ocrx_word' id='word_1_109' title='bbox 1171 1048 1218 1083; x_wconf 92' lang='lat' dir='ltr'>de</span> <span class='ocrx_word' id='word_1_110' title='bbox 1250 1054 1362 1082; x_wconf 87' lang='lat' dir='ltr'>tanto</span> <span class='ocrx_word' id='word_1_111' title='bbox 1396 1045 1513 1081; x_wconf 89' lang='lat' dir='ltr'>habet</span> <span class='ocrx_word' id='word_1_112' title='bbox 1547 1042 1733 1079; x_wconf 87' lang='lat' dir='ltr'>meritum</span> 
     </span>
     <span class='ocr_line' id='line_1_23' title="bbox 423 1102 1735 1159; baseline -0.008 -12"><span class='ocrx_word' id='word_1_113' title='bbox 423 1113 470 1147; x_wconf 88' lang='lat' dir='ltr'>de</span> <span class='ocrx_word' id='word_1_114' title='bbox 504 1118 655 1159; x_wconf 89' lang='lat' dir='ltr'>quanto</span> <span class='ocrx_word' id='word_1_115' title='bbox 689 1109 865 1145; x_wconf 87' lang='lat' dir='ltr'>humana</span> <span class='ocrx_word' id='word_1_116' title='bbox 900 1105 1009 1143; x_wconf 86' lang='lat' dir='ltr'>racio</span> <span class='ocrx_word' id='word_1_117' title='bbox 1043 1107 1144 1142; x_wconf 89' lang='lat' dir='ltr'>hanc</span> <span class='ocrx_word' id='word_1_118' title='bbox 1178 1102 1391 1141; x_wconf 90' lang='lat' dir='ltr'>convincit.</span> <span class='ocrx_word' id='word_1_119' title='bbox 1414 1104 1516 1139; x_wconf 91' lang='lat' dir='ltr'>Nam</span> <span class='ocrx_word' id='word_1_120' title='bbox 1541 1102 1616 1138; x_wconf 93' lang='lat' dir='ltr'>hoc</span> <span class='ocrx_word' id='word_1_121' title='bbox 1641 1102 1735 1137; x_wconf 89' lang='lat' dir='ltr'>dato</span> 
     </span>
     <span class='ocr_line' id='line_1_24' title="bbox 423 1158 1737 1217; baseline -0.008 -12"><span class='ocrx_word' id='word_1_122' title='bbox 423 1168 590 1217; x_wconf 87' lang='lat' dir='ltr'>quilibet</span> <span class='ocrx_word' id='word_1_123' title='bbox 628 1166 919 1216; x_wconf 88' lang='lat' dir='ltr'>philosophans</span> <span class='ocrx_word' id='word_1_124' title='bbox 958 1164 1041 1200; x_wconf 88' lang='lat' dir='ltr'>sine</span> <span class='ocrx_word' id='word_1_125' title='bbox 1074 1162 1209 1212; x_wconf 80' lang='lat' dir='ltr'>gracia</span> <span class='ocrx_word' id='word_1_126' title='bbox 1244 1169 1463 1198; x_wconf 88' lang='lat' dir='ltr'>mereretur</span> <span class='ocrx_word' id='word_1_127' title='bbox 1500 1158 1737 1196; x_wconf 88' lang='lat' dir='ltr'>naturaliter</span> 
     </span>
     <span class='ocr_line' id='line_1_25' title="bbox 423 1217 1736 1274; baseline -0.008 -11"><span class='ocrx_word' id='word_1_128' title='bbox 423 1236 460 1263; x_wconf 87' lang='lat' dir='ltr'>et</span> <span class='ocrx_word' id='word_1_129' title='bbox 513 1227 560 1263; x_wconf 90' lang='lat' dir='ltr'>de</span> <span class='ocrx_word' id='word_1_130' title='bbox 613 1233 763 1274; x_wconf 87' lang='lat' dir='ltr'>quanto</span> <span class='ocrx_word' id='word_1_131' title='bbox 817 1221 1071 1271; x_wconf 82' lang='lat' dir='ltr'>philosophie</span> <span class='ocrx_word' id='word_1_132' title='bbox 1124 1222 1211 1269; x_wconf 91' lang='lat' dir='ltr'>plus</span> <span class='ocrx_word' id='word_1_133' title='bbox 1262 1217 1477 1256; x_wconf 85' lang='lat' dir='ltr'>intenderit</span> <span class='ocrx_word' id='word_1_134' title='bbox 1527 1219 1575 1254; x_wconf 92' lang='lat' dir='ltr'>de</span> <span class='ocrx_word' id='word_1_135' title='bbox 1624 1224 1736 1253; x_wconf 89' lang='lat' dir='ltr'>tanto</span> 
     </span>
     <span class='ocr_line' id='line_1_26' title="bbox 423 1274 1737 1332; baseline -0.008 -11"><span class='ocrx_word' id='word_1_136' title='bbox 423 1283 596 1332; x_wconf 87' lang='lat' dir='ltr'>amplius</span> <span class='ocrx_word' id='word_1_137' title='bbox 649 1290 881 1319; x_wconf 86' lang='lat' dir='ltr'>mereretur.</span> <span class='ocrx_word' id='word_1_138' title='bbox 935 1282 1105 1329; x_wconf 88' lang='lat' dir='ltr'>Oportet</span> <span class='ocrx_word' id='word_1_139' title='bbox 1158 1278 1263 1315; x_wconf 89' lang='lat' dir='ltr'>enim</span> <span class='ocrx_word' id='word_1_140' title='bbox 1317 1290 1360 1314; x_wconf 85' lang='lat' dir='ltr'>ex</span> <span class='ocrx_word' id='word_1_141' title='bbox 1413 1276 1489 1312; x_wconf 83' lang='lat' dir='ltr'>fide</span> <span class='ocrx_word' id='word_1_142' title='bbox 1541 1274 1737 1323; x_wconf 86' lang='lat' dir='ltr'>scripture</span> 
     </span>
     <span class='ocr_line' id='line_1_27' title="bbox 424 1333 1737 1380; baseline -0.009 -1"><span class='ocrx_word' id='word_1_143' title='bbox 424 1344 585 1380; x_wconf 86' lang='lat' dir='ltr'>credere</span> <span class='ocrx_word' id='word_1_144' title='bbox 638 1341 757 1377; x_wconf 89' lang='lat' dir='ltr'>fidem</span> <span class='ocrx_word' id='word_1_145' title='bbox 809 1340 965 1376; x_wconf 89' lang='lat' dir='ltr'>Thome</span> <span class='ocrx_word' id='word_1_146' title='bbox 1017 1339 1163 1374; x_wconf 88' lang='lat' dir='ltr'>habere</span> <span class='ocrx_word' id='word_1_147' title='bbox 1216 1335 1402 1372; x_wconf 88' lang='lat' dir='ltr'>meritum</span> <span class='ocrx_word' id='word_1_148' title='bbox 1449 1333 1511 1370; x_wconf 91' lang='lat' dir='ltr'>cui</span> <span class='ocrx_word' id='word_1_149' title='bbox 1562 1335 1737 1369; x_wconf 84' lang='lat' dir='ltr'>humana</span> 
     </span>
     <span class='ocr_line' id='line_1_28' title="bbox 424 1389 1737 1444; baseline -0.008 -7"><span class='ocrx_word' id='word_1_150' title='bbox 424 1400 532 1437; x_wconf 86' lang='lat' dir='ltr'>racio</span> <span class='ocrx_word' id='word_1_151' title='bbox 576 1409 657 1436; x_wconf 87' lang='lat' dir='ltr'>tam</span> <span class='ocrx_word' id='word_1_152' title='bbox 703 1398 922 1435; x_wconf 89' lang='lat' dir='ltr'>secundum</span> <span class='ocrx_word' id='word_1_153' title='bbox 967 1396 1094 1433; x_wconf 91' lang='lat' dir='ltr'>visum</span> <span class='ocrx_word' id='word_1_154' title='bbox 1135 1408 1255 1444; x_wconf 85' lang='lat' dir='ltr'>quam</span> <span class='ocrx_word' id='word_1_155' title='bbox 1296 1392 1534 1430; x_wconf 79' lang='lat' dir='ltr'>memoriam</span> <span class='ocrx_word' id='word_1_156' title='bbox 1580 1389 1737 1440; x_wconf 87' lang='lat' dir='ltr'>prebuit</span> 
     </span>
     <span class='ocr_line' id='line_1_29' title="bbox 423 1448 1737 1507; baseline -0.008 -12"><span class='ocrx_word' id='word_1_157' title='bbox 423 1457 752 1507; x_wconf 83' lang='lat' dir='ltr'>experimentum.</span> <span class='ocrx_word' id='word_1_158' title='bbox 798 1455 922 1492; x_wconf 88' lang='lat' dir='ltr'>Aliter</span> <span class='ocrx_word' id='word_1_159' title='bbox 967 1454 1071 1491; x_wconf 91' lang='lat' dir='ltr'>enim</span> <span class='ocrx_word' id='word_1_160' title='bbox 1105 1466 1185 1489; x_wconf 93' lang='lat' dir='ltr'>non</span> <span class='ocrx_word' id='word_1_161' title='bbox 1219 1452 1367 1489; x_wconf 89' lang='lat' dir='ltr'>diceret</span> <span class='ocrx_word' id='word_1_162' title='bbox 1400 1450 1531 1498; x_wconf 86' lang='lat' dir='ltr'>prima</span> <span class='ocrx_word' id='word_1_163' title='bbox 1562 1448 1737 1486; x_wconf 86' lang='lat' dir='ltr'>Veritas:</span> 
     </span>
    </p>
   </div>
   <div class='ocr_carea' id='block_1_6' title="bbox 428 1507 1770 1561">
    <p class='ocr_par' dir='ltr' id='par_1_6' title="bbox 428 1507 1770 1561">
     <span class='ocr_line' id='line_1_30' title="bbox 428 1507 1770 1561; baseline -0.007 -9"><span class='ocrx_word' id='word_1_164' title='bbox 428 1517 527 1561; x_wconf 80' lang='lat' dir='ltr'>Quia</span> <span class='ocrx_word' id='word_1_165' title='bbox 568 1515 697 1551; x_wconf 74' lang='lat' dir='ltr'>vidisti</span> <span class='ocrx_word' id='word_1_166' title='bbox 733 1527 792 1550; x_wconf 89' lang='lat' dir='ltr'>me</span> <span class='ocrx_word' id='word_1_167' title='bbox 836 1514 996 1559; x_wconf 79' lang='lat' dir='ltr'>leoma,</span> <span class='ocrx_word' id='word_1_168' title='bbox 1029 1511 1241 1555; x_wconf 74' lang='lat' dir='ltr'>credidisti,</span> <span class='ocrx_word' id='word_1_169' title='bbox 1280 1509 1352 1545; x_wconf 90' lang='lat' dir='ltr'>nisi</span> <span class='ocrx_word' id='word_1_170' title='bbox 1389 1509 1456 1545; x_wconf 87' lang='lat' dir='ltr'>illa</span> <span class='ocrx_word' id='word_1_171' title='bbox 1498 1507 1598 1544; x_wconf 75' lang='lat' dir='ltr'>visio</span> <span class='ocrx_word' id='word_1_172' title='bbox 1637 1507 1770 1543; x_wconf 79' lang='lat' dir='ltr'>foret2</span> 
     </span>
    </p>
   </div>
   <div class='ocr_carea' id='block_1_7' title="bbox 424 1564 1740 2144">
    <p class='ocr_par' dir='ltr' id='par_1_7' title="bbox 424 1564 1740 2144">
     <span class='ocr_line' id='line_1_31' title="bbox 424 1564 1737 1611; baseline -0.008 0"><span class='ocrx_word' id='word_1_173' title='bbox 424 1587 514 1611; x_wconf 89' lang='lat' dir='ltr'>cum</span> <span class='ocrx_word' id='word_1_174' title='bbox 567 1573 654 1610; x_wconf 90' lang='lat' dir='ltr'>aliis</span> <span class='ocrx_word' id='word_1_175' title='bbox 706 1571 959 1609; x_wconf 87' lang='lat' dir='ltr'>sensibilibus</span> <span class='ocrx_word' id='word_1_176' title='bbox 1012 1570 1052 1606; x_wconf 87' lang='lat' dir='ltr'>in</span> <span class='ocrx_word' id='word_1_177' title='bbox 1105 1569 1318 1606; x_wconf 88' lang='lat' dir='ltr'>articulum</span> <span class='ocrx_word' id='word_1_178' title='bbox 1373 1566 1463 1603; x_wconf 86' lang='lat' dir='ltr'>fidei</span> <span class='ocrx_word' id='word_1_179' title='bbox 1522 1564 1737 1602; x_wconf 74' lang='lat' dir='ltr'>inductiva.</span> 
     </span>
     <span class='ocr_line' id='line_1_32' title="bbox 424 1622 1738 1677; baseline -0.008 -8"><span class='ocrx_word' id='word_1_180' title='bbox 424 1631 601 1669; x_wconf 86' lang='lat' dir='ltr'>Concedi</span> <span class='ocrx_word' id='word_1_181' title='bbox 646 1640 781 1667; x_wconf 89' lang='lat' dir='ltr'>tamen</span> <span class='ocrx_word' id='word_1_182' title='bbox 826 1630 941 1666; x_wconf 86' lang='lat' dir='ltr'>debet</span> <span class='ocrx_word' id='word_1_183' title='bbox 986 1629 1093 1677; x_wconf 86' lang='lat' dir='ltr'>quod</span> <span class='ocrx_word' id='word_1_184' title='bbox 1133 1628 1267 1663; x_wconf 90' lang='lat' dir='ltr'>lumen</span> <span class='ocrx_word' id='word_1_185' title='bbox 1306 1637 1493 1662; x_wconf 89' lang='lat' dir='ltr'>sensuum</span> <span class='ocrx_word' id='word_1_186' title='bbox 1533 1624 1572 1659; x_wconf 89' lang='lat' dir='ltr'>in</span> <span class='ocrx_word' id='word_1_187' title='bbox 1616 1622 1738 1659; x_wconf 90' lang='lat' dir='ltr'>nichil</span> 
     </span>
     <span class='ocr_line' id='line_1_33' title="bbox 425 1681 1738 1739; baseline -0.008 -12"><span class='ocrx_word' id='word_1_188' title='bbox 425 1704 495 1739; x_wconf 91' lang='lat' dir='ltr'>per</span> <span class='ocrx_word' id='word_1_189' title='bbox 518 1703 557 1726; x_wconf 92' lang='lat' dir='ltr'>se</span> <span class='ocrx_word' id='word_1_190' title='bbox 591 1688 736 1725; x_wconf 88' lang='lat' dir='ltr'>sufficit</span> <span class='ocrx_word' id='word_1_191' title='bbox 770 1687 843 1724; x_wconf 89' lang='lat' dir='ltr'>nisi</span> <span class='ocrx_word' id='word_1_192' title='bbox 877 1686 995 1723; x_wconf 85' lang='lat' dir='ltr'>fuerit</span> <span class='ocrx_word' id='word_1_193' title='bbox 1029 1685 1178 1722; x_wconf 91' lang='lat' dir='ltr'>lumine</span> <span class='ocrx_word' id='word_1_194' title='bbox 1211 1684 1302 1720; x_wconf 85' lang='lat' dir='ltr'>fidei</span> <span class='ocrx_word' id='word_1_195' title='bbox 1337 1683 1593 1719; x_wconf 85' lang='lat' dir='ltr'>illustratum.</span> <span class='ocrx_word' id='word_1_196' title='bbox 1629 1681 1738 1717; x_wconf 86' lang='lat' dir='ltr'>Sicut</span> 
     </span>
     <span class='ocr_line' id='line_1_34' title="bbox 426 1741 1739 1796; baseline -0.008 -11"><span class='ocrx_word' id='word_1_197' title='bbox 426 1761 521 1796; x_wconf 87' lang='lat' dir='ltr'>ergo</span> <span class='ocrx_word' id='word_1_198' title='bbox 554 1748 736 1784; x_wconf 87' lang='lat' dir='ltr'>naturale</span> <span class='ocrx_word' id='word_1_199' title='bbox 770 1755 826 1782; x_wconf 91' lang='lat' dir='ltr'>est</span> <span class='ocrx_word' id='word_1_200' title='bbox 859 1745 1144 1794; x_wconf 86' lang='lat' dir='ltr'>philosophum</span> <span class='ocrx_word' id='word_1_201' title='bbox 1181 1741 1379 1791; x_wconf 82' lang='lat' dir='ltr'>principia</span> <span class='ocrx_word' id='word_1_202' title='bbox 1403 1754 1473 1777; x_wconf 85' lang='lat' dir='ltr'>sua</span> <span class='ocrx_word' id='word_1_203' title='bbox 1498 1751 1739 1788; x_wconf 85' lang='lat' dir='ltr'>cognoscere</span> 
     </span>
     <span class='ocr_line' id='line_1_35' title="bbox 426 1797 1736 1852; baseline -0.008 -10"><span class='ocrx_word' id='word_1_204' title='bbox 426 1806 509 1843; x_wconf 90' lang='lat' dir='ltr'>sine</span> <span class='ocrx_word' id='word_1_205' title='bbox 543 1804 745 1842; x_wconf 76' lang='lat' dir='ltr'>evidencia</span> <span class='ocrx_word' id='word_1_206' title='bbox 776 1804 1028 1852; x_wconf 84' lang='lat' dir='ltr'>precedente,</span> <span class='ocrx_word' id='word_1_207' title='bbox 1063 1802 1117 1838; x_wconf 87' lang='lat' dir='ltr'>sic</span> <span class='ocrx_word' id='word_1_208' title='bbox 1150 1801 1332 1838; x_wconf 87' lang='lat' dir='ltr'>naturale</span> <span class='ocrx_word' id='word_1_209' title='bbox 1357 1808 1413 1836; x_wconf 85' lang='lat' dir='ltr'>est</span> <span class='ocrx_word' id='word_1_210' title='bbox 1437 1798 1594 1835; x_wconf 82' lang='lat' dir='ltr'>fidelem</span> <span class='ocrx_word' id='word_1_211' title='bbox 1619 1797 1736 1833; x_wconf 90' lang='lat' dir='ltr'>fidem</span> 
     </span>
     <span class='ocr_line' id='line_1_36' title="bbox 426 1855 1738 1905; baseline -0.008 -4"><span class='ocrx_word' id='word_1_212' title='bbox 426 1877 538 1901; x_wconf 90' lang='lat' dir='ltr'>suam</span> <span class='ocrx_word' id='word_1_213' title='bbox 586 1864 748 1900; x_wconf 86' lang='lat' dir='ltr'>credere</span> <span class='ocrx_word' id='word_1_214' title='bbox 791 1862 875 1898; x_wconf 91' lang='lat' dir='ltr'>sine</span> <span class='ocrx_word' id='word_1_215' title='bbox 922 1860 1185 1897; x_wconf 87' lang='lat' dir='ltr'>musitacione</span> <span class='ocrx_word' id='word_1_216' title='bbox 1224 1857 1424 1895; x_wconf 86' lang='lat' dir='ltr'>evidencie</span> <span class='ocrx_word' id='word_1_217' title='bbox 1468 1855 1738 1905; x_wconf 46' lang='lat' dir='ltr'>precedenti&amp;</span> 
     </span>
     <span class='ocr_line' id='line_1_37' title="bbox 427 1914 1740 1971; baseline -0.008 -12"><span class='ocrx_word' id='word_1_218' title='bbox 427 1924 534 1971; x_wconf 87' lang='lat' dir='ltr'>quod</span> <span class='ocrx_word' id='word_1_219' title='bbox 580 1922 610 1958; x_wconf 90' lang='lat' dir='ltr'>si</span> <span class='ocrx_word' id='word_1_220' title='bbox 661 1921 921 1969; x_wconf 89' lang='lat' dir='ltr'>postmodum</span> <span class='ocrx_word' id='word_1_221' title='bbox 971 1918 1115 1956; x_wconf 87' lang='lat' dir='ltr'>viderit</span> <span class='ocrx_word' id='word_1_222' title='bbox 1166 1917 1369 1954; x_wconf 85' lang='lat' dir='ltr'>racionem</span> <span class='ocrx_word' id='word_1_223' title='bbox 1419 1914 1642 1951; x_wconf 87' lang='lat' dir='ltr'>naturalem</span> <span class='ocrx_word' id='word_1_224' title='bbox 1704 1921 1740 1949; x_wconf 90' lang='lat' dir='ltr'>et</span> 
     </span>
     <span class='ocr_line' id='line_1_38' title="bbox 428 1972 1740 2021; baseline -0.008 -4"><span class='ocrx_word' id='word_1_225' title='bbox 428 1989 590 2017; x_wconf 91' lang='lat' dir='ltr'>cunctas</span> <span class='ocrx_word' id='word_1_226' title='bbox 643 1979 829 2016; x_wconf 73' lang='lat' dir='ltr'>veritates</span> <span class='ocrx_word' id='word_1_227' title='bbox 882 1990 951 2014; x_wconf 90' lang='lat' dir='ltr'>sue</span> <span class='ocrx_word' id='word_1_228' title='bbox 1005 1976 1096 2013; x_wconf 87' lang='lat' dir='ltr'>fidei</span> <span class='ocrx_word' id='word_1_229' title='bbox 1149 1986 1383 2020; x_wconf 81' lang='lat' dir='ltr'>consonare,</span> <span class='ocrx_word' id='word_1_230' title='bbox 1436 1972 1590 2021; x_wconf 88' lang='lat' dir='ltr'>gracias</span> <span class='ocrx_word' id='word_1_231' title='bbox 1649 1980 1740 2019; x_wconf 84' lang='lat' dir='ltr'>agat</span> 
     </span>
     <span class='ocr_line' id='line_1_39' title="bbox 427 2029 1739 2082; baseline -0.008 -7"><span class='ocrx_word' id='word_1_232' title='bbox 427 2038 592 2075; x_wconf 89' lang='lat' dir='ltr'>domino</span> <span class='ocrx_word' id='word_1_233' title='bbox 636 2036 826 2082; x_wconf 80' lang='lat' dir='ltr'>veritatis,</span> <span class='ocrx_word' id='word_1_234' title='bbox 872 2044 908 2072; x_wconf 85' lang='lat' dir='ltr'>et</span> <span class='ocrx_word' id='word_1_235' title='bbox 954 2037 1001 2072; x_wconf 89' lang='lat' dir='ltr'>de</span> <span class='ocrx_word' id='word_1_236' title='bbox 1040 2042 1152 2071; x_wconf 87' lang='lat' dir='ltr'>tanto</span> <span class='ocrx_word' id='word_1_237' title='bbox 1192 2033 1240 2070; x_wconf 90' lang='lat' dir='ltr'>sit</span> <span class='ocrx_word' id='word_1_238' title='bbox 1279 2032 1319 2068; x_wconf 94' lang='lat' dir='ltr'>in</span> <span class='ocrx_word' id='word_1_239' title='bbox 1358 2031 1440 2069; x_wconf 91' lang='lat' dir='ltr'>eius</span> <span class='ocrx_word' id='word_1_240' title='bbox 1480 2029 1664 2067; x_wconf 87' lang='lat' dir='ltr'>laudibus</span> <span class='ocrx_word' id='word_1_241' title='bbox 1704 2037 1739 2065; x_wconf 88' lang='lat' dir='ltr'>et</span> 
     </span>
     <span class='ocr_line' id='line_1_40' title="bbox 428 2093 957 2144; baseline -0.008 -11"><span class='ocrx_word' id='word_1_242' title='bbox 428 2097 505 2133; x_wconf 89' lang='lat' dir='ltr'>fide</span> <span class='ocrx_word' id='word_1_243' title='bbox 537 2095 710 2144; x_wconf 88' lang='lat' dir='ltr'>amplius</span> <span class='ocrx_word' id='word_1_244' title='bbox 744 2093 957 2131; x_wconf 89' lang='lat' dir='ltr'>stabilitus.</span> 
     </span>
    </p>
   </div>
   <div class='ocr_carea' id='block_1_8' title="bbox 901 2192 1274 2236">
    <p class='ocr_par' dir='ltr' id='par_1_8' title="bbox 901 2192 1274 2236">
     <span class='ocr_line' id='line_1_41' title="bbox 901 2192 1274 2236; baseline -0.005 -1"><span class='ocrx_word' id='word_1_245' title='bbox 901 2194 1096 2236; x_wconf 76' lang='lat' dir='ltr'>SERMO</span> <span class='ocrx_word' id='word_1_246' title='bbox 1127 2192 1274 2233; x_wconf 86' lang='lat' dir='ltr'>XXVI.</span> 
     </span>
    </p>
   </div>
   <div class='ocr_carea' id='block_1_9' title="bbox 430 2265 1743 2429">
    <p class='ocr_par' dir='ltr' id='par_1_9' title="bbox 430 2265 1743 2429">
     <span class='ocr_line' id='line_1_42' title="bbox 485 2265 1339 2320; baseline -0.008 -14"><span class='ocrx_word' id='word_1_247' title='bbox 485 2270 575 2320; x_wconf 70' lang='lat' dir='ltr'>Ego</span> <span class='ocrx_word' id='word_1_248' title='bbox 608 2282 690 2305; x_wconf 77' lang='lat' dir='ltr'>sum</span> <span class='ocrx_word' id='word_1_249' title='bbox 718 2276 858 2318; x_wconf 80' lang='lat' dir='ltr'>pastor</span> <span class='ocrx_word' id='word_1_250' title='bbox 889 2268 1018 2303; x_wconf 83' lang='lat' dir='ltr'>bonus.</span> <span class='ocrx_word' id='word_1_251' title='bbox 1051 2266 1138 2302; x_wconf 92' lang='lat' dir='ltr'>Joh.</span> <span class='ocrx_word' id='word_1_252' title='bbox 1171 2265 1239 2310; x_wconf 73' lang='lat' dir='ltr'>XO,</span> <span class='ocrx_word' id='word_1_253' title='bbox 1280 2276 1339 2300; x_wconf 88' lang='grc'>11.</span> 
     </span>
     <span class='ocr_line' id='line_1_43' title="bbox 486 2318 1743 2374; baseline -0.008 -10"><span class='ocrx_word' id='word_1_254' title='bbox 486 2330 572 2364; x_wconf 91' lang='lat' dir='ltr'>Hoc</span> <span class='ocrx_word' id='word_1_255' title='bbox 606 2326 852 2374; x_wconf 75' lang='lat' dir='ltr'>evangelium</span> <span class='ocrx_word' id='word_1_256' title='bbox 887 2325 988 2361; x_wconf 88' lang='lat' dir='ltr'>sicut</span> <span class='ocrx_word' id='word_1_257' title='bbox 1021 2332 1078 2360; x_wconf 87' lang='lat' dir='ltr'>est</span> <span class='ocrx_word' id='word_1_258' title='bbox 1113 2321 1378 2359; x_wconf 87' lang='lat' dir='ltr'>clarissimum</span> <span class='ocrx_word' id='word_1_259' title='bbox 1413 2320 1617 2368; x_wconf 89' lang='lat' dir='ltr'>speculum</span> <span class='ocrx_word' id='word_1_260' title='bbox 1642 2318 1743 2355; x_wconf 77' lang='lat' dir='ltr'>veris</span> 
     </span>
     <span class='ocr_line' id='line_1_44' title="bbox 430 2376 1743 2429; baseline -0.008 -7"><span class='ocrx_word' id='word_1_261' title='bbox 430 2385 576 2422; x_wconf 88' lang='lat' dir='ltr'>Christi</span> <span class='ocrx_word' id='word_1_262' title='bbox 629 2384 800 2429; x_wconf 84' lang='lat' dir='ltr'>vicariis,</span> <span class='ocrx_word' id='word_1_263' title='bbox 854 2383 909 2419; x_wconf 89' lang='lat' dir='ltr'>sic</span> <span class='ocrx_word' id='word_1_264' title='bbox 963 2391 1020 2419; x_wconf 87' lang='lat' dir='ltr'>est</span> <span class='ocrx_word' id='word_1_265' title='bbox 1074 2380 1332 2417; x_wconf 88' lang='lat' dir='ltr'>durissimum</span> <span class='ocrx_word' id='word_1_266' title='bbox 1389 2377 1580 2414; x_wconf 87' lang='lat' dir='ltr'>iudicium</span> <span class='ocrx_word' id='word_1_267' title='bbox 1637 2376 1743 2413; x_wconf 86' lang='lat' dir='ltr'>falsis</span> 
     </span>
    </p>
   </div>
   <div class='ocr_carea' id='block_1_10' title="bbox 429 2464 1745 2818">
    <p class='ocr_par' dir='ltr' id='par_1_10' title="bbox 429 2464 1745 2818">
     <span class='ocr_line' id='line_1_45' title="bbox 499 2464 1742 2507; baseline -0.008 -7"><span class='ocrx_word' id='word_1_268' title='bbox 499 2482 518 2500; x_wconf 94' lang='lat'>1.</span> <span class='ocrx_word' id='word_1_269' title='bbox 548 2474 592 2500; x_wconf 83' lang='lat' dir='ltr'><strong>A:</strong></span> <span class='ocrx_word' id='word_1_270' title='bbox 625 2473 670 2507; x_wconf 85' lang='lat' dir='ltr'>pal</span> <span class='ocrx_word' id='word_1_271' title='bbox 684 2472 773 2499; x_wconf 56' lang='lat' dir='ltr'>witam</span> <span class='ocrx_word' id='word_1_272' title='bbox 804 2479 905 2501; x_wconf 87' lang='lat' dir='ltr'>error:</span> <span class='ocrx_word' id='word_1_273' title='bbox 940 2471 980 2497; x_wconf 92' lang='lat' dir='ltr'>ib.</span> <span class='ocrx_word' id='word_1_274' title='bbox 1010 2471 1168 2497; x_wconf 69' lang='lat' dir='ltr'>Arerrovs</span> <span class='ocrx_word' id='word_1_275' title='bbox 1199 2468 1298 2498; x_wconf 81' lang='lat' dir='ltr'>deest:</span> <span class='ocrx_word' id='word_1_276' title='bbox 1330 2467 1369 2494; x_wconf 82' lang='lat' dir='ltr'><strong>B:</strong></span> <span class='ocrx_word' id='word_1_277' title='bbox 1400 2466 1552 2497; x_wconf 71' lang='lat' dir='ltr'>Everovs2</span> <span class='ocrx_word' id='word_1_278' title='bbox 1586 2465 1626 2492; x_wconf 82' lang='lat' dir='ltr'>ib.</span> <span class='ocrx_word' id='word_1_279' title='bbox 1656 2465 1684 2491; x_wconf 84' lang='lat' dir='ltr'><strong>A</strong></span> <span class='ocrx_word' id='word_1_280' title='bbox 1714 2464 1742 2490; x_wconf 91' lang='lat' dir='ltr'>in</span> 
     </span>
     <span class='ocr_line' id='line_1_46' title="bbox 430 2498 1743 2547; baseline -0.007 -12"><span class='ocrx_word' id='word_1_281' title='bbox 430 2517 543 2547; x_wconf 57' lang='lat' dir='ltr'>marg:</span> <span class='ocrx_word' id='word_1_282' title='bbox 566 2507 645 2535; x_wconf 82' lang='lat' dir='ltr'>Nota</span> <span class='ocrx_word' id='word_1_283' title='bbox 689 2516 702 2533; x_wconf 86' lang='lat' dir='ltr'>e</span> <span class='ocrx_word' id='word_1_284' title='bbox 725 2506 824 2541; x_wconf 88' lang='lat' dir='ltr'>primo</span> <span class='ocrx_word' id='word_1_285' title='bbox 846 2510 918 2532; x_wconf 88' lang='lat' dir='ltr'>noto</span> <span class='ocrx_word' id='word_1_286' title='bbox 934 2504 1068 2535; x_wconf 81' lang='lat' dir='ltr'>homini:</span> <span class='ocrx_word' id='word_1_287' title='bbox 1090 2501 1169 2531; x_wconf 57' lang='lat' dir='ltr'>ibslss</span> <span class='ocrx_word' id='word_1_288' title='bbox 1186 2503 1213 2530; x_wconf 94' lang='lat' dir='ltr'>in</span> <span class='ocrx_word' id='word_1_289' title='bbox 1232 2510 1344 2537; x_wconf 66' lang='lat' dir='ltr'>marg:</span> <span class='ocrx_word' id='word_1_290' title='bbox 1366 2501 1469 2528; x_wconf 81' lang='lat' dir='ltr'>Primo</span> <span class='ocrx_word' id='word_1_291' title='bbox 1491 2498 1598 2527; x_wconf 86' lang='lat' dir='ltr'>notum</span> <span class='ocrx_word' id='word_1_292' title='bbox 1620 2498 1743 2526; x_wconf 73' lang='lat' dir='ltr'>cuilibet</span> 
     </span>
     <span class='ocr_line' id='line_1_47' title="bbox 430 2533 1742 2575; baseline -0.008 -5"><span class='ocrx_word' id='word_1_293' title='bbox 430 2543 547 2570; x_wconf 82' lang='lat' dir='ltr'>homini</span> <span class='ocrx_word' id='word_1_294' title='bbox 569 2542 604 2569; x_wconf 86' lang='lat' dir='ltr'>ad</span> <span class='ocrx_word' id='word_1_295' title='bbox 627 2541 862 2568; x_wconf 83' lang='lat' dir='ltr'>assenciendum</span> <span class='ocrx_word' id='word_1_296' title='bbox 885 2540 993 2575; x_wconf 83' lang='lat' dir='ltr'>primis</span> <span class='ocrx_word' id='word_1_297' title='bbox 1016 2538 1177 2574; x_wconf 79' lang='lat' dir='ltr'>principiis</span> <span class='ocrx_word' id='word_1_298' title='bbox 1198 2537 1271 2572; x_wconf 84' lang='lat' dir='ltr'>qnid</span> <span class='ocrx_word' id='word_1_299' title='bbox 1293 2541 1347 2563; x_wconf 86' lang='lat' dir='ltr'>est.</span> <span class='ocrx_word' id='word_1_300' title='bbox 1411 2535 1438 2562; x_wconf 77' lang='lat'>(3.</span> <span class='ocrx_word' id='word_1_301' title='bbox 1462 2535 1527 2562; x_wconf 75' lang='lat' dir='ltr'><strong>BC:</strong></span> <span class='ocrx_word' id='word_1_302' title='bbox 1548 2534 1618 2561; x_wconf 89' lang='lat' dir='ltr'>Non</span> <span class='ocrx_word' id='word_1_303' title='bbox 1640 2533 1742 2569; x_wconf 85' lang='lat' dir='ltr'>igitur.</span> 
     </span>
     <span class='ocr_line' id='line_1_48' title="bbox 429 2567 1742 2613; baseline -0.008 -9"><span class='ocrx_word' id='word_1_304' title='bbox 429 2587 455 2613; x_wconf 89' lang='lat'>7.</span> <span class='ocrx_word' id='word_1_305' title='bbox 472 2579 515 2605; x_wconf 86' lang='lat' dir='ltr'><strong>A:</strong></span> <span class='ocrx_word' id='word_1_306' title='bbox 537 2576 690 2604; x_wconf 83' lang='lat' dir='ltr'>contraria</span> <span class='ocrx_word' id='word_1_307' title='bbox 704 2592 737 2594; x_wconf 97' lang='lat'><strong>—</strong></span> <span class='ocrx_word' id='word_1_308' title='bbox 753 2575 889 2602; x_wconf 81' lang='lat' dir='ltr'>naturale</span> <span class='ocrx_word' id='word_1_309' title='bbox 909 2574 1004 2601; x_wconf 86' lang='lat' dir='ltr'>deest.</span> <span class='ocrx_word' id='word_1_310' title='bbox 1057 2582 1097 2601; x_wconf 84' lang='grc' dir='ltr'>ιο.</span> <span class='ocrx_word' id='word_1_311' title='bbox 1114 2574 1142 2600; x_wconf 88' lang='lat' dir='ltr'><strong>A</strong></span> <span class='ocrx_word' id='word_1_312' title='bbox 1163 2573 1192 2599; x_wconf 93' lang='lat' dir='ltr'>in</span> <span class='ocrx_word' id='word_1_313' title='bbox 1215 2579 1328 2606; x_wconf 65' lang='lat' dir='ltr'>marg:</span> <span class='ocrx_word' id='word_1_314' title='bbox 1351 2570 1386 2597; x_wconf 81' lang='lat' dir='ltr'>ad</span> <span class='ocrx_word' id='word_1_315' title='bbox 1405 2569 1599 2604; x_wconf 81' lang='lat' dir='ltr'>Gregorium.</span> <span class='ocrx_word' id='word_1_316' title='bbox 1654 2576 1686 2595; x_wconf 94' lang='lat'>11.</span> <span class='ocrx_word' id='word_1_317' title='bbox 1705 2567 1742 2594; x_wconf 69' lang='lat'>13:</span> 
     </span>
     <span class='ocr_line' id='line_1_49' title="bbox 431 2602 1743 2651; baseline -0.008 -12"><span class='ocrx_word' id='word_1_318' title='bbox 431 2613 535 2651; x_wconf 80' lang='lat' dir='ltr'>prebet</span> <span class='ocrx_word' id='word_1_319' title='bbox 555 2611 798 2646; x_wconf 78' lang='lat' dir='ltr'>experimentum</span> <span class='ocrx_word' id='word_1_320' title='bbox 821 2609 915 2636; x_wconf 83' lang='lat' dir='ltr'>deest.</span> <span class='ocrx_word' id='word_1_321' title='bbox 985 2616 1026 2642; x_wconf 78' lang='lat'>14.</span> <span class='ocrx_word' id='word_1_322' title='bbox 1047 2608 1090 2635; x_wconf 81' lang='lat' dir='ltr'>A:</span> <span class='ocrx_word' id='word_1_323' title='bbox 1113 2606 1318 2634; x_wconf 82' lang='lat' dir='ltr'>materialiter.</span> <span class='ocrx_word' id='word_1_324' title='bbox 1390 2605 1426 2632; x_wconf 81' lang='lat'>15.</span> <span class='ocrx_word' id='word_1_325' title='bbox 1448 2604 1488 2631; x_wconf 88' lang='lat' dir='ltr'>C:</span> <span class='ocrx_word' id='word_1_326' title='bbox 1512 2602 1743 2639; x_wconf 73' lang='lat' dir='ltr'>philosophice:</span> 
     </span>
     <span class='ocr_line' id='line_1_50' title="bbox 430 2637 1743 2704; baseline -0.008 -30"><span class='ocrx_word' id='word_1_327' title='bbox 430 2648 470 2674; x_wconf 86' lang='lat' dir='ltr'>lb.</span> <span class='ocrx_word' id='word_1_328' title='bbox 492 2648 534 2674; x_wconf 77' lang='lat' dir='ltr'>A:</span> <span class='ocrx_word' id='word_1_329' title='bbox 562 2645 700 2673; x_wconf 84' lang='lat' dir='ltr'>intendit.</span> <span class='ocrx_word' id='word_1_330' title='bbox 794 2643 833 2671; x_wconf 79' lang='lat'>16.</span> <span class='ocrx_word' id='word_1_331' title='bbox 858 2643 922 2670; x_wconf 76' lang='lat' dir='ltr'><strong>BC:</strong></span> <span class='ocrx_word' id='word_1_332' title='bbox 951 2643 1081 2704; x_wconf 50' lang='lat' dir='ltr'>Ogortet</span> <span class='ocrx_word' id='word_1_333' title='bbox 1108 2646 1218 2669; x_wconf 87' lang='lat' dir='ltr'>autem.</span> <span class='ocrx_word' id='word_1_334' title='bbox 1312 2640 1351 2667; x_wconf 66' lang='lat'>18.</span> <span class='ocrx_word' id='word_1_335' title='bbox 1373 2639 1414 2666; x_wconf 91' lang='lat' dir='ltr'><strong>C:</strong></span> <span class='ocrx_word' id='word_1_336' title='bbox 1442 2647 1533 2673; x_wconf 89' lang='lat' dir='ltr'>quam</span> <span class='ocrx_word' id='word_1_337' title='bbox 1563 2637 1743 2664; x_wconf 85' lang='lat' dir='ltr'>secundnm.</span> 
     </span>
     <span class='ocr_line' id='line_1_51' title="bbox 430 2673 1744 2708; baseline -0.007 0"><span class='ocrx_word' id='word_1_338' title='bbox 430 2690 476 2708; x_wconf 80' lang='lat'>20.</span> <span class='ocrx_word' id='word_1_339' title='bbox 498 2682 541 2708; x_wconf 76' lang='lat' dir='ltr'><strong>A:</strong></span> <span class='ocrx_word' id='word_1_340' title='bbox 562 2680 685 2707; x_wconf 84' lang='lat' dir='ltr'>Thoma</span> <span class='ocrx_word' id='word_1_341' title='bbox 706 2683 773 2707; x_wconf 82' lang='lat' dir='ltr'>etc..</span> <span class='ocrx_word' id='word_1_342' title='bbox 796 2678 857 2705; x_wconf 87' lang='lat' dir='ltr'>ubi.</span> <span class='ocrx_word' id='word_1_343' title='bbox 915 2686 952 2705; x_wconf 81' lang='lat'>21.</span> <span class='ocrx_word' id='word_1_344' title='bbox 1002 2676 1041 2705; x_wconf 92' lang='lat' dir='ltr'>C:</span> <span class='ocrx_word' id='word_1_345' title='bbox 1062 2682 1123 2704; x_wconf 85' lang='lat' dir='ltr'>tam</span> <span class='ocrx_word' id='word_1_346' title='bbox 1145 2684 1225 2703; x_wconf 63' lang='lat' dir='ltr'>cuni.</span> <span class='ocrx_word' id='word_1_347' title='bbox 1287 2682 1330 2701; x_wconf 78' lang='lat'>22.</span> <span class='ocrx_word' id='word_1_348' title='bbox 1353 2674 1396 2700; x_wconf 81' lang='lat' dir='ltr'><strong>A:</strong></span> <span class='ocrx_word' id='word_1_349' title='bbox 1419 2673 1606 2701; x_wconf 84' lang='lat' dir='ltr'>Conceditur</span> <span class='ocrx_word' id='word_1_350' title='bbox 1626 2676 1744 2699; x_wconf 82' lang='lat' dir='ltr'>tamen:</span> 
     </span>
     <span class='ocr_line' id='line_1_52' title="bbox 430 2705 1745 2743; baseline -0.008 -1"><span class='ocrx_word' id='word_1_351' title='bbox 430 2717 470 2743; x_wconf 87' lang='lat' dir='ltr'>ib.</span> <span class='ocrx_word' id='word_1_352' title='bbox 492 2717 536 2742; x_wconf 88' lang='lat' dir='ltr'><strong>A:</strong></span> <span class='ocrx_word' id='word_1_353' title='bbox 559 2716 660 2742; x_wconf 88' lang='lat' dir='ltr'>hnnen</span> <span class='ocrx_word' id='word_1_354' title='bbox 683 2713 886 2740; x_wconf 88' lang='lat' dir='ltr'>sensibilium.</span> <span class='ocrx_word' id='word_1_355' title='bbox 967 2712 1013 2739; x_wconf 78' lang='lat'>26.</span> <span class='ocrx_word' id='word_1_356' title='bbox 1036 2713 1080 2739; x_wconf 77' lang='lat' dir='ltr'><strong>A:</strong></span> <span class='ocrx_word' id='word_1_357' title='bbox 1102 2711 1166 2738; x_wconf 76' lang='lat' dir='ltr'>sine</span> <span class='ocrx_word' id='word_1_358' title='bbox 1189 2710 1308 2737; x_wconf 65' lang='lat' dir='ltr'>mulitae</span> <span class='ocrx_word' id='word_1_359' title='bbox 1333 2708 1498 2735; x_wconf 73' lang='lat' dir='ltr'>evidenter.</span> <span class='ocrx_word' id='word_1_360' title='bbox 1572 2714 1618 2742; x_wconf 79' lang='lat'>29.</span> <span class='ocrx_word' id='word_1_361' title='bbox 1641 2706 1685 2733; x_wconf 82' lang='lat' dir='ltr'><strong>A:</strong></span> <span class='ocrx_word' id='word_1_362' title='bbox 1708 2705 1745 2732; x_wconf 85' lang='lat' dir='ltr'>sit</span> 
     </span>
     <span class='ocr_line' id='line_1_53' title="bbox 431 2740 1744 2779; baseline -0.008 -2"><span class='ocrx_word' id='word_1_363' title='bbox 431 2751 524 2777; x_wconf 83' lang='lat' dir='ltr'>deest.</span> <span class='ocrx_word' id='word_1_364' title='bbox 573 2749 618 2776; x_wconf 78' lang='lat'>30.</span> <span class='ocrx_word' id='word_1_365' title='bbox 635 2749 678 2775; x_wconf 79' lang='lat' dir='ltr'><strong>A:</strong></span> <span class='ocrx_word' id='word_1_366' title='bbox 700 2747 869 2779; x_wconf 65' lang='lat' dir='ltr'>stabilitur:</span> <span class='ocrx_word' id='word_1_367' title='bbox 891 2747 930 2773; x_wconf 88' lang='lat' dir='ltr'>ib.</span> <span class='ocrx_word' id='word_1_368' title='bbox 948 2746 1014 2773; x_wconf 76' lang='lat' dir='ltr'><strong>BC:</strong></span> <span class='ocrx_word' id='word_1_369' title='bbox 1036 2746 1104 2773; x_wconf 89' lang='lat' dir='ltr'>ideo</span> <span class='ocrx_word' id='word_1_370' title='bbox 1121 2750 1175 2772; x_wconf 82' lang='lat' dir='ltr'>etc.</span> <span class='ocrx_word' id='word_1_371' title='bbox 1223 2743 1262 2771; x_wconf 81' lang='lat'>31.</span> <span class='ocrx_word' id='word_1_372' title='bbox 1278 2744 1306 2771; x_wconf 87' lang='lat' dir='ltr'><strong>A</strong></span> <span class='ocrx_word' id='word_1_373' title='bbox 1322 2743 1351 2770; x_wconf 90' lang='lat' dir='ltr'>in</span> <span class='ocrx_word' id='word_1_374' title='bbox 1369 2751 1481 2769; x_wconf 53' lang='lat' dir='ltr'>marm:</span> <span class='ocrx_word' id='word_1_375' title='bbox 1504 2742 1612 2769; x_wconf 83' lang='lat' dir='ltr'>Sermo</span> <span class='ocrx_word' id='word_1_376' title='bbox 1628 2740 1744 2769; x_wconf 70' lang='lat' dir='ltr'>xxvi:</span> 
     </span>
     <span class='ocr_line' id='line_1_54' title="bbox 430 2762 1673 2818; baseline -0.01 -6"><span class='ocrx_word' id='word_1_377' title='bbox 430 2785 470 2812; x_wconf 86' lang='lat' dir='ltr'>ib.</span> <span class='ocrx_word' id='word_1_378' title='bbox 489 2784 512 2811; x_wconf 94' lang='lat' dir='ltr'>C</span> <span class='ocrx_word' id='word_1_379' title='bbox 533 2784 561 2811; x_wconf 93' lang='lat' dir='ltr'>in</span> <span class='ocrx_word' id='word_1_380' title='bbox 585 2792 698 2818; x_wconf 67' lang='lat' dir='ltr'>marg:</span> <span class='ocrx_word' id='word_1_381' title='bbox 720 2781 882 2809; x_wconf 82' lang='lat' dir='ltr'>Dominiea</span> <span class='ocrx_word' id='word_1_382' title='bbox 903 2781 1037 2808; x_wconf 84' lang='lat' dir='ltr'>secunda</span> <span class='ocrx_word' id='word_1_383' title='bbox 1058 2785 1127 2816; x_wconf 78' lang='lat' dir='ltr'>post</span> <span class='ocrx_word' id='word_1_384' title='bbox 1149 2779 1275 2806; x_wconf 79' lang='lat' dir='ltr'>l’ascha.</span> <span class='ocrx_word' id='word_1_385' title='bbox 1366 2777 1408 2804; x_wconf 75' lang='lat'>32.</span> <span class='ocrx_word' id='word_1_386' title='bbox 1431 2762 1474 2804; x_wconf 66' lang='lat' dir='ltr'><strong>A:</strong></span> <span class='ocrx_word' id='word_1_387' title='bbox 1498 2777 1596 2802; x_wconf 88' lang='lat' dir='ltr'>bonus</span> <span class='ocrx_word' id='word_1_388' title='bbox 1618 2779 1673 2801; x_wconf 82' lang='lat' dir='ltr'>etc.</span> 
     </span>
    </p>
   </div>
   <div class='ocr_carea' id='block_1_11' title="bbox 431 2822 1745 2968">
    <p class='ocr_par' dir='ltr' id='par_1_11' title="bbox 431 2822 1745 2968">
     <span class='ocr_line' id='line_1_55' title="bbox 505 2822 1745 2872; baseline -0.008 -9"><span class='ocrx_word' id='word_1_389' title='bbox 505 2843 556 2864; x_wconf 90' lang='lat'>10.</span> <span class='ocrx_word' id='word_1_390' title='bbox 596 2833 631 2866; x_wconf 85' lang='lat' dir='ltr'>S.</span> <span class='ocrx_word' id='word_1_391' title='bbox 671 2830 842 2872; x_wconf 82' lang='lat' dir='ltr'>Gregorii,</span> <span class='ocrx_word' id='word_1_392' title='bbox 885 2830 922 2861; x_wconf 87' lang='lat' dir='ltr'>In</span> <span class='ocrx_word' id='word_1_393' title='bbox 961 2829 1151 2872; x_wconf 84' lang='lat' dir='ltr'>Evangelia</span> <span class='ocrx_word' id='word_1_394' title='bbox 1189 2827 1246 2859; x_wconf 91' lang='lat' dir='ltr'>lib.</span> <span class='ocrx_word' id='word_1_395' title='bbox 1285 2827 1322 2858; x_wconf 92' lang='lat'>11.</span> <span class='ocrx_word' id='word_1_396' title='bbox 1363 2827 1466 2857; x_wconf 81' lang='lat' dir='ltr'>Hom.</span> <span class='ocrx_word' id='word_1_397' title='bbox 1494 2824 1618 2855; x_wconf 87' lang='lat' dir='ltr'>XXVI.</span> <span class='ocrx_word' id='word_1_398' title='bbox 1652 2822 1745 2865; x_wconf 86' lang='lat' dir='ltr'>Opp.</span> 
     </span>
     <span class='ocr_line' id='line_1_56' title="bbox 431 2869 1745 2919; baseline -0.008 -9"><span class='ocrx_word' id='word_1_399' title='bbox 431 2886 515 2910; x_wconf 88' lang='lat' dir='ltr'>tom.</span> <span class='ocrx_word' id='word_1_400' title='bbox 543 2878 566 2919; x_wconf 89' lang='lat'>1,</span> <span class='ocrx_word' id='word_1_401' title='bbox 599 2877 695 2910; x_wconf 85' lang='lat'>1552.</span> <span class='ocrx_word' id='word_1_402' title='bbox 721 2876 771 2909; x_wconf 89' lang='lat' dir='ltr'>Cf.</span> <span class='ocrx_word' id='word_1_403' title='bbox 798 2874 906 2908; x_wconf 84' lang='lat' dir='ltr'>Trial.</span> <span class='ocrx_word' id='word_1_404' title='bbox 933 2886 964 2917; x_wconf 87' lang='lat' dir='ltr'>p.</span> <span class='ocrx_word' id='word_1_405' title='bbox 995 2874 1047 2915; x_wconf 80' lang='lat'>54.</span> <span class='ocrx_word' id='word_1_406' title='bbox 1159 2874 1210 2906; x_wconf 80' lang='lat'>32.</span> <span class='ocrx_word' id='word_1_407' title='bbox 1239 2872 1291 2905; x_wconf 85' lang='lat' dir='ltr'>Cf.</span> <span class='ocrx_word' id='word_1_408' title='bbox 1313 2871 1470 2914; x_wconf 79' lang='lat' dir='ltr'>Wyclif&#39;s</span> <span class='ocrx_word' id='word_1_409' title='bbox 1497 2871 1664 2902; x_wconf 86' lang='lat' dir='ltr'>Sermons</span> <span class='ocrx_word' id='word_1_410' title='bbox 1691 2869 1745 2899; x_wconf 89' lang='lat' dir='ltr'>ed.</span> 
     </span>
     <span class='ocr_line' id='line_1_57' title="bbox 432 2922 790 2968; baseline -0.006 -12"><span class='ocrx_word' id='word_1_411' title='bbox 432 2925 477 2968; x_wconf 91' lang='lat' dir='ltr'>by</span> <span class='ocrx_word' id='word_1_412' title='bbox 504 2923 635 2956; x_wconf 78' lang='lat' dir='ltr'>Arnold</span> <span class='ocrx_word' id='word_1_413' title='bbox 663 2923 687 2964; x_wconf 86' lang='lat'>1,</span> <span class='ocrx_word' id='word_1_414' title='bbox 717 2922 790 2954; x_wconf 80' lang='lat'>138.</span> 
     </span>
    </p>
   </div>
   <div class='ocr_carea' id='block_1_12' title="bbox 1753 940 1792 961">
    <p class='ocr_par' dir='ltr' id='par_1_12' title="bbox 1753 940 1792 961">
     <span class='ocr_line' id='line_1_58' title="bbox 1753 940 1792 961; baseline -0.026 0"><span class='ocrx_word' id='word_1_415' title='bbox 1753 940 1792 961; x_wconf 89' lang='lat'>10</span> 
     </span>
    </p>
   </div>
   <div class='ocr_carea' id='block_1_13' title="bbox 1757 1221 1793 1254">
    <p class='ocr_par' dir='ltr' id='par_1_13' title="bbox 1757 1221 1793 1254">
     <span class='ocr_line' id='line_1_59' title="bbox 1757 1221 1793 1254; baseline 0.028 -1"><span class='ocrx_word' id='word_1_416' title='bbox 1757 1221 1793 1254; x_wconf 85' lang='lat'>15</span> 
     </span>
    </p>
   </div>
  </div>
 </body>
</html>
