2017 3353
233 279 369 309 senno
390 270 486 328 xix]
743 283 881 315 PRIMA
910 284 1033 316 PARs.
1766 280 1807 315 13
1825 292 1832 314 1

143 373 216 405 Fol.

141 389 397 451 1350qUilibet
430 389 651 437 imperator
673 390 733 426 vel
766 402 831 426 rex
864 398 920 426 est
954 402 1089 427 servus
1125 391 1241 428 huius
1270 388 1274 445 Ι
1304 392 1467 428 Domini
1490 393 1550 429 vel
1567 389 1614 416 All
1636 390 1707 416 who
1728 390 1767 416 do
1789 394 1842 417 noi

232 447 411 490 ballivus,
445 456 554 495 patet
587 449 694 495 quod
729 447 969 497 quicunque,
1003 452 1280 486 consumendo
1305 451 1411 487 bona
1435 451 1551 487 huius
1567 424 1835 486 mal-{sliigvtdsw

232 505 393 541 Domini
427 514 464 541 et
497 518 577 541 non
612 505 879 543 ministrando
912 506 986 542 sibi
1028 507 1210 551 fideliter,
1253 509 1300 544 de
1340 517 1453 545 tanto
1495 517 1552 545 est

232 563 322 599 huic
339 562 513 599 Domino
546 563 608 599 fur
641 572 678 600 et
711 564 832 610 latro;
866 565 928 600 fur
951 564 990 600 in
1016 577 1109 601 casu
1139 579 1217 614 quo
1241 579 1312 614 per
1334 566 1551 615 ypocrisim

198 622 214 654 5
230 620 348 656 simul
382 629 419 657 et
452 621 720 667 sanctitatem,
757 631 793 658 et
826 623 929 659 latro
954 622 993 659 in
1018 636 1111 660 casu
1135 637 1214 672 quo
1238 637 1309 672 per
1333 625 1552 662 amfractus

230 678 351 715 seculi
386 679 553 727 apponit
586 680 794 728 patencius
828 680 1064 728 diligencius
1098 683 1147 718 ad
1182 682 1382 730 rapinam.

288 739 342 772 Ex
375 750 454 785 quo
488 746 596 785 patet
620 739 728 786 quod
760 739 989 787 quicunque
1020 741 1137 787 culpa
1168 740 1303 789 aliqua
1328 742 1553 778 maculatur

229 803 271 830 ut
304 795 359 831 sic
392 804 448 831 est
478 795 517 831 in
547 795 661 832 bonis
687 796 757 833 Dei
795 810 1032 845 quecunque
1065 808 1236 847 occupat
1270 799 1331 835 fur
1364 808 1401 835 et
1434 800 1549 836 latro.

229 854 276 888 Et
310 861 419 901 patet
452 854 733 891 convertencia
766 855 881 891 huius
906 855 1086 892 mandati
1120 869 1210 892 cum
1245 857 1398 893 ceteris.
1424 860 1552 893 Nemo

177 910 335 946 10enim
376 911 482 959 capit
521 925 637 948 usum
678 913 864 949 elementi
896 914 957 950 vel
989 922 1105 960 terre,
1141 915 1255 961 aeris,
1296 915 1459 951 luminis
1492 916 1552 952 vel

229 969 393 1005 alterius
426 969 640 1006 influencie
674 971 828 1007 celestis
859 973 1133 1008 membrorum
1167 973 1228 1009 vel
1261 973 1423 1009 alterius
1457 973 1552 1009 boni

229 1027 410 1075 corporis
443 1027 540 1076 quin
573 1036 615 1064 ut
648 1028 704 1064 sic
737 1029 938 1077 obligatur
975 1039 1017 1066 ut
1056 1030 1096 1066 in
1130 1031 1265 1079 gracia
1294 1032 1438 1068 serviat
1468 1034 1551 1068 Deo

229 1098 314 1130 suo,
345 1094 382 1121 et
406 1098 477 1133 per
510 1099 758 1135 consequens
783 1087 1007 1124 deficiendo
1040 1088 1081 1124 in
1114 1088 1190 1125 isto
1215 1098 1252 1125 et
1275 1090 1551 1126 continuando

230 1142 268 1179 in
303 1143 418 1179 dictis
452 1144 642 1180 abusibus
676 1154 732 1181 est
766 1145 837 1182 Dei
871 1146 930 1182 sui
964 1147 1148 1194 proditor
1187 1156 1306 1196 atque
1340 1149 1456 1184 latro.
1504 1150 1551 1184 Et
1566 1152 1667 1180 Three
1695 1154 1784 1193 kinds
1810 1155 1845 1181 of

177 1202 212 1234 15
229 1210 338 1249 patet
382 1204 588 1250 quomodo
642 1203 838 1251 contingit
889 1204 1012 1241 furari
1057 1204 1269 1253 tripliciter
1321 1207 1426 1242 bona
1467 1206 1551 1252 Dei,
1661 1190 1750 1216 ¹¹¹⁰¹t³

229 1259 361 1307 primo
406 1261 627 1296 secundum
673 1262 799 1309 legem
847 1262 918 1298 Dei
970 1263 1196 1311 predictam
1249 1265 1354 1300 bona
1407 1277 1477 1301 sua
1531 1277 1553 1301 a

230 1317 414 1354 fidelibus
454 1318 708 1366 culpabiliter
747 1320 978 1367 auferendo,
1020 1322 1197 1357 secundo
1242 1323 1348 1358 bona
1382 1322 1553 1370 proximi

229 1388 326 1423 pure
371 1377 590 1412 secundum
636 1378 740 1425 leges
774 1377 983 1414 hominum
1023 1380 1310 1426 subtrahendo,
1352 1389 1389 1416 et
1427 1380 1552 1417 tercio

230 1433 382 1470 mixtim
417 1435 522 1471 bona
554 1435 725 1482 proximi
759 1438 979 1472 secundum
1003 1437 1130 1485 Iegem
1164 1438 1235 1474 Dei
1270 1447 1307 1474 et
1341 1438 1551 1475 hominum

171 1491 565 1529 zon-racionabiliter
597 1493 847 1541 accipiendo.
888 1494 1067 1531 Primum
1092 1504 1226 1532 autem
1259 1496 1409 1533 furtum
1444 1498 1552 1546 quod
1629 1502 1783 1543 I.·ij‘i1ig

229 1558 286 1586 est
340 1551 524 1598 generale
585 1551 625 1587 in
687 1565 929 1601 quocunque
991 1554 1246 1602 culpabiliter
1297 1555 1452 1592 vivente
1512 1555 1552 1591 in
1638 1539 1772 1574 *mum*

230 1609 305 1644 hoc
348 1609 482 1645 seculo
526 1621 608 1645 non
652 1620 861 1657 pensatur;
908 1620 944 1647 et
989 1620 1124 1648 tamen
1163 1612 1202 1648 in
1242 1612 1324 1649 eius
1363 1613 1551 1661 opposito

229 1666 420 1702 fundatur
457 1666 615 1704 iusticia
653 1669 869 1715 generali33
909 1671 977 1705 sed
1010 1679 1171 1718 oportet
1203 1672 1253 1707 ad
1287 1671 1370 1707 eius
1405 1671 1551 1707 discre-

230 1724 387 1761 cionem
427 1737 525 1773 pure
563 1726 691 1773 legem
732 1727 803 1763 Dei
842 1740 1097 1775 cognoscere.
1139 1730 1369 1765 Secundum
1415 1738 1549 1766 autem
1567 1737 1602 1763 ΙΙ.
1619 1735 1741 1771 Taking
1760 1737 1842 1776 what

174 1783 212 1814 25
229 1782 378 1819 furtum
436 1784 544 1831 quod
603 1793 794 1831 pensatur
846 1788 1130 1822 tantummodo
1185 1789 1292 1835 apud
1352 1789 1547 1823 mundum
1567 1771 1842 1841 EJ1¹¹}}U}L{J¹L,{3¹S][⁸

229 1840 332 1888 sapit
376 1853 468 1889 sepe
513 1840 771 1889 iniusticiam,
817 1856 907 1879 cum
941 1843 981 1879 in
1015 1844 1160 1881 talibus
1193 1845 1551 1882 adinvencionibus

229 1898 414 1935 humanis
445 1899 687 1936 tradiciones
720 1901 930 1937 hominum
964 1911 1007 1938 ut
1039 1902 1257 1950 plurimum
1282 1912 1373 1940 sunt
1396 1903 1551 1952 inique3

228 1957 333 1992 unde
366 1956 468 1993 sicut
506 1957 598 1994 licet
637 1958 677 1993 in
717 1967 899 2007 tempore
936 1960 1185 1997 necessitatis
1224 1961 1406 2009 accipere
1446 1963 1551 1998 bona

229 2015 394 2051 ecclesie
426 2015 510 2052 sine
548 2016 666 2062 furto,
706 2016 761 2053 sic
800 2017 892 2053 licet
923 2018 1102 2055 virtuoso
1141 2032 1214 2067 pro
1253 2032 1411 2068 semper
1449 2020 1552 2056 acci-

172 2073 215 2106 30
230 2085 324 2120 pere
376 2074 482 2110 bona
535 2074 746 2111 cuiuslibet
798 2077 1018 2112 secundum
1077 2078 1205 2125 Iegem
1258 2086 1413 2124 nature,
1473 2091 1551 2126 qua

230 2140 373 2167 cuncta
418 2133 563 2168 debent
608 2145 691 2169 esse
737 2134 982 2171 communia.
1040 2137 1088 2171 Et
1141 2136 1211 2172 hec
1268 2136 1377 2172 racio
1428 2149 1551 2184 quare

229 2189 394 2237 quidam
435 2199 618 2226 asserunt
656 2193 765 2240 quod
804 2193 985 2240 vulgares
1026 2201 1062 2229 et
1104 2206 1300 2242 pauperes
1334 2207 1549 2242 regnorum

228 2259 307 2282 non
363 2249 508 2284 debent
560 2249 721 2285 onerari
774 2250 947 2298 tallagiis
1006 2250 1266 2298 inconsuetis,
1331 2262 1547 2301 antequam

229 2425 234 2429 .
298 2399 318 2418 1.
339 2392 383 2419 A:
405 2397 450 2420 est
470 2393 564 2421 deest.
604 2402 629 2421 2.
652 2394 799 2428 ballivus;
821 2396 861 2423 ib.
878 2396 900 2423 Β
921 2395 950 2424 in
973 2405 1087 2432 marg:
1108 2396 1276 2430 XVIacIarz:
1297 2398 1392 2433 (verb.
1410 2398 1550 2432 Boliem.)

228 2426 257 2452 id
279 2431 334 2456 est.
357 2435 520 2462 possessor
541 2438 593 2456 seu
609 2430 755 2457 dominus
771 2435 868 2457 terrae
884 2439 935 2458 seu
953 2433 1134 2467 praefectus.
1184 2442 1213 2467 4.
1230 2434 1274 2460 A:
1297 2434 1345 2460 fur
1366 2434 1447 2468 quod
1469 2442 1547 2468 quo:

230 2460 269 2487 C:
291 2461 339 2488 sur
360 2461 453 2490 deest.
527 2465 570 2491 A:
592 2465 674 2499 quod
697 2473 760 2500 per.
825 2465 849 2493 5.
870 2467 915 2493 A:
937 2475 998 2505 quo
1020 2467 1114 2494 deest.
1215 2476 1240 2503 7.
1263 2469 1306 2495 A:
1330 2468 1432 2503 aliqua
1453 2469 1548 2495 deest.

230 2503 267 2534 ¹2:
289 2496 317 2534 1}
328 2506 340 2534 ῑ-
356 2496 501 2525 Domino.
559 2497 638 2525 13.A
657 2507 851 2534 consequens
872 2502 1092 2529 continuando.
1151 2510 1192 2536 14.
1214 2503 1242 2529 Α
1262 2503 1292 2529 in
1315 2511 1430 2538 marg:
1455 2503 1548 2537 Quod

228 2531 391 2565 mpliciter
417 2533 566 2567 contingit
591 2534 697 2561 furari.
827 2536 866 2562 IS.
895 2536 938 2562 A:
970 2537 1050 2570 leges
1077 2537 1237 2563 hominum
1267 2553 1300 2557 -—-
1327 2538 1422 2572 legem
1453 2538 1547 2564 deest.

229 2572 275 2592 20.
296 2566 341 2592 A:
363 2571 391 2593 et
411 2567 600 2602 accipiendO.
691 2570 735 2596 A:
757 2569 871 2596 furtum
894 2570 922 2597 in
946 2571 1013 2597 cod.
1035 2572 1179 2598 fructum.
1287 2571 1330 2599 23.
1352 2574 1379 2599 A
1400 2572 1428 2599 in
1452 2580 1548 2607 marg.

229 2600 281 2626 sol.
313 2601 490 2662 Siclip.155b:
523 2602 634 2630 Audite
658 2612 719 2630 non
747 2604 929 2640 quandoque
948 2606 991 2632 ad
1008 2607 1203 2637 volunlatem,
1231 2607 1364 2634 sednon
1385 2608 1548 2634 utilitatem

228 2634 306 2661 sicul
356 2644 488 2669 emones,
518 2637 642 2665 Matthei
672 2638 754 2665 VIII.
793 2639 841 2665 Ad
878 2639 1036 2667 utilitatem
1072 2641 1123 2667 sed
1159 2650 1218 2668 non
1254 2642 1439 2677 xoluptatem
1471 2642 1549 2668 sicut

231 2669 375 2705 IJaulum:
406 2671 442 2698 ad
474 2672 662 2699 voluntatem
694 2672 853 2700 utilitatem
885 2674 962 2701 sicut
992 2676 1150 2709 apostolos
1180 2676 1208 2703 in
1232 2676 1381 2703 missione
1411 2676 1548 2711 Spiritus

230 2705 351 2735 Sancti:
373 2705 409 2732 ad
428 2711 591 2741 utrumque
607 2711 757 2742 utsupra.
779 2708 857 2735 sicut
871 2709 1069 2737 Salomonem
1086 2711 1136 2737 III.
1154 2711 1223 2746 Reg.
1242 2711 1308 2738 1110.
1322 2710 1439 2738 Neutro
1456 2711 1548 2737 modo

232 2743 261 2764 ut
283 2738 310 2765 in
327 2740 482 2767 Antiocho
502 2741 538 2768 II.
561 2742 637 2769 Mac.
653 2742 703 2769 IX.
727 2742 868 2770 Clu-istus
891 2744 1008 2770 distulit
1030 2745 1134 2771 audire
1157 2746 1315 2772 mulierem
1338 2746 1425 2775 lianc.
1448 2746 1548 2780 primo

232 2778 262 2799 nt
277 2782 342 2800 eam
364 2776 548 2809 oportunius
570 2776 698 2807 audiret,
721 2778 855 2804 secundo
878 2783 908 2804 ut
928 2779 1115 2813 pacit-nciam
1140 2780 1203 2806 eius
1227 2781 1380 2815 probaret.
1403 2780 1496 2806 tercio
1520 2785 1549 2806 ut

231 2808 259 2834 in
276 2809 419 2836 oracione
436 2819 629 2845 perseverare
645 2812 776 2841 doceret,
795 2812 872 2839 Luce
887 2813 923 2840 Il.
945 2812 981 2840 Sl'
994 2817 1065 2843 elo:
1086 2819 1196 2848 quarto
1214 2820 1243 2841 nt
1264 2815 1328 2841 cius
1345 2815 1547 2841 humilitatem

231 2842 298 2869 aliis
328 2844 551 2877 manifestaret:
581 2846 688 2881 quinto
719 2851 749 2873 ut
778 2847 965 2874 desiderium
996 2849 1146 2876 dilacione
1173 2854 1375 2878 accresceret:
1406 2854 1490 2875 sexto
1520 2854 1549 2875 ut

232 2877 401 2905 doctrinam
425 2880 582 2915 propriam
606 2886 749 2909 servaret.
772 2881 894 2908 Matthei
917 2883 969 2909 XX
991 2883 1020 2909 ιή
1043 2885 1098 2910 vic.
1121 2884 1164 2916 τὲ).
1239 2884 1285 2910 2'3.
1314 2885 1356 2910 A:
1385 2884 1547 2910 iusticiam.

232 2911 270 2938 1⁴1.
293 2913 316 2938 A
341 2913 369 2939 in
394 2922 508 2947 marg:
530 2915 620 2941 Nota.
695 2915 738 2942 151⁴.
761 2917 804 2942 A:
828 2917 966 2943 insuetis.

1360 2965 1410 3001 o*
