2017 3353
203 264 279 300 350

265 444 402 475 Mvstlcal

216 479 445 518 interpretation

195 517 229 543 os
247 518 319 549 „the
343 516 465 545 seve-mh

276 553 384 580 hour”.

782 270 1008 303 JOHANNIS
1029 273 1211 305 WYcLIF
1232 273 1490 309 sERMONuM
1554 263 1708 322 [SERMO
1729 276 1806 309 Lm.

483 373 766 422 impenitencie
799 378 1008 414 excludens
1043 392 1116 427 pro
1155 389 1350 428 perpetuo
1383 381 1567 430 spiritum
1609 384 1800 421 caritatis.

484 432 668 469 Secundo
701 436 923 471 notandum
960 438 1067 484 quod
1112 438 1293 474 Christus
1334 451 1422 475 cum
1460 440 1509 476 sit
1542 442 1602 477 sol
1646 441 1802 478 iusticie

484 502 602 538 super
626 503 814 528 occasum
839 495 1058 530 ascendens
1083 495 1317 543 intelligitur
1340 509 1426 534 esse
1450 498 1532 534 dies
1566 499 1672 536 iuxta
1706 500 1800 536 illud

481 548 674 584 Johannis
707 551 791 593 ΧΓ),
828 563 868 597 9:
900 552 1035 588 Nonne
1068 554 1266 590 duodecim
1297 554 1391 591 hore
1422 564 1508 592 sunt
1540 557 1643 593 diei?
1676 557 1802 593 Huius

483 614 615 642 autem
650 606 726 643 diei
760 608 856 644 hore
887 621 969 645 non
1001 611 1131 647 solum
1165 612 1338 660 apostoli
1378 613 1564 650 dicuntur
1596 616 1665 651 sed
1698 616 1804 652 dona

482 663 644 711 spiritus
678 665 827 701 Christi
867 667 982 703 etatis
1027 668 1109 704 eius
1149 671 1209 706 vel
1249 671 1400 707 mundi.
1446 674 1494 707 Et
1539 672 1665 708 tercio
1712 686 1804 722 sup-

482 721 644 768 ponitur
678 724 786 771 quod
819 726 925 772 apud
950 727 1077 762 Deum
1111 728 1247 764 omnia
1271 729 1492 776 presencia,
1518 730 1709 778 preterita
1741 732 1802 768 vel

482 779 614 816 futura
639 790 730 816 sunt
752 781 792 816 in
817 795 962 830 magno
986 792 1168 832 tempore
1191 787 1329 823 mundi
1359 788 1579 836 presencia,
1613 789 1803 837 preterita

481 845 518 872 et
540 837 673 875 futura
705 838 811 875 iuxta
846 840 943 876 illud
966 842 1150 890 Apostoli
1174 845 1425 881 Hebreorum
1459 847 1580 893 X1110,
1616 847 1660 883 8:
1693 847 1804 883 Jesus

486 895 664 932 Christus
696 897 808 933 hodie
840 906 874 934 et
905 899 1000 946 heri,
1038 900 1117 949 ipse
1154 909 1189 937 et
1220 902 1256 938 in
1286 904 1425 939 secula.
1461 904 1549 940 Istis
1582 904 1801 953 suppositis

480 965 616 989 verum
651 963 709 990 est
742 957 849 1004 quod
883 956 967 992 heri
1001 958 1100 994 hora
1124 959 1295 1007 septima
1318 961 1479 1009 reliquit
1502 962 1622 998 febris
1645 962 1800 1011 peccati

481 1012 640 1058 dyaboli
673 1024 797 1060 genus
831 1015 1067 1062 humanum,
1102 1016 1195 1065 quia
1228 1019 1321 1055 dato
1363 1019 1535 1067 septimo
1575 1021 1681 1057 dono
1715 1020 1802 1069 Spi—

480 1068 578 1105 ritus
613 1070 761 1117 Sancti,
796 1074 905 1120 quod
938 1082 995 1109 est
1027 1073 1149 1111 timor
1183 1075 1328 1122 filialis,
1353 1077 1655 1114 abrenunciavit
1679 1079 1801 1115 homo

480 1127 651 1174 dyabolo
677 1137 713 1164 et
738 1130 899 1178 pompis
924 1131 1020 1168 eius.
1047 1133 1157 1169 Hora
1183 1133 1308 1170 eciam
1336 1135 1507 1183 septima
1530 1144 1610 1172 tam
1637 1136 1801 1173 maioris

479 1198 598 1233 quam
624 1186 790 1223 minoris
815 1188 930 1224 etatis
946 1189 1095 1226 Christi
1119 1191 1280 1240 reliquit
1305 1192 1411 1229 dicta
1434 1193 1555 1229 febris
1579 1194 1799 1230 hominem.

479 1244 578 1279 Cum
614 1244 719 1280 enim
753 1246 891 1282 habuit
932 1259 996 1283 sex
1036 1257 1160 1284 etates
1205 1262 1446 1287 conversans
1493 1264 1582 1288 cum
1622 1252 1798 1298 homine,

478 1301 648 1349 septima
681 1312 764 1339 etas
800 1316 871 1340 sua
904 1314 963 1340 est
995 1307 1044 1342 ab
1070 1307 1306 1344 ascensione
1330 1309 1370 1345 in
1392 1318 1631 1358 perpetuum
1657 1310 1697 1346 in
1721 1323 1799 1359 qua

478 1359 575 1396 hora
610 1373 754 1408 magna
787 1362 907 1398 febris
943 1364 1102 1411 dyaboli
1136 1365 1296 1414 reliquit
1320 1367 1540 1414 hominem,
1575 1368 1669 1416 quia
1692 1368 1799 1405 iuxta

476 1417 664 1454 Veritatis
703 1432 842 1456 vocem
876 1420 916 1456 in
949 1421 1017 1458 illo
1051 1430 1232 1471 tempore
1252 1425 1327 1474 fiet
1360 1438 1473 1460 unum
1508 1426 1606 1462 ovile
1637 1434 1671 1462 et
1704 1439 1800 1462 unus

470 1483 622 1523 pastor,
675 1485 711 1512 et
755 1477 821 1514 illa
872 1478 1032 1515 reliccio
1075 1480 1225 1529 incepit
1268 1482 1483 1519 efficaciter
1526 1492 1618 1532 post
1661 1496 1798 1520 ascen-

476 1532 628 1569 sionem
676 1535 887 1572 duodecim
934 1538 1129 1585 apostolis
1174 1540 1474 1587 predicantibus
1507 1543 1672 1578 verbum
1711 1542 1796 1578 Dei.

476 1593 663 1628 Notando
697 1593 824 1629 eciam
854 1594 973 1631 horas
1012 1595 1187 1633 minores
1212 1597 1289 1634 diei
1321 1599 1520 1646 passionis
1545 1599 1675 1636 Chrisi
1699 1601 1798 1636 hora

475 1649 645 1697 septima
670 1646 764 1702 (que
787 1652 859 1687 fuit
883 1661 973 1700 post
998 1654 1295 1692 crucifixionem
1313 1669 1356 1692 ex
1371 1656 1642 1694 immensitate
1667 1657 1799 1694 meriti

476 1707 640 1756 Christi)
676 1708 837 1757 reliquit
869 1711 988 1746 febris
1023 1713 1183 1759 dyaboli
1227 1726 1351 1761 genus
1402 1715 1612 1752 hominum
1665 1717 1799 1764 quoad

476 1777 652 1802 causam.
694 1768 743 1802 Et
775 1776 885 1815 patet
918 1770 1025 1817 quod
1064 1769 1105 1805 in
1143 1771 1315 1819 septima
1355 1781 1459 1809 etate
1499 1773 1637 1809 mundi
1676 1773 1797 1810 febris

475 1823 654 1871 predicta
686 1825 846 1873 reliquit
868 1826 1086 1874 hominem,
1122 1841 1212 1864 cum
1246 1842 1492 1878 cognoscens
1524 1831 1729 1868 veritatem
1756 1844 1799 1868 ex

475 1880 598 1928 signis
633 1883 871 1931 evangelicis
906 1894 942 1920 et
977 1897 1020 1921 ex
1053 1886 1218 1923 cautelis
1252 1889 1473 1935 dyabolicis
1513 1898 1550 1925 et
1583 1901 1626 1925 ex
1659 1889 1797 1925 mundi

475 1938 633 1976 fallacia
672 1941 847 1978 fraterna
892 1942 1058 1979 caritate
1098 1944 1296 1993 relinquet
1329 1959 1522 1994 pompam
1561 1947 1697 1993 seculi,
1738 1947 1796 1983 in-

474 1996 621 2033 vidiam
663 1999 823 2046 dyaboli
863 2009 982 2049 atque
1022 2001 1135 2038 iram.
1179 2002 1265 2039 Istis
1309 2003 1543 2041 veritatibus
1585 2013 1621 2041 et
1660 2004 1795 2041 multis

474 2054 560 2091 aliis
604 2056 720 2093 nobis
771 2057 984 2106 incognitis
1028 2060 1248 2107 gravidavit
1293 2061 1463 2110 Spiritus
1509 2064 1677 2099 Sanctus
1720 2064 1796 2099 hoc

473 2114 656 2150 verbum:
690 2115 793 2151 Heri
822 2116 918 2151 hora
951 2118 1111 2166 septima
1151 2119 1305 2168 reliquit
1342 2132 1424 2156 eum
1456 2121 1599 2169 febris.
1639 2123 1687 2156 Et
1726 2122 1795 2157 ad-

474 2169 581 2207 ditur
624 2171 709 2208 heri
753 2183 918 2221 propter
963 2187 1123 2212 sensum
1165 2176 1379 2213 litteralem
1424 2179 1474 2214 ad
1519 2179 1792 2214 denotandum

474 2228 755 2266 certitudinem
789 2231 1067 2279 pretericionis
1099 2233 1139 2269 in
1174 2234 1352 2282 quolibet
1385 2235 1453 2271 tali
1487 2247 1616 2272 sensu.
1657 2238 1705 2272 Et
1737 2235 1793 2272 sic

473 2287 653 2337 cognovit
686 2289 884 2326 humanus
915 2289 1153 2338 intellectus,
1188 2292 1274 2341 quia
1307 2293 1372 2328 illa
1407 2293 1503 2329 hora
1537 2302 1621 2329 erat
1652 2294 1687 2330 in
1720 2306 1792 2343 qua

474 2344 574 2380 dixit
606 2345 640 2380 ei
668 2346 779 2382 Jesus
823 2349 931 2395 quod
971 2348 1136 2385 affectus
1176 2349 1350 2387 hominis
1390 2360 1659 2398 convertetur,
1700 2364 1790 2388 cum

474 2401 599 2437 credit
630 2405 738 2452 quod
771 2404 820 2440 sit
853 2404 918 2441 ille
952 2405 1019 2454 qui
1053 2406 1149 2442 dixit
1183 2416 1219 2443 et
1250 2408 1355 2444 facta
1388 2417 1492 2455 sunt,
1528 2418 1563 2445 et
1587 2409 1643 2446 sic
1666 2409 1792 2446 credit

473 2470 764 2509 consequenter
808 2471 934 2499 totam
980 2463 1100 2500 fidem
1146 2465 1387 2502 catholicam
1434 2476 1470 2503 et
1518 2468 1661 2504 domus
1706 2475 1790 2503 tota

473 2518 733 2565 predestinati
766 2520 940 2557 hominis
973 2523 1192 2558 secundum
1227 2523 1402 2572 singulas
1436 2524 1518 2561 eius
1551 2534 1696 2573 partes,

543 2696 562 2715 1.
584 2688 650 2716 BC:
673 2697 729 2724 pro
751 2688 844 2716 deest.
923 2688 948 2717 3.
971 2689 1036 2718 BC:
1059 2692 1228 2719 ascendens
1249 2692 1342 2720 deest.
1421 2703 1451 2727 4.
1473 2695 1518 2721 A:
1537 2694 1604 2721 Joh.
1627 2694 1667 2721 XI
1688 2694 1787 2727 deest:

473 2721 511 2749 ib.
533 2723 561 2749 A
588 2723 616 2749 iu
645 2732 741 2759 marg.
763 2724 816 2751 inf.
838 2724 890 2751 1⁴01.
914 2724 989 2752 181⁶:
1022 2725 1134 2752 Divina
1166 2728 1334 2761 presencia,
1367 2729 1509 2762 preterita
1536 2733 1563 2755 et
1590 2729 1691 2756 futura
1719 2733 1788 2755 suut

472 2757 501 2783 iu
523 2765 634 2791 magno
655 2763 793 2792 tempore
815 2759 920 2785 muudi
943 2761 1111 2794 presencia.
1142 2762 1276 2788 u'etel‘ita
1292 2767 1319 2788 ct
1335 2763 1496 2799 futuraplss
1512 2763 1541 2789 in
1559 2772 1671 2798 marg:
1692 2764 1785 2798 Apud

471 2805 480 2817 t
495 2799 561 2817 uem
583 2793 686 2819 omniu
708 2794 866 2828 presencia
888 2799 967 2820 suut.
1043 2803 1071 2829 9.
1094 2770 1160 2822 ssd:
1183 2797 1227 2822 vel
1250 2797 1368 2824 futura:
1391 2797 1430 2824 ib.
1453 2797 1570 2824 Codd.:
1592 2798 1784 2824 Hebreorum

487 2826 521 2852 11.
544 2826 680 2853 Correxi.
791 2836 831 2862 14,
855 2827 891 2855 15.
915 2827 979 2854 BC:
1002 2829 1110 2856 maiori
1133 2838 1223 2864 quam
1248 2831 1376 2862 mium-12
1407 2832 1446 2858 ib.
1470 2832 1491 2858 Β
1512 2832 1540 2858 iu
1563 2840 1680 2867 marg.:
1703 2832 1785 2858 Hora

471 2861 601 2895 septima
621 2870 680 2896 qua
701 2862 794 2888 febris
816 2862 935 2897 reliquit
956 2863 1050 2890 filium
1072 2864 1306 2900 211*c111s)ffiagogi
1327 2866 1398 2900 quid
1422 2867 1532 2901 signat.
1623 2875 1670 2901 27.
1691 2867 1733 2893 A:
1758 2871 1785 2892 et

471 2894 563 2920 deest.
638 2895 683 2922 28.
705 2897 749 2922 A:
772 2897 903 2931 reliquit.

1820 622 1836 653 5

1822 921 1860 942 10

1821 1199 1857 1231 15

1811 2068 1854 2100 30

1810 2356 1846 2367 ἢ.

1809 2366 1849 2389 ΟΣ)
