2017 3353
180 465 256 509 πῖθ’

217 918 255 938 10

217 1198 253 1229 15

214 1497 255 1518 20

214 2070 256 2103 30

275 273 409 301 :sl-JRMO
427 260 580 317 xxxix]
788 271 929 303 PRIMA
958 271 1081 301 PARS.

272 381 558 419 confessionem
594 378 698 415 beati
732 377 912 425 Gregorii
947 385 1003 413 est
1035 388 1171 412 servus
1201 388 1403 411 servorum
1436 376 1519 419 Dei,
1553 383 1589 410 et

209 422 241 452 ⁰¹
271 454 340 488 per
385 450 630 486 consequens
675 436 794 472 servit
839 435 991 471 cunctis
1019 432 1023 485 1
1054 434 1249 475 fidelibus.
1297 432 1435 469 mundi
1483 433 1590 481 prin·
1638 446 1644 450 ·

272 498 424 546 cipibus
463 505 499 532 et
535 495 590 532 sic
620 493 793 530 Domino
825 493 1082 530 dominorum
1117 501 1153 528 et
1183 491 1356 528 dominis
1389 500 1592 538 tempora-

271 556 384 591 libus.
420 553 623 593 Similiter,
659 551 773 588 multi
808 560 898 587 sunt
925 550 1025 587 servi
1054 550 1115 587 vel
1150 549 1321 586 ministri
1357 562 1591 585 communes

273 613 406 649 multis
440 611 626 651 dominis,
660 619 703 646 ut
736 618 845 658 patet
879 611 926 645 de
962 607 1154 649 iuridicis,
1181 609 1228 644 de
1262 606 1588 644 armifactoribus

271 681 307 708 et
341 670 427 708 aliis
461 668 652 705 ministris
697 667 993 713 communibus,
1028 674 1064 703 et
1096 666 1152 703 sic
1184 674 1316 714 potest
1339 666 1461 702 homo
1486 665 1592 702 licite

272 731 427 765 duobus
462 726 634 764 dominis
667 726 826 763 servire.

329 786 532 831 Similiter,
567 784 606 820 in
641 785 846 820 mundano
880 782 1061 819 dominio
1085 791 1176 818 sunt
1200 783 1346 829 gradus
1370 783 1588 818 secundum

272 845 433 881 inferius
467 853 503 880 et
536 842 730 891 superius.
766 841 876 878 Sicut
900 854 993 889 ergo
1016 840 1109 877 licet
1132 840 1239 876 fideli
1262 839 1408 877 servire
1432 839 1591 877 Christo

272 902 502 939 humanitus
536 910 655 949 atque
689 902 785 946 Deo,
819 899 875 936 sic
908 899 1001 936 licet
1033 898 1107 935 sibi
1140 898 1287 935 servire
1319 899 1392 934 sub
1426 897 1591 934 domino

274 971 310 998 et
345 961 411 998 alii
446 959 611 996 domino
646 957 827 1006 capitali:
862 966 899 994 et
931 957 1021 993 ideo
1056 965 1209 994 certum
1244 965 1301 993 est
1335 957 1442 1005 quod
1477 968 1592 992 evan-

270 1019 418 1067 gelium
453 1017 631 1066 loquitur
664 1019 711 1053 de
745 1028 843 1064 pure
878 1015 1043 1052 domino
1074 1015 1141 1064 qui
1195 1015 1251 1051 sic
1305 1024 1361 1051 est
1406 1014 1592 1050 dominus

271 1079 377 1126 quod
412 1090 491 1113 non
524 1088 679 1121 servus3
714 1075 821 1123 quod
854 1086 935 1110 non
968 1082 1100 1121 potest
1133 1082 1362 1121 competere
1396 1081 1590 1109 creature.

271 1135 451 1172 Christus
480 1134 585 1171 enim
617 1132 848 1170 humanitus
880 1131 954 1168 fuit
985 1143 1120 1168 servus
1136 1131 1220 1177 Dei,
1256 1140 1292 1167 et
1314 1144 1404 1167 cum
1427 1130 1593 1179 quilibet

271 1193 370 1230 alius
404 1194 525 1229 homo
559 1194 606 1228 de
640 1190 816 1228 essencia
849 1203 920 1227 sua
953 1198 1010 1226 est
1054 1202 1188 1226 servus
1234 1198 1271 1225 et
1316 1188 1592 1237 contingenter

271 1251 469 1297 dominus,
515 1250 718 1299 signanter
757 1248 863 1286 canit
895 1247 1062 1285 ecclesia
1103 1249 1211 1296 quod
1245 1248 1351 1284 solus
1385 1249 1490 1283 Deus
1535 1255 1593 1283 est

271 1309 482 1350 dominus;
545 1317 823 1345 verumtamen
868 1306 962 1356 quia
1011 1306 1177 1343 nomina
1221 1305 1311 1342 talis
1356 1304 1592 1342 excellencie

270 1376 526 1415 usurpantur,
562 1366 754 1415 dyabolus
787 1377 906 1413 quem
951 1364 1150 1413 scriptura
1192 1363 1287 1400 dicit
1333 1375 1415 1399 esse
1459 1376 1591 1411 regem

271 1438 389 1474 super
424 1438 562 1461 omnes
608 1425 710 1461 filios
755 1423 953 1472 superbie,
1000 1431 1036 1459 et
1081 1422 1327 1470 evangelium
1369 1421 1465 1458 dicit
1510 1434 1593 1458 esse

1798 259 1873 294 203

1617 380 1710 407 what
1731 380 1756 406 is
1779 385 1879 406 meant

1618 415 1654 441 bxv
1677 414 1879 454 servingjxvo

1667 454 1818 477 masters?

272 1483 494 1532 principem
529 1482 645 1519 huius
680 1482 831 1525 mundi,
867 1481 1013 1518 dicitur
1046 1480 1237 1529 equivoce
1281 1479 1512 1528 usurpative
1556 1488 1593 1516 et
1637 1480 1640 1484 ’

270 1542 491 1590 improprie
515 1541 714 1578 dominus.
745 1542 793 1576 Et
827 1541 874 1576 de
907 1539 991 1575 istis
1025 1540 1181 1575 duobus
1215 1537 1311 1575 dicit
1344 1537 1591 1585 evangelium

271 1601 379 1648 quod
413 1612 532 1636 nemo
565 1608 696 1647 potest
729 1597 836 1635 licite
868 1598 929 1634 vel
963 1597 1094 1633 debite
1126 1596 1273 1633 servire
1318 1596 1402 1632 istis
1436 1597 1593 1632 duobus

272 1657 457 1703 dominis,
493 1666 529 1694 et
562 1670 632 1706 per
665 1668 912 1704 consequens
944 1655 1063 1691 nullis
1108 1654 1210 1701 aliis,
1257 1654 1350 1703 quia
1382 1654 1592 1691 serviendo

272 1718 356 1752 Deo
389 1715 516 1752 active
548 1728 618 1764 per
651 1714 914 1751 dileccionem
948 1713 1166 1750 incurritur
1198 1712 1336 1749 odium
1362 1712 1522 1761 dyaboli
1556 1721 1592 1749 et

273 1783 448 1811 econtra.

329 1834 377 1868 Et
416 1831 574 1877 iterum,
621 1831 869 1867 defendendo
914 1838 1069 1877 partem
1116 1828 1188 1865 Dei
1232 1837 1391 1877 oportet
1436 1837 1590 1876 partem

273 1890 433 1938 dyaboli
468 1898 752 1937 contempnere
786 1896 823 1925 et
857 1896 1032 1924 econtra.
1080 1889 1128 1923 Et
1166 1886 1222 1923 sic
1254 1888 1474 1923 secundum
1522 1888 1592 1923 has

273 1948 603 1996 equivocaciones
638 1948 684 1983 de
718 1946 883 1983 domino
917 1955 1076 1994 oportet
1099 1946 1320 1982 concedere
1343 1945 1590 1993 evangelium

272 2006 373 2043 sicut
406 2006 521 2051 iacet,
547 2014 583 2042 et
615 2005 671 2041 sic
704 2004 980 2053 equivocando
1022 2012 1058 2040 et
1083 2003 1278 2039 extensive
1311 2004 1513 2052 loquendo
1546 2005 1594 2040 de

273 2064 458 2109 dominis,
492 2063 648 2101 videtur
671 2063 806 2099 multis
830 2063 937 2111 quod
962 2063 1155 2109 dyabolus
1178 2061 1218 2097 in
1247 2062 1425 2098 humano
1452 2074 1594 2109 genere

273 2124 391 2159 habet
424 2123 557 2170 plures
590 2130 769 2158 tenentes
803 2129 840 2158 et
874 2120 1045 2157 maiores
1085 2132 1218 2156 servos
1252 2132 1373 2168 quam
1408 2119 1595 2156 dominus

269 2182 380 2217 Jesus
414 2180 608 2217 Christus.
643 2181 792 2216 Omnes
825 2178 930 2215 enim
965 2178 1031 2227 qui
1064 2178 1104 2214 in
1137 2177 1217 2214 vita
1250 2186 1287 2214 et
1320 2190 1441 2226 opere
1465 2178 1596 2214 defen—

272 2240 369 2275 dunt
402 2239 505 2275 viam
539 2238 731 2274 virtutum
767 2246 803 2274 et
836 2237 965 2273 solum
1000 2237 1098 2273 tales
1120 2244 1210 2272 sunt
1233 2244 1410 2272 tenentes
1434 2236 1595 2277 Christi,

272 2306 308 2333 et
341 2310 481 2333 omnes
515 2297 581 2345 qui
614 2297 674 2332 vel
707 2295 746 2331 in
779 2308 951 2343 persona
983 2307 1054 2331 sua
1085 2295 1146 2331 vel
1169 2293 1398 2330 defensione
1422 2295 1482 2330 vel
1504 2307 1596 2330 con-

215 2361 229 2393 ?
271 2364 457 2391 sentanee
490 2363 624 2391 tenent
664 2363 731 2390 aut
764 2354 897 2390 fovent
938 2352 1141 2388 ministros
1180 2352 1340 2400 dyaboli
1379 2361 1469 2388 sunt
1516 2352 1597 2388 eius

271 2422 461 2457 tenentes,
514 2412 581 2461 qui
620 2421 710 2448 sunt
749 2411 867 2448 hodie
911 2411 1029 2447 nimis
1076 2410 1190 2446 multi
1240 2420 1276 2447 et
1326 2410 1596 2447 inverecundi.

272 2472 348 2506 Sed
372 2470 585 2507 dicendum
613 2482 752 2518 aspere
780 2470 881 2506 foret
909 2469 1160 2517 magnatibus
1187 2477 1223 2505 et
1251 2468 1413 2506 cuilibet
1435 2468 1596 2505 notorio

274 2528 503 2573 criminoso,
551 2529 659 2576 quod
701 2537 909 2576 tamquam
963 2527 1119 2563 satelles
1177 2526 1446 2575 dampnabilis
1490 2535 1596 2562 tenet

274 2595 413 2623 contra
454 2586 657 2623 Christum
698 2585 847 2622 diaboli
887 2594 1063 2633 parterm
1110 2586 1218 2633 quod
1252 2598 1341 2622 cum
1387 2597 1468 2621 non
1506 2597 1597 2633 pos-

342 2718 371 2747 4:
393 2710 421 2736 A
442 2709 471 2736 in
495 2717 608 2744 marg:
630 2717 655 2735 2.
754 2717 786 2735 ιι.
809 2709 837 2736 A
858 2708 887 2736 in
910 2717 976 2736 mai·
1000 2718 1023 2736 .:
1045 2708 1228 2744 Responsio.
1321 2716 1361 2740 14.
1386 2708 1407 2734 Β
1428 2708 1457 2735 in
1481 2715 1595 2742 marg:

275 2744 387 2771 Omnis
409 2744 503 2771 homo
518 2743 725 2770 essencialitei·
745 2748 789 2770 est
806 2752 913 2770 servus
930 2752 960 2770 se
998 2743 1211 2778 contingenter
1227 2742 1392 2775 dominus;
1414 2742 1498 2769 solus
1515 2742 1598 2769 Deus

273 2778 482 2805 essencialiter
503 2782 547 2805 est
568 2778 723 2805 dominus.
817 2777 858 2813 16,
882 2786 920 2812 17.
944 2779 988 2805 A:
1011 2778 1049 2805 sit
1070 2777 1227 2805 dominus.
1320 2785 1359 2812 17.
1381 2777 1409 2804 A
1429 2776 1459 2804 in
1482 2784 1596 2811 marg:

275 2813 429 2840 liominus
450 2813 600 2847 accipitur
626 2813 799 2848 dupliciter.
875 2821 916 2843 10-
940 2813 1005 2840 BC:
1029 2821 1120 2848 super
1141 2813 1235 2840 deest.
1318 2810 1364 2838 30.
1387 2811 1408 2838 B
1430 2811 1458 2838 in
1482 2819 1595 2845 marga

275 2848 426 2875 Diabolus
447 2848 537 2874 habet
558 2848 659 2882 plures
681 2856 787 2874 servos
810 2845 902 2886 quam
925 2847 1084 2876 Christus:
1115 2847 1156 2874 ib.
1176 2848 1205 2874 A
1226 2847 1255 2874 in
1277 2854 1391 2881 marg:
1413 2846 1493 2873 Nota
1515 2845 1597 2873 diffe-

276 2882 412 2909 renciam
434 2882 512 2909 inter
532 2882 694 2909 ministros
716 2882 831 2909 Christi
854 2886 880 2908 ct
903 2882 1064 2909 ministros
1085 2882 1209 2909 diaboli.
1292 2880 1338 2909 36.
1361 2881 1400 2908 B:
1422 2880 1596 2909 verecundi.

275 2916 321 2952 37.
346 2918 383 2944 ss:
405 2916 546 2945 civilibus
568 2917 700 2945 notorio.
774 2915 820 2955 3).
842 2917 885 2944 A:
908 2921 934 2945 et
956 2925 1024 2944 cum
1048 2925 1118 2945 non.

1608 2000 1675 2028 The
1691 2000 1768 2027 devil
1786 2009 1884 2027 seems

1633 2040 1663 2062 to
1685 2035 1760 2062 have
1782 2043 1866 2062 more

1622 2070 1778 2097 sollowers
1799 2070 1869 2097 than

1692 2104 1806 2132 Christ.
