2017 3353
261 272 396 300 SERMO
413 260 551 318 xxxii]
770 273 908 305 pamm
939 274 1062 304 taxus.
1786 280 1829 305 21
1848 282 1869 316 9

322 384 370 418 Et
402 381 434 417 si
467 380 555 429 quis
588 380 764 416 obiceret
789 380 896 428 quod
922 379 1104 417 Christus
1138 389 1272 427 posset
1305 381 1470 417 dimisso
1505 383 1579 418 hoc
1627 391 1733 419 christ
1753 392 1842 430 cpuld

266 441 386 475 modo
432 440 653 475 humanum
691 450 814 486 genus
860 437 1069 482 redimere,
1117 438 1352 475 conceditur
1393 439 1441 476 ad
1476 425 1871 493 ὴιιῐιοᾛῇζςᾞξᾋξῗζιῖζῐ

264 510 422 534 sensum
457 497 566 545 quod
598 505 732 544 posset
765 495 796 532 si
828 496 958 532 vellet.
1000 497 1077 532 Sed
1111 498 1277 532 credens
1309 497 1481 534 Johanni
1515 498 1581 546 qui
1616 495 1645 521 in
1663 495 1856 557 ffiffisffigcss

265 556 339 592 ista
361 554 458 591 vidit
491 563 528 591 et
560 553 837 590 testimonium
862 552 1064 602 perhibuit
1095 563 1258 602 expecto
1292 555 1581 603 probacionem
1681 569 1795 592 nature.

232 613 381 650 §huius
414 613 522 661 quod
560 611 644 648 sine
683 613 757 649 hac
791 611 1028 649 condicione
1061 613 1167 648 Deus
1211 613 1343 661 potuit
1382 613 1437 650 ita
1469 615 1581 650 velle.

265 674 312 708 Et
345 671 375 707 si
398 679 583 718 gravetur
607 670 821 707 difficultas
855 671 963 718 quod
988 669 1104 706 aliter
1132 670 1270 707 onmia
1294 683 1370 720 que
1404 671 1584 708 evenient

265 730 446 767 absolute
478 727 705 765 necessario
738 728 954 773 evenirent,
987 737 1156 776 negatur
1191 729 1485 778 consequencia
1517 732 1585 766 sed

264 791 321 832 (ut
353 786 534 823 senciunt
568 785 683 822 multi
716 786 866 831 fideles)
901 785 1150 834 evangelium
1175 787 1355 835 loquitur
1378 787 1513 824 stricte
1539 790 1586 825 de

265 858 393 894 posse,
427 853 470 881 ut
494 843 590 881 dicit
622 857 739 893 posse
762 844 834 881 Dei
866 844 1000 881 taliter
1023 843 1267 882 ordinatum.
1302 848 1350 882 Et
1374 859 1444 894 per
1467 845 1585 883 istam

212 916 250 937 10
266 903 621 952 equivocacionem
666 903 813 939 tollunt
858 914 997 939 omnes
1042 902 1259 940 instancias
1304 905 1354 940 ad
1399 913 1585 952 quartam

265 961 503 998 instanciam
542 960 720 1009 sophiste
752 960 914 1009 garruli.
969 962 1081 997 Patet
1125 962 1233 1010 quod
1276 975 1358 999 non
1401 962 1587 1011 intelligit

267 1019 362 1069 quid
386 1021 436 1056 ad
459 1019 713 1068 propositum
739 1028 797 1056 est
819 1019 981 1055 introire
1009 1019 1044 1055 in
1078 1032 1244 1070 regnum
1267 1020 1345 1056 Dei
1373 1021 1434 1057 vel
1457 1021 1587 1057 videre

267 1078 375 1127 quod
408 1077 619 1126 exponitur
651 1089 721 1126 per
754 1077 971 1114 Christum.
1025 1079 1127 1114 Nam
1161 1077 1328 1115 introire
1360 1080 1421 1115 vel
1452 1078 1586 1116 videre

267 1138 343 1173 hoc
375 1148 541 1184 regnum
575 1144 633 1172 est
665 1135 831 1172 introire
865 1136 927 1172 vel
960 1135 1094 1172 videre
1127 1149 1242 1172 suurn
1279 1145 1427 1173 statum
1465 1137 1587 1174 beati-

215 1195 250 1228 15
267 1193 436 1240 tudinis3
471 1203 507 1230 et
531 1206 621 1230 cum
645 1193 780 1230 videre
803 1193 852 1230 sit
874 1193 1003 1230 solum
1027 1206 1118 1230 vere
1142 1194 1254 1241 entis,
1286 1203 1395 1243 patet
1418 1195 1585 1232 solucio.

268 1251 429 1289 Relictis
453 1264 546 1301 ergo
570 1251 655 1288 istis
689 1251 853 1289 cautelis
876 1251 1104 1301 sophisticis
1136 1261 1345 1302 tamquam
1375 1253 1587 1302 superfluis

267 1320 453 1347 notemus
507 1312 714 1359 quomodo
767 1323 947 1347 summus
999 1310 1264 1358 philosophus
1317 1320 1353 1347 et
1398 1311 1588 1359 magister

268 1369 444 1417 optimus
478 1369 595 1405 docet
634 1367 839 1405 humiliter
872 1369 1079 1418 quomodo
1117 1368 1304 1406 nativitas
1345 1369 1516 1406 carnalis
1550 1378 1587 1406 et
1612 1364 1869 1427 qlessjgltl'suyflssgs

267 1426 486 1475 spiritualis
509 1426 819 1475 distinguuntur.
860 1427 987 1474 Quod,
1009 1426 1151 1475 inquit,
1176 1435 1307 1463 natum
1331 1435 1386 1464 est
1406 1440 1457 1464 ex
1471 1440 1588 1464 carne
1620 1434 1732 1474 double
1753 1439 1859 1462 nature

211 1497 252 1519 20
267 1497 360 1522 caro
392 1492 460 1531 est,
493 1492 528 1521 et
559 1485 662 1534 quod
690 1492 821 1521 natum
845 1493 900 1522 est
922 1497 973 1522 ex
994 1485 1133 1534 spiritu
1156 1486 1316 1535 spiritus
1339 1493 1404 1522 est.
1440 1488 1482 1522 In
1505 1499 1584 1535 quo
1672 1472 1703 1497 ⁰¹
1723 1478 1804 1497 man.

268 1544 405 1592 pulcre
451 1544 644 1579 docemur
683 1544 791 1592 quod
829 1543 960 1580 omnis
999 1543 1123 1579 homo
1163 1552 1220 1580 est
1261 1544 1431 1581 duarum
1470 1553 1585 1581 natu-

268 1614 403 1638 rarum
448 1609 631 1650 utraque,
676 1600 828 1638 scilicet
872 1614 1018 1650 corpus
1063 1610 1100 1638 et
1144 1601 1292 1648 anima,
1338 1611 1375 1639 et
1408 1604 1584 1639 secundo

268 1661 461 1696 docemur
493 1659 581 1708 quis
621 1659 670 1696 sit
702 1672 773 1708 per
805 1672 846 1696 se
879 1659 1074 1696 terminus
1107 1659 1316 1697 mocionis.
1371 1663 1473 1697 Nam
1507 1670 1584 1697 ter-
1603 1655 1875 1717 b⁴ilss³t¹l¹1s5i5¹¹j¹d¹g¹tfffle

268 1717 398 1754 minus
431 1719 481 1754 ad
514 1730 633 1766 quem
666 1719 886 1754 secundum
927 1717 1190 1766 philosophos
1223 1727 1280 1754 est
1319 1718 1417 1755 illud
1450 1732 1472 1755 a
1505 1732 1584 1767 quo
1634 1712 1759 1752 rossonl
1780 1725 1839 1752 and

210 1777 248 1810 25
267 1777 384 1812 debet
417 1775 545 1824 accipi
568 1788 718 1812 nomen
744 1784 889 1821 motus,
923 1789 1016 1812 nam
1050 1788 1123 1825 pro
1148 1775 1279 1823 primo
1312 1776 1476 1813 instanti
1502 1789 1585 1813 esse
1689 1760 1789 1796 body),

267 1834 539 1881 cuiuscunque
563 1833 737 1870 hominis
762 1842 892 1882 potest
925 1833 1091 1882 intelligi
1115 1834 1259 1882 duplex
1282 1834 1365 1871 eius
1397 1834 1585 1871 nativitas

265 1891 473 1929 naturalis.
508 1891 643 1928 Prima
676 1893 896 1929 secundum
929 1891 1114 1940 spiritum
1152 1905 1229 1941 qua
1262 1892 1518 1941 singulariter
1543 1893 1584 1929 fit

266 1963 288 1986 a
332 1951 416 1986 Deo
462 1958 498 1986 et
542 1951 717 1986 secunda
769 1951 988 1987 secundum
1044 1963 1189 1999 corpus
1234 1963 1312 1999 qua
1364 1950 1585 1987 successive
1602 1945 1715 2008 gfflgnldt
1734 1945 1820 2008 ¹81¹ssss
1838 1955 1875 2007 ᾗ

266 2009 486 2045 secundum
510 2007 698 2044 virtutem
724 2007 1021 2045 informativam
1039 2008 1081 2045 fit
1097 2010 1145 2045 ab
1170 2008 1333 2045 homine
1355 2018 1583 2056 generante.
1602 2003 1777 2056 become-{a
1795 2015 1874 2043 child

207 2068 249 2100 30
265 2067 342 2102 Sed
365 2067 540 2102 secunda
562 2066 761 2112 nativitas,
786 2079 863 2115 qua
888 2066 930 2103 fit
954 2066 1216 2115 spiritualiter
1240 2075 1276 2103 et
1300 2076 1585 2115 supernatura·
1671 2052 1701 2077 ot
1723 2050 1803 2077 (Jod.

264 2123 355 2160 liter
386 2123 459 2160 Dei
498 2124 614 2171 filius,
655 2124 832 2161 succedit
872 2125 1141 2162 communiter
1173 2125 1432 2173 interpolate3
1467 2134 1504 2161 et
1537 2127 1584 2162 de

264 2182 333 2218 illa
376 2181 554 2231 loquitur
604 2184 680 2220 hoc
730 2182 979 2231 evangelium
1025 2182 1160 2220 dicens
1214 2183 1420 2220 hominem
1473 2183 1584 2220 nasci

267 2242 411 2277 denuo.

323 2300 405 2335 Nec
449 2306 610 2347 oportet
653 2297 795 2336 timere
847 2299 1119 2347 sophistarum
1173 2298 1390 2337 instancias
1440 2299 1585 2349 quibus
1643 2293 1843 2363 Ιῖἳξξὲἰῑῗίᾞέ

209 2356 248 2390 35
267 2365 439 2404 arguunt
473 2358 581 2405 quod
620 2358 742 2393 homo
774 2370 856 2394 non
895 2357 1074 2395 nascitur
1106 2357 1306 2406 posterius
1345 2357 1438 2395 lieet
1470 2357 1585 2407 spiri-
1600 2372 1688 2399 grace
1714 2363 1740 2402 is
1767 2371 1783 2390 a
1809 2371 1876 2390 new

266 2413 385 2451 tualis
429 2414 563 2462 gracia
608 2414 834 2462 inducatur,
881 2415 975 2465 quia
1014 2429 1084 2464 per
1123 2415 1229 2453 idem
1269 2425 1502 2454 nasceretur
1534 2418 1584 2454 ad
1694 2398 1784 2433 birth,

335 2569 354 2588 1.
376 2561 419 2587 A:
441 2560 596 2588 obiecerit.
648 2569 667 2588 1.
689 2569 714 2588 2.
736 2561 779 2588 A:
801 2561 859 2588 hoc
880 2561 1007 2588 mundo.
1057 2571 1085 2596 4.
1109 2561 1149 2589 C:
1171 2562 1298 2596 videritg
1319 2563 1359 2590 ib.
1376 2563 1419 2590 A:
1441 2567 1467 2589 ct
1489 2562 1582 2589 deest.

265 2595 292 2621 6.
309 2596 353 2622 A:
375 2595 411 2622 Et
433 2595 456 2622 si
483 2599 614 2623 nai-etur.
662 2604 687 2630 7.
705 2596 741 2623 B:
764 2604 800 2623 ne
824 2600 907 2628 etum
929 2596 968 2623 ib.
985 2596 1006 2623 B
1028 2596 1057 2624 in
1079 2605 1175 2632 marg.
1197 2597 1302 2631 (manu
1323 2598 1444 2629 altera):
1466 2597 1582 2624 Verum

264 2630 400 2665 loquitur
416 2638 446 2656 se
483 2629 554 2657 alibi
574 2630 756 2658 contradicit
772 2630 796 2657 si
821 2630 829 2658 i
844 2630 921 2665 ipsi;
942 2631 1000 2658 alia
1015 2639 1125 2659 manu:
1146 2632 1191 2659 vel
1206 2636 1238 2659 tu
1254 2632 1324 2659 alibi
1340 2632 1414 2660 false
1429 2631 1582 2666 intelligis.

265 2673 298 2692 11.
321 2664 359 2692 B:
382 2664 557 2700 sophistice.
631 2664 668 2692 13.
689 2666 733 2692 A:
756 2673 809 2700 per
830 2665 1009 2693 secuudum.
1084 2675 1125 2701 14.
1146 2667 1190 2694 A:
1212 2667 1270 2694 hoc
1291 2675 1418 2702 regnum
1434 2682 1467 2686 —
1482 2666 1584 2693 videre

264 2700 357 2726 deest.
446 2698 486 2726 16.
508 2700 551 2727 A:
573 2704 730 2735 tamquam
753 2699 916 2735 superfluis
938 2700 1030 2727 deest.
1122 2709 1161 2736 17.
1184 2701 1205 2728 B
1226 2701 1255 2728 in
1278 2710 1391 2737 marg:
1415 2701 1583 2736 Quomodo

264 2734 406 2761 nativitas
433 2734 602 2769 spiritualis
628 2739 657 2761 et
676 2734 807 2761 carnalis
828 2733 1068 2769 distinguuntur.
1179 2744 1220 2772 19.
1243 2736 1283 2764 C:
1311 2745 1346 2763 cx
1372 2744 1461 2763 carne
1489 2735 1581 2762 deest.

264 2777 306 2796 22.
336 2770 365 2796 A
394 2769 423 2796 in
455 2777 567 2804 marg:
599 2777 665 2804 sup.
696 2769 747 2796 fol.
779 2768 866 2796 16011:
900 2769 1012 2797 Omnis
1044 2770 1137 2798 homo
1167 2776 1211 2798 est
1242 2771 1371 2798 duarum
1403 2775 1580 2797 naturarum

265 2809 330 2831 utra
357 2812 391 2830 ue
421 2808 449 2830 et
477 2804 555 2830 hanc
584 2803 737 2838 duplicem
768 2803 956 2840 nativitatem
984 2806 1152 2833 naturalem
1181 2810 1208 2832 et
1234 2806 1357 2832 terciam
1390 2804 1580 2840 spiritualem

264 2846 323 2873 qna
334 2812 375 2865 ffit
395 2837 594 2877 spiritualiter
614 2838 693 2866 filius
714 2838 779 2866 Dei.
847 2845 891 2874 27.
909 2838 931 2866 Β
951 2838 982 2866 in
1004 2847 1116 2875 marg:
1139 2840 1259 2876 Duplex
1280 2840 1416 2867 hominis
1437 2839 1579 2867 nativitas

263 2872 440 2908 spiritualis.
570 2871 616 2900 30.
637 2872 902 2910 Aqspiritualitcr
921 2878 948 2900 et
969 2874 1176 2908 spiritualiter.
1310 2873 1351 2902 32.
1374 2875 1417 2901 A:
1440 2882 1578 2901 nascens.

260 2906 308 2942 34.
323 2906 388 2935 BC:
410 2907 666 2943 sophisticarum
688 2909 727 2936 lb.
742 2909 771 2935 A
787 2908 816 2935 in
832 2914 944 2943 marg.:
967 2908 1122 2937 Obieccio.
1162 2909 1207 2937 36.
1225 2909 1290 2937 BC:
1313 2918 1366 2944 per
1386 2909 1467 2936 idem
1484 2909 1577 2936 deest.
