2017 3353
280 278 415 307 samio
433 268 576 326 xxxxi]
788 283 929 315 PRIMA
956 284 1083 317 PARS.
1802 294 1821 319 2
1833 284 1848 319 3
1860 297 1879 331 7

278 397 334 424 est
368 389 599 436 quadratus.
625 397 662 424 et
685 388 740 425 sic
763 388 855 425 licet
889 398 1070 437 tempore
1086 390 1311 427 Aristotelis
1345 394 1592 440 quadratura
1609 403 1685 430 How
1714 405 1763 432 the
1793 406 1881 433 circle

277 445 415 482 circuli
448 445 519 482 fuit
551 445 712 491 scibilis,
752 459 833 482 non
866 456 1002 483 tamen
1036 457 1126 484 ante
1159 448 1485 486 incarnacionem
1520 451 1592 487 fuit
1609 441 1822 501 “⁷²¹⁵(ssffifflffgl
1845 441 1881 476 by

276 503 389 539 nobis
435 503 606 551 cognita,
651 503 743 540 licet
781 504 945 552 quidam
986 505 1214 553 patriarche
1254 516 1291 543 et
1324 510 1519 556 prophete
1553 509 1591 545 in
1643 508 1844 536 incarnation.

276 562 352 598 fide
397 571 667 609 cognoverunt
707 564 815 610 quod
849 563 978 599 dictus
1017 563 1189 601 circulus
1230 565 1279 601 sit
1319 568 1590 614 quadrandus.

240 622 356 655 §Nec
390 619 554 655 dubium
589 619 685 668 quin
719 621 766 656 de
798 620 1033 658 invencione
1066 622 1180 658 huius
1215 624 1378 671 dragme
1417 626 1591 672 gaudent

273 676 402 725 angeli
434 686 471 713 et
503 690 622 725 super
655 679 831 715 humano
863 691 1007 726 genere
1039 682 1259 717 secundum
1285 682 1489 719 Christum
1523 683 1590 732 qui

273 744 330 771 est
374 735 456 771 eius
500 736 753 784 suppositum
798 737 924 785 magis
968 740 1143 785 gaudent
1188 752 1309 788 quam
1348 754 1467 789 super
1506 750 1590 778 tota

270 802 415 829 natura
447 793 626 842 angelica
657 807 739 830 non
771 804 989 843 assumpta.

328 853 376 887 Et
420 861 615 900 quantum
660 854 710 889 ad
754 852 1010 890 difficultates
1049 854 1089 890 in
1128 855 1271 904 quibus
1310 866 1417 893 stant
1454 857 1587 905 logici,
1648 865 1848 907 Thou-{1019

214 921 350 945 Ionon
384 909 550 946 dubium
585 910 681 959 quin
714 919 843 947 totum
878 924 1001 960 genus
1026 913 1246 950 humanum
1281 914 1330 950 sit
1363 928 1465 951 unus
1499 929 1588 964 pec·
1619 901 1868 964 ¹¹2¹›11il'slziiiiliceinli

269 976 393 1013 cator,
438 967 540 1004 sicut
587 977 644 1005 est
689 982 768 1005 una
813 982 986 1017 persona
1029 984 1106 1019 que
1150 974 1371 1009 secundum
1412 974 1587 1011 diversas

268 1035 400 1073 partes
446 1026 552 1074 capit
592 1027 766 1064 diversas
805 1027 1121 1075 predicaciones,
1168 1030 1224 1066 sic
1263 1033 1371 1080 quod
1409 1045 1491 1068 non
1530 1042 1587 1069 est

266 1083 445 1120 timenda
484 1085 757 1133 sophistarum
796 1085 994 1123 instancia
1027 1100 1105 1136 qua
1142 1088 1328 1125 videntur
1361 1091 1409 1126 de
1441 1090 1587 1127 virtute

265 1142 461 1179 sermonis
513 1142 750 1191 impugnare
808 1143 927 1180 istam
979 1145 1245 1191 sentenciam3
1299 1149 1368 1184 sed
1427 1158 1586 1197 oportet

212 1204 248 1237 15
265 1200 508 1237 catholicum
541 1202 591 1237 ad
624 1201 740 1238 huius
771 1201 964 1239 noticiam
1000 1216 1045 1239 ac
1079 1204 1352 1242 defensionem
1392 1219 1476 1243 esse
1513 1220 1586 1243 nu-

265 1257 405 1294 tritum
438 1258 478 1295 in
510 1259 676 1308 antiqua
708 1259 838 1308 logica
871 1261 1177 1309 scripturarum.

321 1316 437 1353 Circa
476 1318 552 1353 hoc
591 1317 839 1366 evangelium
874 1319 1091 1366 dubitatur,
1130 1320 1262 1368 primo
1296 1331 1431 1358 utrum
1476 1335 1584 1359 com-
1611 1329 1636 1356 It
1657 1330 1803 1358 islawful
1826 1337 1856 1370 to

264 1374 490 1411 municacio
525 1388 614 1412 cum
649 1376 996 1414 excommunicato
1030 1379 1078 1415 ab
1103 1379 1267 1416 homine
1300 1379 1349 1416 sit
1382 1380 1511 1422 licita;
1546 1391 1583 1418 et
1599 1365 1872 1428 g2{}¹1‘3)1,⁰‘{‡}¹ts1¹1¹¹¹{f1¹{

262 1432 418 1469 videtur
471 1435 580 1482 quod
624 1433 692 1480 sic,
746 1434 877 1483 primo
930 1436 1024 1485 quia
1067 1437 1389 1475 communicacio
1435 1439 1582 1476 Christi
1633 1437 1843 1498 “Negffffiffli‘

207 1506 247 1527 20
263 1503 352 1527 cum
386 1491 470 1528 istis
503 1493 782 1540 peccatoribus
806 1494 1162 1532 excommunicatis
1185 1509 1207 1532 a
1230 1498 1314 1533 Deo
1346 1497 1420 1533 fuit
1451 1497 1580 1535 licita:
1778 1493 1785 1507 ³

262 1562 355 1597 ergo
395 1550 521 1586 multo
560 1550 686 1599 magis
718 1550 811 1587 licet
844 1553 1145 1590 communicare
1179 1567 1269 1590 curn
1311 1556 1582 1593 excommuni-

262 1607 359 1643 catis
399 1609 448 1644 ab
487 1608 662 1645 homine.
696 1609 837 1657 Angeli
877 1610 982 1647 enim
1022 1624 1115 1660 sepe
1148 1613 1449 1650 communicant
1490 1627 1579 1651 cum

260 1665 337 1702 illis
388 1666 670 1714 predestinatis
721 1669 771 1704 ad
820 1668 990 1715 gloriam
1043 1669 1186 1718 quibus
1226 1672 1332 1707 Deus
1382 1672 1581 1709 ordinavit

261 1724 422 1771 angelos
446 1724 683 1771 conservire,
708 1726 809 1762 sicut
832 1735 941 1774 patet
964 1729 1011 1764 de
1027 1727 1186 1765 Christo
1211 1738 1247 1765 et
1270 1729 1350 1766 suis
1373 1731 1579 1778 apostolis.

204 1785 244 1818 25
261 1781 301 1817 Si
335 1794 427 1830 ergo
460 1783 610 1819 factum
634 1783 782 1820 Christi
806 1794 971 1833 propter
994 1785 1299 1823 similitudinem
1325 1789 1441 1824 debet
1464 1789 1579 1825 nobis

260 1840 364 1876 trahi
404 1840 444 1876 in
482 1841 829 1890 consequenciam,
876 1852 918 1879 ut
956 1843 1151 1881 faciamus
1188 1844 1384 1891 similiter,
1423 1846 1579 1883 videtur

259 1900 367 1947 quod
400 1899 501 1935 sicut
533 1899 618 1948 ipse
642 1900 955 1937 communicavit
988 1915 1077 1938 cum
1111 1903 1391 1951 peccatoribus
1421 1918 1494 1941 nos
1528 1907 1578 1942 ad

259 1969 399 1993 eorum
432 1958 732 1995 conversionem
765 1960 955 1996 debemus
989 1960 1116 1997 eciam
1151 1962 1452 1999 communicare
1487 1976 1576 2000 cum

258 2014 347 2051 illis.
394 2015 458 2052 Sic
503 2015 608 2052 enim
643 2016 823 2054 Christus
862 2017 1089 2065 specialiter
1129 2020 1441 2057 communicavit
1486 2034 1576 2058 cum

201 2075 244 2109 30
259 2085 352 2109 ceco
375 2083 471 2110 nato
499 2087 617 2122 quem
647 2077 875 2112 sacerdotes
904 2077 1348 2115 excommunicaverant
1381 2083 1436 2125 (ut
1468 2089 1578 2128 patet

257 2132 449 2169 Johannis
495 2134 578 2178 IX);
627 2146 701 2170 nec
745 2133 861 2170 aliter
906 2134 1062 2171 videtur
1106 2138 1313 2185 quomodo
1359 2139 1576 2175 debeamus

258 2200 488 2227 convertere
521 2201 766 2239 peccatores.
801 2194 893 2229 Ideo
926 2194 1153 2241 pharisaica
1182 2204 1239 2231 est
1263 2196 1334 2232 hec
1368 2196 1575 2233 excusacio

258 2261 336 2297 qua
381 2249 527 2285 dicitur
571 2251 679 2299 quod
718 2250 831 2287 licuit
865 2251 1024 2289 Christo
1064 2262 1230 2301 propter
1267 2267 1380 2291 suam
1425 2255 1574 2303 impec-

258 2306 503 2344 cabilitatem
543 2308 844 2346 communicare
882 2322 973 2346 eum
1013 2312 1306 2358 peccatoribus,
1352 2314 1421 2349 sed
1458 2313 1574 2350 nobis

200 2368 239 2401 35
254 2377 337 2401 non
380 2365 472 2402 licet
517 2379 587 2415 per
626 2367 759 2403 locum
800 2380 822 2404 a
861 2367 994 2414 simili,
1038 2382 1128 2406 cum
1168 2369 1291 2407 simus
1329 2371 1572 2419 peccabiles:

325 2496 344 2515 1.
360 2489 404 2516 A:
427 2493 458 2516 ut
478 2498 599 2525 semper
619 2491 822 2525 quad1·atiira;
843 2491 883 2519 ib.
899 2493 927 2519 A
942 2492 970 2519 in
994 2501 1107 2528 marg:
1130 2498 1210 2521 nota.
1268 2503 1308 2528 14.
1326 2495 1370 2522 A:
1391 2495 1573 2530 impugnare

254 2522 348 2549 illam.
458 2532 495 2558 17.
523 2525 551 2551 A
576 2525 606 2551 in
635 2534 747 2561 marg:
779 2527 916 2554 Primum
947 2528 1094 2558 dubium:
1125 2528 1164 2555 ib.
1187 2529 1209 2555 Β
1236 2529 1266 2556 iu
1297 2538 1410 2564 marg:
1443 2530 1572 2564 Questio

255 2558 364 2584 brevis.
447 2566 486 2586 21.
508 2559 573 2587 BC:
601 2561 841 2593 communicari:
872 2562 911 2588 ib.
934 2562 956 2589 l}
978 2563 1006 2590 in
1030 2571 1115 2597 marg
1138 2573 1142 2590 :
1164 2564 1276 2599 Arguit
1296 2563 1378 2601 quod
1401 2565 1468 2591 licet
1489 2574 1572 2592 com-

255 2592 410 2619 municare
437 2602 505 2620 cum
528 2595 794 2622 excommunicato
815 2601 843 2623 et
864 2602 989 2632 propter
1009 2598 1090 2632 quod
1114 2598 1166 2625 sic.
1276 2602 1322 2625 20.
1344 2600 1388 2626 A:
1416 2600 1494 2626 trahi
1523 2600 1570 2626 ad.

253 2635 297 2662 27.
319 2627 385 2654 BC:
406 2629 624 2656 communicat.
697 2630 739 2657 35.
755 2631 799 2657 A:
822 2639 875 2665 per
896 2632 996 2659 locum
1019 2632 1117 2666 dcc-su
1140 2642 1209 2660 cum
1231 2643 1349 2660 sumus.

328 2734 354 2754 1.
383 2723 433 2756 Cf.
460 2726 514 2756 De
540 2725 706 2765 Ecclesia,
739 2736 817 2769 pag.
849 2737 924 2766 100,
964 2727 1021 2759 ubi
1062 2730 1110 2760 sic
1143 2729 1306 2761 habetur:
1347 2730 1569 2768 Quadratura

253 2771 398 2812 quidem
426 2771 541 2803 circuli
572 2779 623 2802 est
649 2772 793 2812 scibilis,
821 2774 882 2804 sed
911 2774 974 2806 fuit
999 2774 1030 2805 in
1062 2783 1221 2818 ternpore
1247 2777 1448 2808 Aristotelis
1482 2787 1567 2807 non-

253 2819 337 2848 dum
364 2818 458 2849 scita.
489 2818 540 2850 Cf.
559 2818 778 2860 Trialogum,
803 2829 883 2862 pag.
905 2830 980 2861 212,
1006 2821 1063 2852 ubi
1092 2821 1235 2853 rectius:
1263 2832 1342 2853 curn
1362 2823 1568 2854 Aristoteles

253 2872 333 2894 vere
361 2862 451 2895 dicat
483 2865 645 2907 quamvis
678 2865 889 2907 quadratura
922 2867 1038 2898 circuli
1071 2868 1114 2899 sit
1147 2868 1410 2910 cognoscibilis,
1443 2879 1565 2900 verum

253 2916 370 2940 tamen
398 2911 556 2942 nondum
585 2912 701 2943 scitur.
