2017 3353
230 1130 278 1157 All
300 1130 416 1162 private

205 1168 312 1192 orders
335 1165 443 1199 depart

188 1201 266 1227 from
301 1199 460 1234 Scr1pture

259 1418 292 1436 as
313 1410 362 1437 tlte

204 1445 395 1472 Mendicants
415 1444 444 1471 in

245 1480 384 1514 begging.

772 315 994 348 JOHANNIS
1013 315 1199 346 WYCLIF'
1227 315 1482 347 SERMONUM
1545 300 1697 359 [SERMO
1728 310 1779 338 IX·

470 432 506 459 et
540 435 612 469 per
644 433 895 469 consequens
929 422 1030 457 ordo
1066 419 1234 468 quilibet
1267 421 1370 458 foret
1401 419 1506 458 talis.
1547 422 1649 456 Nam
1684 421 1779 457 dato

470 482 579 527 quod
624 481 764 516 Petrus
810 478 1108 527 predestinatus
1154 478 1273 515 faciat
1306 479 1436 515 solum
1470 476 1696 515 necessaria
1730 478 1780 514 ad

470 538 640 574 salutem
685 545 722 573 et
766 536 985 573 necessitas
1031 548 1074 572 ex
1120 536 1407 583 supposieione
1459 535 1633 581 tollitur,
1688 548 1777 571 cum

471 593 589 633 aliter
621 595 759 632 omnia
792 607 868 642 que
906 593 1111 630 evenirent
1156 594 1383 631 necessario
1418 594 1636 639 evenirent,
1670 603 1781 641 patet

472 654 580 701 quod
612 655 718 689 Deus
763 665 842 689 non
884 661 1021 699 posset
1067 651 1220 688 salvare
1260 652 1365 687 hunc
1399 653 1560 688 Petrum
1607 651 1646 687 in
1687 651 1817 687 casu5

472 723 551 758 quo
585 712 633 748 ab
667 711 803 758 aliquo
836 711 962 758 gradu
985 709 1063 746 vite
1098 721 1166 745 sue
1202 709 1388 745 deficeret
1426 718 1783 757 quantumcunque

474 768 679 806 meritorie
712 767 928 816 dispariter
958 767 1119 804 viveret.
1167 768 1286 811 Quod
1319 776 1516 814 repugnat
1547 767 1619 803 Dei
1652 766 1782 803 omni-

474 826 671 874 potencie.
717 827 809 862 Ideo
855 834 965 873 patet
1009 825 1229 872 quemlibet
1274 825 1513 862 salvandum
1552 824 1783 861 necessario

476 885 602 922 multa
635 885 765 921 facere
799 883 883 920 sine
923 884 1067 930 quibus
1101 893 1240 930 posset
1286 883 1418 919 salvus
1451 882 1549 920 fieri.
1595 885 1644 919 Et
1676 890 1786 930 patet

476 944 585 990 quod
629 944 749 979 habet
795 942 921 990 legem
968 941 1183 989 specialem
1230 940 1468 989 dirigentem
1509 940 1641 988 ipsum
1689 953 1845 977 con-10

475 1000 656 1037 formiter
687 1001 736 1036 ad
770 999 1026 1047 scripturam,
1061 999 1154 1046 quia
1187 1011 1276 1035 cum
1312 999 1391 1035 sint
1424 999 1569 1046 gradus
1603 998 1642 1034 in
1676 1010 1785 1034 com-

477 1058 743 1095 munitatibus
777 1058 910 1105 legum
944 1070 1026 1093 non
1059 1056 1176 1093 aliter
1208 1057 1443 1093 salvaretur.

533 1118 646 1164 Item,
694 1128 784 1151 cum
830 1114 999 1163 quilibet
1044 1114 1223 1162 privatus
1269 1115 1368 1151 ordo
1425 1115 1611 1150 observat
1661 1113 1788 1150 multa

482 1173 684 1210 difformia
729 1186 751 1210 a
796 1173 1008 1220 scriptura,
1042 1172 1203 1209 videtur
1250 1173 1359 1220 quod
1399 1171 1568 1219 quilibet
1608 1171 1789 1219 privatus

476 1234 577 1269 ordo
609 1244 689 1268 non
723 1232 773 1267 sit
805 1233 905 1268 ordo
939 1232 1007 1266 sed
1039 1231 1186 1268 horror
1216 1230 1308 1266 fidei
1331 1229 1529 1278 scripture
1552 1229 1792 1267 contrarius.
1813 1234 1847 1267 15

476 1292 742 1337 Assumptum
791 1298 902 1337 patet
946 1290 993 1324 de
1037 1288 1361 1325 Mendicantibus
1407 1300 1580 1335 quorum
1629 1287 1791 1323 ordines

477 1348 708 1396 obligantur
741 1346 982 1395 generaliter
1015 1346 1255 1393 mendicare,
1290 1347 1359 1383 sed
1391 1347 1466 1382 hoc
1500 1354 1559 1382 est
1591 1345 1792 1392 scripture

479 1405 731 1443 contrarium
755 1404 815 1456 (ut
838 1413 947 1453 patet
972 1417 1015 1440 ex
1048 1404 1166 1440 dictis
1191 1404 1316 1451 alibi).
1351 1404 1465 1440 Unde
1500 1403 1539 1439 in
1571 1403 1652 1440 vita
1685 1401 1791 1439 beati

480 1463 699 1500 Clementis
716 1463 861 1511 legitur
883 1463 992 1511 quod
1009 1462 1258 1510 singularum
1276 1461 1483 1510 regionum
1503 1461 1643 1509 inopes
1659 1460 1791 1497 nomi-

480 1522 607 1559 natim
637 1522 810 1558 habebat
843 1521 1015 1568 scriptos
1055 1529 1092 1557 et
1125 1520 1246 1557 etiam
1281 1519 1520 1556 christianos
1554 1531 1656 1567 quos
1695 1520 1791 1566 bap·
1810 1537 1850 1558 20

481 1580 672 1617 tizaverat
715 1578 875 1626 publice
930 1577 1181 1615 mendicitati
1230 1590 1311 1614 non
1357 1577 1513 1614 sinebat
1563 1576 1791 1614 subiacere:

482 1637 709 1674 mediocres
755 1647 889 1673 autem
934 1648 979 1673 ae
1013 1636 1155 1672 divites
1191 1636 1437 1672 admonebat
1475 1647 1524 1671 ne
1556 1644 1794 1682 paterentur

482 1695 712 1743 baptizatos
771 1706 967 1743 pauperes
1015 1707 1037 1730 a
1099 1693 1234 1732 Judeis
1288 1703 1325 1730 et
1378 1693 1592 1740 gentilibus
1645 1692 1792 1740 stipem

484 1753 689 1801 publicam
737 1753 958 1800 postulare.
1011 1755 1060 1789 Et
1113 1761 1224 1799 patet
1268 1752 1392 1800 quod,
1440 1750 1544 1787 sicut
1591 1751 1792 1787 seculares

484 1811 641 1847 domini
673 1811 937 1848 adversantur
987 1809 1244 1846 ordinacioni
1278 1808 1428 1846 Christi
1473 1809 1512 1844 in
1558 1817 1794 1856 paupertate
1811 1814 1850 1847 25

484 1868 766 1917 apostolorum
813 1877 850 1905 et
894 1868 1179 1916 episcoporum
1226 1868 1352 1904 vicem
1401 1879 1515 1903 suam
1550 1867 1793 1914 gerencium,

485 1927 542 1964 sic
575 1937 613 1964 et
648 1939 751 1974 pape
784 1926 913 1963 nostri
947 1927 1213 1962 adversantur
1256 1924 1513 1961 ordinacioni
1558 1937 1659 1972 pape
1694 1924 1795 1960 Cle-

486 1985 674 2021 mentis.
723 1986 810 2031 Ipse
855 1984 958 2020 enim
1007 1997 1088 2021 non
1128 1983 1284 2020 sinebat
1329 1991 1493 2030 propter
1537 1994 1713 2018 errorem
1756 1981 1796 2018 in

486 2043 616 2090 specie
656 2042 899 2079 christianos
939 2054 1133 2090 pauperes
1166 2041 1324 2089 publice
1357 2042 1405 2076 ab
1445 2040 1608 2076 homine
1641 2039 1795 2075 mendi-

487 2113 596 2147 care3
621 2099 752 2137 nostri
775 2109 909 2137 autem
934 2112 1035 2147 pape
1070 2100 1218 2135 nedum
1246 2097 1486 2146 permittunt
1521 2098 1590 2134 sed
1618 2097 1794 2134 auctori-
1813 2107 1854 2139 30

487 2168 578 2195 zant
616 2166 745 2194 sectas
769 2157 910 2194 divites
934 2170 956 2193 a
978 2156 1286 2204 pauperioribus
1313 2155 1554 2192 mendicare.
1588 2157 1636 2191 Et
1661 2167 1795 2192 revera

488 2224 600 2252 tanta
634 2225 693 2251 est
728 2215 836 2251 racio
870 2214 990 2251 hodie
1013 2214 1222 2251 hauriendi
1257 2214 1359 2250 hanc
1392 2212 1574 2261 rapinam
1608 2213 1796 2260 luporum

489 2273 711 2321 rapacium,
745 2272 976 2320 specialiter
1020 2284 1110 2308 cum
1157 2271 1196 2307 in
1242 2270 1425 2319 expensis
1470 2270 1797 2308 extraordinariis

557 2382 583 2412 3.
604 2385 658 2411 A:
677 2384 775 2411 taliter
795 2391 876 2411 cum.
998 2384 1074 2410 .A:
1097 2382 1239 2410 evenient
1267 2382 1440 2410 necessario
1467 2383 1615 2410 evenient.
1700 2390 1726 2417 7.
1748 2383 1794 2412 A:

490 2419 580 2454 Quos
607 2423 789 2454 repugnant.
958 2417 995 2445 13.
1023 2420 1049 2445 A
1077 2418 1105 2444 in
1137 2425 1201 2445 mar
1205 2425 1250 2451 3.;
1279 2416 1335 2444 BC
1363 2417 1393 2444 in
1421 2425 1539 2452 marg..
1570 2417 1685 2445 Contra
1704 2417 1796 2444 idem.

488 2454 754 2482 Deordinaciones
774 2452 1023 2481 Mendicancium
1045 2452 1247 2480 ferculorum
1357 2452 1398 2479 16.
1421 2451 1461 2480 C:
1483 2437 1539 2480 Λᾶ.
1554 2460 1683 2480 sensum
1706 2457 1798 2488 patet.

490 2497 529 2524 17.
550 2488 589 2515 B:
610 2488 760 2520 obligant.
863 2490 904 2515 ιδ.
925 2489 953 2515 Α
974 2488 1002 2515 in
1025 2495 1141 2522 marga
1165 2487 1207 2514 De
1229 2487 1480 2520 mcndicacione;
1525 2487 1546 2514 B
1567 2488 1597 2514 in
1619 2495 1732 2521 marg.:
1756 2487 1799 2513 De

488 2525 551 2551 vita
572 2523 651 2550 beati
673 2522 834 2550 Clementi.
962 2522 1063 2549 2o.1n
1084 2507 1176 2549 codd
1197 2523 1225 2549 A
1247 2522 1294 2548 liic
1322 2523 1409 2549 locus
1430 2522 1473 2548 sic
1494 2521 1641 2550 habetur.
1667 2507 1749 2557 quo—d
1771 2525 1799 2548 et

490 2558 585 2585 sciam
619 2557 805 2585 christianos
839 2565 918 2592 quos
958 2557 1165 2596 baptizaverat
1204 2557 1325 2595 publice
1356 2556 1545 2584 mendicitati
1585 2564 1647 2584 non
1679 2557 1800 2584 sinebat

491 2593 662 2620 subiacere.
684 2592 884 2626 Singularum
907 2592 1071 2624 regionum
1093 2599 1203 2627 inopes
1224 2591 1410 2619 nominatim
1425 2591 1579 2618 habebant
1595 2592 1780 2653 scriptos.C

491 2627 604 2655 Codd.
629 2627 793 2654 habebant.
878 2634 916 2654 21.
938 2626 1014 2654 BC:
1036 2634 1096 2653 non
1117 2627 1212 2661 quod.
1285 2633 1328 2653 22.
1349 2627 1394 2653 A:
1416 2630 1517 2653 autem
1538 2626 1633 2653 deest.
1695 2624 1734 2653 31.

492 2662 690 2698 pauperibus.
758 2659 801 2688 32.
824 2660 867 2689 C:
890 2661 981 2689 hodie
1001 2662 1101 2695 deest;
1125 2660 1270 2688 horrendi
1291 2661 1321 2687 in
1343 2660 1432 2688 codd.

563 2745 603 2777 25
631 2745 681 2777 Cf.
710 2744 939 2784 clementina,
965 2744 1057 2787 Epit.
1073 2745 1168 2786 prior
1193 2755 1266 2787 cap.
1293 2744 1365 2776 CLI
1380 2744 1433 2776 ed.
1454 2743 1593 2775 Dressel
1619 2753 1696 2796 pag.
1721 2743 1801 2775 103·

492 2789 552 2823 καὶ
576 2789 729 2833 μάλιστα
755 2786 863 2828 ὅσους
887 2788 1076 2833 περιττοὺς
1100 2789 1180 2834 ἤδει
1205 2793 1253 2833 τῷ
1273 2789 1416 2833 πλούτῳ
1437 2801 1496 2821 και
1520 2787 1612 2833 πρὸς
1636 2786 1677 2821 τὸ
1703 2786 1800 2821 διδό-

491 2848 552 2870 ναι
576 2837 741 2875 δυνατῶς
765 2834 910 2880 ἔχοντας
943 2834 990 2878 μὴ
1024 2834 1109 2874 τοὺς
1146 2835 1243 2875 ἅπαξ
1279 2839 1328 2891 τῷ
1367 2834 1586 2879 βαπτίσματι
1622 2838 1671 2879 τῷ
1712 2833 1800 2878 ἁγίῳ

493 2883 750 2926 καθαρθέντας
793 2883 966 2925 πεοιορᾶν
1007 2882 1162 2925 ὁημοσιᾳ
1198 2880 1297 2925 παρὰ
1333 2885 1408 2914 τῶν
1444 2881 1637 2914 Ἰουδαίων
1672 2892 1801 2924 τρεφο-

493 2929 625 2973 μένους
649 2929 695 2962 δι’
720 2928 900 2973 ἀπορίαν.
928 2953 935 2960 .
963 2953 970 2960 .
1048 2930 1098 2962 Cf.
1128 2931 1210 2961 Pars
1238 2930 1294 2962 IV.
1322 2931 1432 2961 serm.
1459 2929 1546 2962 XIV.
