2017 3353
223 316 301 361 344
803 320 1027 353 JOHANNJS
1046 319 1230 351 WYCLIF
1251 317 1508 350 SERMONUM
1593 303 1743 362 [SERMO
1768 314 1828 341 1111.

219 439 413 477 Foreknoxyn
433 438 491 465 and
509 438 588 465 tam
622 429 814 476 prescitos
848 440 967 476 quam
1003 424 1296 474 predestinatos
1332 431 1462 460 vocate
1494 425 1545 459 ad
1577 423 1745 472 nupcias.
1780 423 1831 458 Et

254 473 459 535 pxffi‘J-{Sffl'stff
507 487 613 523 servi
644 486 715 522 Dei
748 495 789 522 ut
822 485 901 522 reri
944 482 1154 532 apostolici
1199 481 1452 530 predicantes
1491 488 1832 531 congregaverunt

305 543 411 570 called.
509 545 612 581 intra
645 543 854 581 ecclesiam
888 551 970 579 tam
1005 540 1298 590 predestinatos
1322 552 1442 588 quam
1477 539 1670 587 prescitos
1694 551 1832 574 secun-

509 604 603 638 dum
638 602 808 638 formam
843 599 1037 649 presentis
1059 598 1215 635 iusticie
1248 607 1285 635 et
1318 598 1473 647 impleta
1508 606 1565 633 est
1596 596 1832 632 universitas

510 660 674 697 ecclesie
713 669 796 696 tam
842 660 888 695 de
936 656 1118 706 prescitis
1157 669 1277 705 quam
1316 648 1598 703 predestinatis
1637 658 1866 702 quantun15

510 721 614 755 Deus
647 730 730 754 esse
763 717 803 753 in
835 726 1004 764 utraque
1037 714 1203 751 ecclesia
1227 713 1423 751 diffinivit.
1459 714 1535 750 Sed
1558 725 1632 749 rex
1655 712 1833 748 celorum

510 776 549 812 in
583 775 692 812 finali
725 774 875 811 iudicio
908 773 1068 810 intravit
1101 772 1289 809 divinitus
1329 779 1369 807 ut
1402 771 1549 807 videret
1588 778 1753 807 cunctos
1792 770 1833 806 in

510 834 624 870 dictis
647 833 803 881 nupciis
826 833 1046 869 secundum
1071 839 1295 879 presentem
1319 829 1518 866 iusticiam
1545 829 1833 873 discumbentes,

509 899 544 928 et
588 892 682 927 vidit
730 891 781 927 ibi
822 889 1102 926 multitudinem
1155 887 1436 937 prescstorum,
1488 899 1564 935 que
1611 895 1667 922 est
1712 887 1834 922 homo

509 948 733 997 singularis,
768 961 840 984 non
875 947 1032 984 vestitus
1066 954 1166 983 veste
1198 946 1377 995 nupciali,
1411 944 1503 993 quia
1528 957 1666 981 carens
1699 943 1834 992 gracia
1856 957 1892 978 10

220 1019 287 1047 The
313 1019 492 1046 sort-known
511 1007 638 1044 finalis
671 1005 984 1055 perseverancie⁷
1019 1017 1096 1053 qua
1127 1003 1386 1053 predestinati
1410 1003 1554 1051 singuli
1578 1011 1668 1038 sunt
1690 1002 1833 1039 vestiti.

249 1053 468 1122 haffijhoiffihe
509 1067 557 1101 Et
590 1065 683 1113 quia
716 1066 815 1101 bene
847 1064 941 1100 facit
975 1063 1139 1099 ecclesie
1173 1072 1209 1098 et
1248 1071 1305 1098 est
1338 1061 1514 1097 eiusdem
1561 1069 1702 1096 nature
1743 1073 1831 1096 cum

284 1129 432 1158 garnie-nt.
510 1123 668 1160 Christo
684 1121 1121 1167 humanitus,Christus
1146 1133 1235 1156 eum
1259 1119 1478 1167 alloquitur
1500 1120 1670 1154 urbane:
1692 1118 1836 1163 Amice,

510 1181 651 1230 inquit,
678 1181 867 1230 quomodo
892 1181 964 1215 lzuc
997 1179 1163 1223 intrasti,
1196 1179 1271 1214 hoc
1295 1186 1364 1223 est,
1396 1178 1602 1225 quomodo
1633 1177 1683 1212 ad
1713 1176 1836 1212 eccle-

512 1239 612 1275 siam
665 1237 807 1275 x‘enisti
860 1237 1063 1286 accipiens
1116 1244 1369 1273 sacramenta
1418 1234 1499 1271 eius
1545 1243 1581 1270 et
1633 1235 1835 1282 spondens
1858 1236 1893 1267 ι’)

512 1296 685 1333 finaliter
720 1297 803 1332 fore
827 1296 985 1332 fidelem
1010 1294 1083 1331 Dei
1106 1307 1276 1340 servum,
1303 1303 1339 1329 et
1363 1302 1498 1329 tamen
1527 1301 1633 1328 veste
1659 1291 1837 1340 nupciali

512 1368 590 1403 qua
635 1366 774 1390 omnes
824 1353 1044 1390 induuntur
1096 1351 1201 1389 beati
1252 1351 1460 1388 manifeste
1511 1349 1691 1398 privaris
1746 1350 1838 1385 Ideo

513 1426 602 1449 cum
637 1420 779 1449 cuncta
812 1412 948 1448 dicunt
970 1414 1066 1456 Deo,
1098 1411 1137 1446 id
1161 1419 1230 1455 est,
1256 1409 1463 1446 manifeste
1486 1408 1693 1445 veritatem
1718 1420 1837 1455 quam

513 1470 735 1518 implicant⁷
771 1470 834 1506 ille
875 1482 1014 1506 carens
1054 1467 1312 1505 excusacione
1352 1467 1548 1503 obmutuit.
1597 1467 1700 1501 Tunc
1740 1465 1839 1501 dixit

514 1540 587 1565 rex
629 1528 862 1576 angelorum
915 1526 1161 1563 multitudini
1206 1524 1449 1561 ministranti
1495 1524 1628 1574 ligatis
1669 1522 1837 1559 terrenis
1855 1537 1896 1558 20

514 1585 799 1623 affeccionibus
845 1594 881 1621 et
926 1584 1138 1621 mundanis
1189 1582 1516 1631 operacionibus:
1568 1581 1710 1617 Mittite
1753 1593 1836 1617 enm

514 1657 603 1681 cum
628 1643 715 1680 aliis
738 1643 919 1692 prescitis
942 1642 1169 1679 infidelibus
1191 1642 1226 1677 in
1250 1641 1456 1690 infernum.
1482 1642 1529 1675 Et
1558 1639 1623 1675 ille
1644 1647 1839 1675 vocantur

515 1702 668 1738 tenebre
700 1701 929 1745 exteriores,
963 1710 1046 1736 tum
1082 1699 1174 1748 quia
1208 1707 1297 1735 sunt
1322 1707 1429 1735 extra
1452 1699 1635 1734 tenebras
1660 1696 1837 1733 cecitatis

514 1759 728 1796 intrinsece
761 1771 837 1807 que
870 1768 927 1795 est
960 1758 999 1794 in
1033 1757 1180 1803 anima,
1214 1766 1300 1793 tum
1335 1756 1460 1792 eciam
1503 1755 1595 1803 quia
1636 1764 1692 1791 est
1731 1763 1837 1791 extra

515 1818 634 1854 situm
675 1817 815 1853 mundi
853 1829 971 1865 quem
1011 1818 1116 1852 Deus
1161 1814 1322 1862 respicit
1361 1815 1410 1850 ad
1449 1814 1638 1859 salutem;
1677 1812 1731 1848 ibi
1764 1812 1837 1848 erit
1854 1817 1892 1847 25

517 1876 633 1912 dolor
666 1874 866 1911 sensibilis
890 1883 928 1911 et
961 1872 1281 1910 remurmuracio
1315 1872 1470 1908 interna
1503 1879 1710 1919 perpetua,
1746 1883 1836 1906 cum

517 1934 778 1970 comedendo
813 1942 850 1969 et
897 1932 1071 1969 bibendo
1117 1930 1264 1967 Christi
1310 1942 1468 1966 carnem
1526 1937 1563 1965 et
1601 1928 1836 1976 sanguinem

516 1992 653 2036 (modo
678 2003 757 2039 quo
781 1990 932 2028 dictum
957 1998 1014 2026 est
1047 1989 1087 2025 in
1119 2001 1303 2025 sermone
1336 1987 1535 2036 proximo)
1558 1994 1720 2035 possent
1744 1985 1837 2022 faci-

516 2049 605 2086 liter
638 2057 675 2085 et
706 2050 926 2096 gaudenter
958 2046 1179 2084 beatificari
1208 2059 1297 2083 cum
1328 2045 1490 2093 angelis,
1526 2053 1562 2081 et
1586 2045 1656 2081 hec
1681 2053 1736 2080 est
1759 2056 1838 2080 una

518 2109 565 2143 de
597 2106 709 2155 penis
742 2106 924 2144 maximis
958 2107 1283 2153 dampnatorum.
1853 2103 1897 2136 30

575 2167 624 2201 Et
667 2173 778 2213 patet
827 2164 1033 2213 quomodo
1082 2163 1194 2198 multi
1234 2160 1433 2198 viancium
1477 2168 1564 2196 sunt
1608 2160 1733 2195 vocati
1773 2160 1840 2195 sed

513 2223 631 2273 pauci
661 2223 701 2259 in
725 2221 1034 2271 comparacione
1058 2222 1107 2257 ad
1132 2233 1198 2256 eos
1222 2227 1308 2256 sunt
1336 2220 1385 2255 ad
1408 2216 1695 2254 beatitudinem
1719 2218 1840 2263 electi,

519 2280 612 2329 quia
641 2281 771 2317 solum
804 2278 1076 2328 predestinati.
1105 2277 1295 2323 Quamvis
1319 2284 1451 2312 autem
1477 2275 1608 2312 cuncti
1633 2274 1840 2323 dampnati

520 2338 724 2374 habebunt
758 2339 878 2386 pedes
912 2346 948 2373 et
973 2349 1114 2373 manus
1139 2347 1353 2383 corporeas
1378 2342 1466 2381 post
1491 2333 1607 2369 finale
1632 2332 1839 2378 iudicium,

521 2404 656 2432 tamen
689 2407 733 2431 ex
766 2397 928 2431 decreto
962 2393 1058 2442 legis
1092 2391 1253 2429 Domini
1286 2400 1367 2428 tam
1408 2391 1644 2427 affecciones
1685 2399 1840 2438 tempo·
1856 2393 1896 2426 35

523 2452 668 2490 raliurn
693 2465 813 2501 quam
838 2451 1099 2500 operaciones
1123 2449 1321 2486 viancium
1347 2448 1587 2497 ligabuntur,
1619 2448 1712 2496 quia
1736 2449 1841 2484 Luce

520 2512 640 2558 XV10‚
678 2511 695 2547 3
733 2510 878 2547 dicitur
910 2522 983 2558 pro
1015 2516 1120 2545 statu
1152 2507 1423 2556 separacionis
1456 2507 1588 2543 anime
1621 2519 1642 2543 a
1672 2517 1841 2554 corpore

589 2676 619 2702 4..
641 2668 680 2694 B:
703 2667 868 2701 completa.
943 2665 967 2694 5.
990 2665 1030 2692 C:
1053 2673 1145 2700 quam
1167 2665 1213 2692 de.
1288 2665 1316 2691 6.
1338 2664 1404 2691 BC:
1426 2663 1552 2692 diffinit:
1583 2663 1622 2690 ib.
1644 2664 1688 2690 A:
1711 2662 1756 2691 Sit
1779 2671 1838 2690 rex.

523 2711 550 2735 ι’).
568 2702 713 2737 Vulgare:
736 2705 764 2729 et
784 2702 860 2729 vidit
881 2700 925 2727 ihi
942 2700 1093 2727 hominem
1115 2708 1173 2726 non
1194 2699 1329 2727 vestitum
1342 2709 1350 2727 ,·
1370 2699 1409 2725 ib.
1427 2699 1491 2725 sse':
1515 2698 1716 2731 prescitorum
1739 2697 1838 2728 deest:

523 2734 561 2764 ib.
585 2737 622 2764 13:
651 2737 712 2772 qui.
842 2743 881 2770 12,
904 2734 942 2763 13.
964 2735 1008 2762 A:
1038 2743 1106 2761 cum
1130 2734 1283 2761 Christus.
1412 2732 1448 2760 13.
1471 2734 1535 2761 BC:
1560 2732 1737 2759 humanitus
1758 2740 1837 2758 eum.

523 2780 564 2805 14.
588 2771 625 2798 15.
647 2772 689 2798 A:
712 2771 742 2798 in
764 2770 937 2797 ecclesiam.
1030 2769 1068 2796 15.
1091 2768 1129 2795 C:
1153 2768 1314 2795 advenisti.
1405 2768 1441 2795 15.
1465 2768 1505 2794 10,
1528 2767 1567 2794 B:
1590 2772 1616 2793 et
1639 2772 1746 2801 sponte
1768 2767 1840 2793 iina—

523 2806 598 2832 liter.
690 2805 731 2832 16.
754 2804 821 2832 BC:
845 2804 898 2832 Dei
921 2804 1014 2831 deest.
1115 2803 1153 2829 18.
1175 2804 1218 2830 A:
1242 2812 1272 2829 >e
1293 2803 1374 2832 Deo:
1404 2802 1442 2828 ib.
1467 2803 1531 2829 HC:
1555 2802 1582 2828 id
1605 2805 1650 2828 cst
1671 2801 1770 2833 dees13
1799 2801 1837 2827 ΙΙ).

522 2841 566 2867 A:
588 2840 746 2867 veritatem
768 2847 860 2874 quam
882 2838 975 2866 deest.
1092 2837 1133 2864 23.
1156 2838 1225 2864 Alfi:
1253 2837 1324 2872 quia
1344 2842 1404 2866 est:
1436 2837 1475 2863 ib.
1499 2838 1519 2864 13
1540 2837 1569 2863 iu
1593 2844 1706 2862 marm:
1736 2838 1838 2869 Quare

521 2875 658 2901 infernus
678 2874 789 2902 dicitur
808 2873 930 2900 tenebre
951 2872 1126 2910 exteriores.
1218 2872 1261 2899 25.
1282 2872 1325 2899 A:
1348 2871 1471 2898 scitum.
1561 2870 1606 2897 23.
1630 2856 1696 2897 BC:
1720 2874 1833 2904 posset.

519 2907 562 2936 33.
578 2908 644 2936 BC:
700 2907 818 2936 uamvis
839 2907 937 2941 eni1n;
957 2906 998 2934 ib.
1015 2907 1035 2934 Β
1056 2914 1086 2934 in
1108 2914 1220 2941 marg:
1244 2905 1360 2941 Ligatis
1382 2905 1526 2934 manibus
1547 2905 1705 2940 quomodo
1726 2903 1836 2931 intelli-

520 2943 610 2978 gitur.
702 2942 730 2978 6,
751 2941 795 2978 37.
816 2943 859 2970 A:
880 2942 960 2970 Luce
974 2941 1027 2969 VI.
1049 2940 1143 2976 quod.
