2017 3353
212 276 289 323 376
796 279 1021 312 JOHANNIS
1043 278 1226 309 wvcrir
1245 277 1505 310 SERMONUM
1549 264 1699 322 [SERMO
1720 276 1813 303 Lvn.

221 397 287 425 The
307 406 362 433 gos
388 397 467 436 citos
559 389 744 424 Secundo
795 386 1000 423 dubitatur
1048 385 1095 420 de
1144 383 1383 421 auctoritate
1434 383 1630 432 scripture
1679 393 1813 420 utrum

211 436 469 495 ‘¹¹⁰¹{T'ffi²{,¹¹tt1¹,‘}¹'¹ty
499 445 612 494 panis
646 445 711 482 ille
744 457 862 494 quem
897 443 1077 481 Christus
1103 442 1394 490 multiplicavit,
1418 442 1617 478 benedixit
1641 450 1677 478 et
1700 442 1815 490 fregit

262 502 409 564 (Jffffi¹i¹s:¹t{
496 504 545 540 sit
579 503 737 551 gravior
770 515 890 552 quam
925 502 1146 549 fragmenta
1189 512 1264 549 que
1303 500 1475 548 apostoli
1515 512 1558 536 ex
1596 499 1712 536 dictis
1746 513 1815 548 pa-

314 554 337 563 *
396 556 419 562 „.
497 562 614 598 nibus
647 562 905 609 collegerunt.
952 562 999 595 Et
1031 558 1188 595 videtur
1232 560 1340 607 quod
1377 571 1449 607 par
1489 558 1538 594 sit
1582 557 1813 603 auctoritas,

498 620 591 668 quia
625 632 667 656 ex
701 620 841 656 eodem
876 618 984 654 fonte
1017 625 1308 665 processerant,
1343 625 1380 652 et
1413 616 1513 652 sicut
1547 616 1847 664 fragmentum5

498 687 554 714 est
587 690 679 725 sepe
703 678 792 725 plus
825 675 1008 724 sapidum
1044 688 1162 723 quarn
1188 674 1303 722 panis
1326 674 1479 722 integer
1501 687 1582 710 non
1605 673 1660 710 sic
1683 673 1812 719 tritus,

497 736 552 772 sic
599 735 754 771 videtur
798 735 906 782 quod
951 732 1135 770 doctrina
1179 732 1437 781 sequencium
1489 745 1531 769 ex
1575 731 1815 769 auctoritate

499 793 690 841 evangelii
725 800 965 840 congregata
998 790 1047 827 sit
1080 803 1172 838 sepe
1204 791 1293 838 plus
1325 790 1479 838 sapida,
1514 791 1602 838 plus
1626 800 1815 838 compen-

498 851 611 888 diosa
655 859 692 887 et
736 849 943 898 gravidata
991 848 1204 885 salubriori
1258 848 1461 885 sentencia
1512 861 1630 897 quarn
1684 847 1813 896 ipsum

499 908 747 957 evangelium
782 907 893 945 radix
927 907 1021 944 eius.
1836 918 1874 939 10

556 968 633 1004 Sed
656 966 696 1002 in
720 967 795 1004 hoc
825 965 946 1002 dubio
979 965 1195 1001 tenendum
1221 972 1277 1000 est
1302 965 1410 1012 quod
1434 963 1633 1000 infinitum
1658 963 1816 1012 gravior

499 1026 547 1062 sit
582 1024 800 1061 auctoritas
843 1022 1035 1071 evangelii
1069 1034 1187 1071 quam
1229 1030 1286 1058 est
1325 1021 1403 1058 alia
1442 1021 1644 1058 sentencia
1689 1021 1814 1058 eciam

499 1091 730 1120 sanctorum
772 1082 879 1130 ipsos
918 1089 1103 1117 auctores
1137 1079 1410 1128 sequencium,
1457 1092 1547 1116 cum
1581 1079 1816 1128 magnitudo

500 1140 752 1178 auctoritatis
785 1141 1003 1176 secundum
1040 1138 1157 1175 fidem
1193 1151 1272 1186 qua
1296 1151 1317 1174 a
1340 1139 1425 1174 Deo
1449 1137 1704 1186 cognoscitur
1726 1150 1817 1186 pro-

501 1200 640 1236 cedere
674 1200 809 1243 debet3
850 1210 893 1234 ex
926 1197 1002 1233 fide
1043 1205 1177 1233 autem
1217 1195 1493 1232 convincimur
1526 1196 1633 1245 quod
1672 1207 1810 1232 omnes
1839 1197 1873 1229 15

221 1266 279 1293 We
295 1267 391 1307 jupon·
413 1265 476 1303 mat
501 1266 685 1294 auctores
719 1269 830 1293 sacre
863 1255 1058 1303 scripture
1083 1262 1273 1302 ceperunt
1297 1267 1318 1290 a
1343 1256 1427 1290 Deo
1450 1253 1682 1290 immediate
1704 1267 1817 1290 suam

211 1301 485 1363 1¹¹⁶112J1¹1¹¹E23¹E⁶¹⁵
501 1315 761 1361 sentenciam,
803 1314 902 1350 alios
943 1322 1075 1349 autem
1116 1321 1274 1348 sanctos
1319 1321 1529 1360 sequentes
1568 1313 1617 1348 ad
1662 1320 1817 1348 tantum

502 1373 682 1421 capimus
716 1374 765 1409 ad
799 1380 993 1421 quantum
1029 1383 1071 1407 ex
1096 1371 1236 1407 eodem
1267 1369 1409 1418 spiritu
1440 1369 1641 1407 evidenter
1672 1382 1818 1417 cogno—

501 1431 661 1476 scimus,
696 1431 801 1466 unde
834 1430 864 1466 si
898 1442 968 1465 sua
1001 1428 1203 1465 sentencia
1226 1428 1275 1463 sit
1296 1427 1426 1464 valida
1460 1436 1620 1476 oportet
1643 1428 1771 1476 ipsam
1796 1440 1818 1464 a

502 1488 653 1538 Spiritu
699 1489 845 1524 Sancto
890 1488 1108 1535 procedere
1148 1495 1184 1522 et
1222 1499 1303 1521 non
1347 1485 1547 1534 acceptari
1580 1498 1601 1522 a
1635 1486 1818 1522 fidelibus
1834 1497 1876 1520 20

501 1556 709 1595 tamquam
742 1559 825 1582 sua.
860 1547 936 1581 Sed
970 1558 1059 1581 cum
1085 1544 1278 1592 dyabolus
1307 1543 1489 1580 inmiscet
1518 1544 1557 1579 in
1587 1543 1818 1591 fragmentis

505 1606 630 1642 multa
681 1603 908 1653 periculosa
956 1604 1158 1649 dogmata,
1211 1614 1283 1638 nec
1328 1614 1371 1638 ex
1416 1602 1492 1638 fide
1539 1600 1818 1649 cognoscimus

503 1664 608 1712 quod
643 1662 739 1699 dicti
772 1660 897 1698 sancti
922 1673 1002 1697 non
1026 1660 1064 1696 in
1088 1659 1245 1707 scriptis
1269 1659 1348 1695 suis
1375 1660 1613 1703 defecerant,
1638 1659 1818 1708 capimus

503 1722 577 1758 ista
609 1729 817 1768 tamquam
852 1718 1077 1767 probabilia
1110 1718 1199 1766 plus
1230 1718 1290 1754 vel
1324 1717 1468 1754 minus.
1502 1719 1550 1753 Et
1583 1717 1699 1754 istam
1733 1729 1818 1753 sen-

503 1778 675 1816 tenciam
721 1790 814 1826 sepe
858 1777 1032 1813 inculcat
1083 1775 1327 1823 Augustinus
1373 1775 1412 1811 in
1456 1775 1613 1824 scriptis
1657 1775 1737 1811 suis
1782 1784 1819 1811 et
1836 1777 1875 1809 25

214 1846 281 1874 The
302 1845 425 1885 sayings
447 1844 481 1871 of
505 1837 675 1874 aliorum
693 1844 923 1872 sanctorum
944 1835 1043 1871 citra
1062 1843 1245 1871 auctores
1261 1833 1457 1882 scripture
1472 1846 1583 1870 sacre
1607 1842 1820 1881 quantum-

215 1882 406 1943 lateqasliiemftg
426 1888 470 1906 we
505 1906 661 1944 cunque
686 1907 829 1942 magna
852 1893 1063 1930 sanctitate
1086 1893 1351 1940 prepolleant.
1385 1894 1433 1927 Et
1456 1891 1545 1928 ideo
1569 1904 1658 1928 cum
1685 1891 1819 1927 fideles

269 1950 426 1982 m-obable.
505 1961 671 2002 possunt
720 1964 763 1988 ex
809 1950 1012 1999 evangelio
1053 1951 1263 1987 comedere
1307 1962 1451 1998 panem
1498 1949 1695 1998 integrum
1739 1961 1819 1985 non

505 2011 695 2047 infectum
742 2018 779 2047 et
830 2022 872 2046 ex
923 2009 1119 2056 scriptura
1172 2007 1294 2044 libere
1345 2020 1491 2056 aquam
1545 2009 1693 2044 claram
1740 2019 1819 2043 non

505 2069 721 2113 turbidam,
757 2068 922 2104 stultum
961 2067 1061 2103 foret
1094 2066 1201 2114 ipsos
1235 2067 1416 2102 deserere
1450 2074 1486 2101 et
1520 2065 1558 2101 in
1591 2064 1677 2101 aliis
1715 2064 1819 2112 peri-
1836 2067 1877 2100 30

506 2126 651 2164 culosis
684 2125 895 2162 sentenciis
928 2137 968 2161 se
1002 2124 1180 2165 miscere,
1228 2137 1316 2160 cum
1367 2124 1518 2160 Sathan
1562 2124 1672 2159 adest
1717 2122 1819 2158 inter

507 2184 610 2221 filios
639 2184 714 2220 Dei
748 2196 841 2231 sepe
874 2182 1078 2219 inculcans
1110 2194 1247 2218 verum
1282 2194 1371 2218 cum
1405 2180 1525 2222 falsis,
1562 2189 1598 2216 et
1630 2180 1685 2216 sic
1718 2180 1819 2228 frag-

508 2251 641 2279 menta
674 2241 870 2290 scripture
905 2241 1073 2277 collecta
1107 2239 1277 2276 fideliter
1309 2248 1399 2275 sunt
1433 2238 1471 2274 in
1512 2239 1666 2274 defectu
1706 2237 1819 2286 panis

507 2300 649 2348 integri
682 2300 942 2336 comedenda.
977 2300 1158 2344 Quorum
1193 2297 1362 2333 fidelitas
1395 2309 1437 2333 ex
1468 2297 1542 2332 hoc
1566 2295 1821 2344 cognoscitur

509 2359 615 2407 quod
650 2358 826 2394 relucent
859 2356 898 2392 in
931 2356 1092 2392 racione
1123 2354 1248 2391 vivaci
1280 2355 1340 2391 vel
1375 2354 1522 2390 directe
1555 2354 1713 2402 sapiunt
1744 2353 1876 2389 vir-35

508 2424 611 2452 tutes
644 2416 861 2452 secundum
897 2413 1119 2450 doctrinam
1155 2412 1246 2449 fidei
1285 2414 1391 2460 quod
1437 2412 1674 2460 relinquitur
1714 2410 1819 2447 fideli

509 2474 755 2510 noscendum
790 2484 832 2508 ex
865 2470 1072 2520 principiis
1112 2470 1204 2506 fidei
1241 2483 1312 2518 per
1350 2482 1389 2506 se
1428 2469 1566 2518 captis.
1607 2469 1646 2506 Si
1686 2477 1818 2505 autem

511 2544 554 2568 ex
594 2530 825 2568 curiositate
863 2537 1075 2574 scrutatur,
1115 2527 1282 2565 ulterior
1321 2528 1534 2564 difficultas
1572 2526 1821 2575 relinquatur

582 2673 601 2693 ι.
624 2666 651 2692 Α
672 2665 700 2692 in
722 2672 835 2699 marg:
857 2662 992 2690 Dubium
1015 2661 1194 2689 secundum.
1268 2670 1297 2695 4.
1314 2661 1335 2688 Β
1356 2661 1386 2688 in
1408 2669 1520 2695 marg:
1542 2660 1651 2688 Utrum
1674 2660 1761 2694 panis
1783 2659 1820 2686 sit

512 2700 635 2735 gravior
654 2698 833 2734 fragmentis
853 2698 902 2731 (al.
924 2697 1038 2731 manu).
1141 2696 1168 2723 6.
1192 2696 1228 2723 B:
1251 2704 1311 2723 non
1334 2696 1371 2723 sit
1391 2699 1490 2728 tutus3
1521 2695 1560 2722 C:
1583 2702 1643 2721 non
1666 2694 1708 2721 sic
1728 2699 1819 2720 totus.

514 2743 541 2769 ς).
565 2734 629 2761 HC:
652 2733 775 2761 salubri·
853 2741 885 2759 11.
901 2732 929 2759 A
948 2732 978 2758 in
1000 2739 1111 2766 marg:
1134 2730 1321 2766 Responsio:
1343 2731 1382 2757 ib.
1406 2731 1424 2755 Β
1447 2729 1476 2757 in
1498 2738 1608 2764 marg:
1630 2728 1820 2756 Auctoritate

513 2769 635 2804 gravior
655 2777 713 2804 que
733 2768 845 2795 veritas
866 2767 954 2793 debet
973 2766 1089 2793 censeri
1111 2774 1162 2800 pre
1184 2766 1250 2792 alia.
1325 2773 1362 2792 12.
1381 2764 1445 2792 BC:
1468 2768 1512 2791 est
1532 2763 1624 2790 deest.
1699 2763 1735 2790 15.
1754 2762 1818 2789 BC:

514 2803 601 2830 debet
621 2803 687 2837 capi
710 2811 744 2829 ex
765 2802 821 2829 fide
842 2801 1064 2828 convincimus.
1187 2809 1224 2835 17.
1248 2799 1310 2827 EC:
1333 2799 1409 2826 alios
1429 2799 1534 2825 eciam.
1638 2805 1678 2832 19.
1701 2798 1743 2824 A:
1767 2806 1820 2823 sua

513 2838 612 2870 decsn
633 2837 673 2864 ib.
695 2839 737 2864 A:
760 2837 873 2871 ipsum.
947 2834 989 2862 23.
1011 2835 1054 2862 A:
1076 2843 1111 2862 ex
1132 2834 1265 2870 scriptis.
1343 2841 1389 2867 24.
1412 2834 1456 2860 A:
1479 2833 1579 2869 istam:
1654 2832 1695 2859 25.
1718 2833 1761 2859 A:
1784 2831 1820 2858 de

513 2872 651 2907 scriptis:
678 2871 718 2898 ib.
740 2872 768 2898 A
788 2871 816 2898 in
839 2879 950 2905 marg:
973 2869 1175 2904 Augustinus.
1231 2868 1276 2902 34.
1300 2869 1342 2896 A:
1366 2869 1393 2895 in
1417 2868 1483 2895 hoc.
1539 2866 1586 2900 30,
1606 2865 1650 2902 37.
1672 2867 1714 2893 A:
1737 2866 1817 2901 quod

513 2906 693 2941 relinquitur
712 2921 745 2925 —-
766 2914 818 2941 per
839 2914 870 2932 se
890 2905 983 2933 deest.
