2017 3353
148 267 227 303 256

166 1081 218 1108 Yet
242 1082 288 1109 sot·
308 1080 344 1107 all
367 1080 401 1107 os

149 1117 230 1143 them
253 1125 268 1143 a
290 1116 372 1150 place
397 1115 421 1141 is

229 1152 279 1178 let‘t
299 1151 346 1177 for

189 1191 380 1221 repentaneus.

154 1774 254 1803 XVlien
281 1781 326 1800 we
350 1773 426 1800 have

165 1810 244 1837 done
265 1817 280 1835 a
301 1816 410 1843 wrong

162 1854 207 1871 we
228 1848 309 1870 must
331 1843 417 1870 make

163 1878 369 1907 satisfactionz
391 1882 421 1904 to

197 1913 265 1940 (jod
287 1914 344 1940 and
366 1913 391 1940 it·

155 1949 288 1983 possible
300 1953 330 1974 to
347 1955 427 1974 man.

687 271 912 303 ‚IOHANNIS
930 269 1115 302 WYCL1F
1133 268 1389 301 SERMONUM
1409 254 1560 312 [SERMO
1575 263 1742 295 xxxvm.
1797 244 1804 251 ’

434 378 473 414 in
518 378 593 414 isto
639 376 892 414 mendacium
933 375 1125 421 ficcionis,
1172 375 1265 423 quia
1305 375 1427 410 corda
1470 373 1627 409 intuens
1672 372 1745 409 erit

435 436 561 472 iudex.
608 436 685 480 Qui
719 443 845 471 autem
886 434 1031 470 dixerit
1069 433 1107 469 in
1146 433 1321 469 secundo
1360 433 1486 479 gradu
1515 431 1648 480 fratri
1677 443 1745 466 5110

435 495 566 530 Raclza
621 506 709 529 reus
761 493 833 528 erit
884 492 1054 537 consilio,
1118 500 1159 526 ut
1212 489 1497 538 dampnacioni
1555 498 1746 537 perpetue

435 554 660 600 deputetur.
696 551 762 586 Ille
796 559 929 586 autem
969 550 1074 585 ultra
1106 547 1357 585 iracundiam
1399 546 1542 583 mentis
1579 548 1746 583 abscon-

435 610 559 646 ditam
600 608 695 645 dicit
734 608 868 644 Racha
907 606 974 656 qui
1013 606 1241 655 prorumpit
1280 605 1319 641 in
1355 606 1475 641 verba
1508 604 1664 640 inutilia
1703 616 1748 640 ac
1789 607 1804 640 5

435 666 648 711 derisoria3
694 666 757 715 qui
786 673 911 701 autem
946 664 1071 701 tercio
1105 664 1250 701 dixerit
1271 665 1388 713 fatue
1420 662 1460 698 in
1491 663 1611 699 verba
1644 662 1747 698 blas-

436 725 592 774 phemie
643 725 703 761 vel
753 722 931 760 scandali
980 723 1284 770 prorumpendo
1335 734 1423 757 rens
1473 721 1546 757 erit
1596 720 1750 756 iehenne

435 784 549 834 ignis,
594 782 688 831 quia
733 783 780 818 de
825 780 894 818 tali
938 793 1018 816 non
1063 789 1222 828 oportet
1274 781 1378 815 nude
1431 779 1648 826 procedere
1700 778 1750 814 ad

435 841 641 886 iudicium,
675 848 718 876 ut
756 839 796 875 in
834 838 978 887 primo,
1025 850 1097 874 nec
1140 837 1352 874 indiffinite
1397 837 1604 873 consulere
1635 844 1678 871 ut
1711 835 1751 870 in

435 900 625 944 secundo,
679 899 748 934 sed
792 909 838 933 eo
882 896 970 945 ipso
1014 896 1138 932 fertur
1182 895 1221 931 in
1266 895 1397 943 ipsum
1443 892 1810 942 dampnacionism

435 956 637 994 sentencia
671 954 850 991 diffinite.
885 956 977 991 Ideo
1011 953 1107 990 dicit
1134 953 1314 990 Christus
1336 952 1502 989 Matthei
1526 954 1682 997 XV1110‚
1709 964 1750 998 7:

444 1017 493 1052 Ve
536 1015 678 1050 mundo
721 1014 767 1049 ab
811 1013 1016 1049 scandalis.
1054 1009 1057 1063 Ι
1094 1013 1170 1048 Sed
1217 1011 1310 1059 quia
1354 1010 1394 1046 in
1444 1010 1631 1046 omnibus
1676 1009 1750 1044 hiis
1771 990 1847 1068 5⁰¹}

436 1073 624 1121 gradibus
664 1080 721 1108 est
759 1070 948 1119 possibile
987 1069 1218 1118 resipiscere
1266 1078 1302 1105 et
1341 1068 1498 1114 salvari,
1539 1068 1628 1104 ideo
1678 1066 1753 1114 sig-

437 1140 577 1168 nanter
615 1130 655 1166 in
693 1128 880 1165 omnibus
919 1127 994 1164 hiis
1027 1127 1153 1163 tribus
1186 1126 1347 1163 additur
1381 1126 1513 1162 divina
1551 1124 1753 1162 sentencia

439 1191 485 1226 de
518 1189 665 1225 futuro.
690 1188 830 1224 Nullus
865 1186 969 1222 enim
993 1185 1122 1222 viator
1155 1194 1245 1221 ante
1270 1184 1389 1220 finem
1414 1196 1584 1232 peccans
1608 1192 1753 1228 mente,
1776 1186 1810 1219 15

437 1248 557 1284 verbo
590 1247 650 1282 vel
682 1257 803 1294 opere
827 1253 883 1281 est
909 1245 1150 1291 dampnatus
1179 1242 1428 1290 simpliciter,
1462 1241 1537 1278 nisi
1572 1242 1611 1278 in
1645 1240 1754 1277 finali

438 1303 723 1353 impenitencia
756 1310 1000 1351 perseveret3
1041 1301 1108 1338 alii
1142 1310 1275 1337 autem
1313 1301 1533 1337 secundum
1568 1299 1663 1348 quid
1694 1299 1756 1335 vel

438 1364 657 1400 secundum
712 1369 937 1410 presentem
994 1358 1193 1395 iusticiam
1249 1367 1339 1395 sunt
1390 1357 1523 1395 taliter
1574 1356 1753 1394 iudicati.

439 1423 609 1469 Oportet
654 1432 748 1468 ergo
792 1430 949 1455 servare
992 1417 1201 1454 caritatem
1247 1417 1297 1453 ad
1341 1416 1568 1464 proximum
1606 1416 1754 1452 nedum

440 1479 478 1515 in
512 1478 647 1515 anima
684 1479 754 1514 sed
792 1476 832 1512 in
863 1475 993 1512 verbis
1033 1484 1069 1511 et
1108 1487 1178 1523 per
1211 1486 1458 1522 consequens
1497 1482 1637 1510 contra
1669 1485 1754 1509 sen—
1772 1487 1814 1509 20

440 1536 613 1574 tenciam
646 1534 926 1584 phariseorum
966 1535 1113 1569 nedum
1147 1532 1336 1580 operacio
1369 1533 1437 1568 sed
1470 1541 1551 1568 tam
1591 1530 1755 1568 affeccio

441 1608 560 1644 quam
595 1593 752 1630 locucio
786 1601 843 1629 est
875 1592 1082 1636 servanda,
1118 1599 1154 1627 et
1186 1590 1311 1627 tercio
1344 1603 1424 1626 non
1456 1590 1585 1625 solum
1617 1601 1756 1625 caven-

442 1655 536 1689 dum
570 1665 592 1689 a
623 1651 752 1688 verbis
784 1649 1020 1698 improvidis
1054 1658 1090 1685 et
1122 1656 1456 1696 supereroganter
1484 1646 1651 1695 prolatis
1685 1648 1756 1682 hec

441 1712 660 1748 secundum
701 1708 885 1758 quintum
922 1708 1088 1743 verbum
1128 1705 1347 1754 spiritualis
1388 1704 1662 1741 misericordie
1702 1713 1759 1741 est

442 1767 722 1806 reconciliacio
754 1765 981 1802 iniuriantis
1014 1763 1185 1813 proximi
1218 1763 1421 1800 humiliter
1454 1764 1683 1811 expetenda.
1712 1764 1759 1798 Et
1777 1766 1815 1798 25

443 1840 532 1863 cum
565 1826 702 1862 omnia
740 1837 863 1873 opera
902 1835 977 1872 que
1016 1822 1162 1859 fuerint
1202 1831 1308 1858 extra
1343 1821 1552 1858 caritatem
1584 1821 1661 1857 sint
1695 1821 1760 1856 de-

445 1884 662 1930 meritoria,
697 1892 806 1932 patet
839 1883 947 1931 quod
981 1882 1103 1917 homo
1130 1881 1245 1916 debet
1267 1879 1509 1925 satisfacere,
1544 1888 1758 1926 antequam

444 1944 636 1991 procedat
681 1942 731 1977 ad
770 1953 870 1989 opus
916 1948 1272 1988 quantumcunque
1318 1939 1468 1973 bonum
1513 1938 1560 1973 de
1604 1948 1759 1984 genere.

444 2002 487 2037 Si
517 1996 685 2054 (inquit)
718 1999 834 2048 offers
866 2010 1002 2033 munus
1034 2005 1138 2032 tuum
1172 1997 1223 2031 ad
1254 1996 1379 2031 altare
1404 2003 1439 2031 et
1460 1995 1511 2030 ibi
1533 1995 1762 2030 recordatus

432 2059 566 2108 fueris
604 2058 705 2107 quod
741 2057 951 2105 quicunque
976 2055 1116 2104 frater
1154 2062 1240 2090 tuus
1278 2054 1390 2089 habet
1424 2061 1588 2100 propter
1621 2065 1760 2100 quam-
1777 2055 1818 2087 30

444 2129 600 2165 cunque
644 2127 806 2152 causam
850 2113 996 2162 aliquid
1032 2120 1166 2148 contra
1205 2119 1252 2157 te,
1292 2123 1401 2147 cessa
1445 2112 1494 2146 ab
1533 2110 1601 2146 illo
1640 2121 1761 2157 opere

445 2174 571 2211 eciam
610 2175 658 2210 ab
696 2172 905 2209 oblacione
938 2179 1294 2219 quantumcunque
1328 2167 1536 2216 displiceat
1569 2167 1762 2216 phariseis

446 2242 482 2268 et
515 2233 576 2268 fac
608 2230 928 2268 satisfaccionem
962 2231 1046 2265 Deo
1080 2237 1116 2264 et
1149 2226 1301 2264 homini
1334 2238 1404 2274 per
1428 2238 1547 2274 quam
1573 2224 1762 2262 merearis

447 2288 821 2326 reconciliacionem
855 2296 892 2324 et
925 2286 1132 2335 spirituale
1165 2284 1409 2321 adiutorium
1443 2283 1576 2319 fratris
1608 2283 1677 2319 tui.
1712 2283 1763 2318 Et

445 2356 533 2383 tunc
565 2346 789 2383 fortificatis
813 2343 1122 2393 cooperantibus
1146 2343 1296 2379 veniens
1319 2343 1455 2390 offeres
1479 2354 1615 2377 munus
1637 2349 1764 2380 tuum:
1780 2344 1819 2376 35

444 2405 535 2442 licet
559 2404 664 2441 enim
698 2403 908 2440 iniuriatus
937 2403 987 2439 sit
1010 2410 1204 2446 mortuus,
1231 2400 1380 2436 distans
1403 2400 1463 2435 vel
1486 2398 1762 2443 intractabilis,

445 2473 578 2500 tamen
612 2465 717 2498 Deus
750 2462 816 2510 qui
850 2470 907 2498 est
929 2471 1091 2508 presens
1114 2459 1261 2506 ubique
1285 2458 1390 2494 ultra
1413 2457 1607 2493 stulticias
1630 2456 1762 2504 phari-

515 2641 543 2663 o.
573 2631 611 2658 B:
641 2629 898 2658 indifficultative:
932 2628 972 2656 C:
1004 2628 1033 2655 in
1064 2627 1284 2654 difficultatem.
1395 2624 1432 2653 13.
1461 2625 1526 2653 BC:
1558 2624 1697 2651 resistere
1724 2628 1760 2650 et.

447 2674 492 2694 20.
514 2665 557 2694 A:
580 2670 685 2693 contra
707 2664 800 2691 deest.
856 2662 898 2690 23.
921 2662 986 2689 BC:
1010 2663 1136 2697 prolatis
1158 2662 1212 2688 hec
1233 2662 1325 2688 deest.
1382 2661 1424 2688 25.
1442 2661 1463 2687 B
1484 2661 1513 2687 in
1536 2667 1648 2694 marg:
1670 2658 1760 2685 Nota.

447 2704 491 2729 28.
514 2703 556 2728 A:
579 2699 734 2736 procedit:
763 2698 803 2725 ib.
826 2698 891 2725 BC:
920 2697 948 2724 in
971 2706 1059 2738 qpus.
1151 2696 1193 2723 32.
1217 2696 1282 2723 BC:
1312 2700 1338 2722 et
1359 2696 1406 2722 ab.
1497 2694 1539 2722 35.
1562 2694 1627 2721 BC:
1655 2693 1757 2719 otl‘ers.

448 2736 493 2763 313.
517 2736 582 2763 BC:
605 2735 685 2762 enim
709 2734 803 2761 deest.
877 2731 920 2765 37.
943 2732 1010 2759 HL:
1031 2736 1075 2758 est
1097 2731 1198 2760 deest:
1220 2731 1260 2757 ib.
1282 2731 1325 2757 A:
1349 2729 1484 2756 ubilibet.

517 2841 548 2872 8.
589 2841 639 2873 Cf.
680 2840 780 2882 Opus
820 2839 985 2880 Evangel.
1026 2838 1099 2870 sive
1138 2838 1180 2869 de
1219 2836 1434 2868 Antichristo
1476 2833 1592 2878 (ΜΒ.)
1638 2833 1695 2864 lib.
1739 2833 1760 2870 Ι,

449 2899 522 2932 cap.
540 2887 720 2919 XXXVIII.
773 2895 824 2926 24.
842 2886 1014 2925 ‘quintum
1034 2884 1193 2915 verbum’
1212 2884 1232 2915 i.
1247 2893 1274 2914 e.
1296 2881 1434 2914 remitte
1454 2882 1497 2912 cf.
1517 2891 1593 2923 pag,
1611 2880 1712 2920 2481.
1728 2889 1760 2919 4.
