2017 3353
198 274 334 303 si-:Rmo
356 265 419 323 rr]
703 281 841 313 PRIMA
869 281 996 314 PARS.

196 393 367 420 noscunt
406 387 513 434 quod
553 386 718 423 virtutes
762 387 915 435 singule
959 390 1179 425 secundum
1222 402 1313 426 suas
1360 391 1511 438 species

197 450 288 477 sunt
321 455 507 479 connexe.
532 445 579 479 Et
612 444 703 480 hinc
736 444 918 481 Christus
951 454 1033 482 tarn
1069 448 1209 483 crebro
1243 447 1423 495 increpat
1456 448 1513 484 in-

197 498 430 536 fidelitatem
485 512 521 537 et
574 504 832 539 commendat
885 503 1018 540 iidem.
1083 505 1125 540 Si
1175 505 1315 549 credis,
1370 505 1510 553 inquit,

195 557 320 593 omnia
354 559 552 607 possibilia
590 567 677 596 sunt
715 561 896 597 credenti.
942 563 989 597 Et
1035 563 1242 609 apostolos
1282 563 1512 599 deficientes

162 618 216 650 5a
240 627 335 651 cura
369 617 595 653 demoniaci
624 617 844 666 increpavit
882 631 1030 655 vocans
1053 621 1347 669 generacionem
1388 621 1510 657 incre-

195 673 338 708 dulam.
381 673 428 709 Et
466 674 558 711 hinc
591 685 830 723 rogaverunt
864 678 969 713 Luce
1001 678 1125 713 XV110
1160 678 1363 714 Christum
1404 680 1510 727 quod

193 739 336 780 augeat
368 732 444 768 illis
463 732 601 782 fidem.
626 735 674 769 Et
706 742 815 782 patet
848 734 923 771 ista
958 735 1126 772 materia
1159 735 1283 772 Marci
1317 738 1402 782 X10‚
1439 737 1510 773 23:

195 788 237 823 Si
267 789 349 837 quis
382 790 526 826 dixerit
564 791 685 827 monti
719 792 806 827 huic
838 793 975 829 tollere
1012 801 1047 829 et
1086 794 1236 830 mittere
1268 795 1303 830 in
1337 807 1445 830 mare
1477 802 1510 830 et

193 858 265 881 non
304 847 528 884 hesitaverit
565 848 601 884 in
640 850 758 886 corde
796 863 863 886 suo
901 852 969 886 sed
1007 852 1231 897 crediderit,
1270 852 1356 901 quia
1391 853 1509 901 quod-

138 919 177 940 10
193 915 337 952 cunque
380 906 526 941 dixerit
556 907 632 956 fiet
675 907 717 943 ei.
764 909 841 944 Sed
886 908 995 944 illam
1042 909 1287 946 sentenciam
1329 910 1510 946 derident

193 961 415 1009 sophistici,
456 976 547 1000 cum
588 963 723 1001 dicant
763 967 870 1014 quod
910 975 1068 1003 constat
1107 967 1216 1003 illam
1265 968 1510 1015 experimen-

191 1019 324 1056 taliter
362 1033 448 1058 esse
486 1022 642 1058 falsam.
683 1023 742 1059 Illi
781 1033 915 1060 autem
961 1024 1141 1061 infideles
1186 1025 1371 1073 ignorant
1413 1026 1508 1074 quid

191 1077 241 1113 sit
274 1078 589 1127 experimentum
630 1080 723 1129 quia
755 1081 862 1118 iuxta
896 1082 1020 1119 dicta:
1061 1082 1101 1119 Si
1136 1083 1223 1132 quis
1263 1083 1510 1120 infructuose

189 1135 250 1171 vel
288 1138 521 1185 temptative
561 1138 617 1174 sic
657 1139 810 1185 dixerit,
851 1140 985 1176 deficit
1018 1153 1039 1177 a
1073 1141 1150 1177 fide
1183 1150 1220 1177 et
1260 1142 1315 1178 sic
1350 1142 1506 1178 hesitat.

137 1195 448 1242 15Evange1ium
476 1205 609 1232 autem
635 1197 741 1245 capit
765 1199 837 1233 sub
862 1198 1099 1235 condicione
1124 1200 1232 1248 quod
1261 1212 1341 1236 non
1367 1200 1508 1236 hesitet

191 1261 227 1287 et
272 1252 328 1288 sic
373 1253 404 1289 si
449 1255 625 1302 perfecta
669 1255 746 1291 fide
796 1256 969 1292 formata
1014 1258 1283 1306 quodcunque
1334 1257 1508 1294 factibile

190 1310 404 1347 crediderit
455 1312 683 1349 necessario
736 1313 803 1350 fiet
857 1314 903 1350 ei.
957 1316 1014 1350 De
1058 1314 1329 1351 translacione
1373 1325 1507 1352 autem

190 1368 394 1404 moncium
440 1369 480 1405 in
525 1383 635 1407 mare
677 1381 844 1408 narrant
896 1372 1054 1408 cronice
1109 1375 1315 1421 quomodo
1370 1374 1506 1410 fideles

188 1425 295 1473 ipsas
348 1426 534 1474 fecerint;
588 1430 656 1464 sed
709 1428 970 1477 intelligendo
1025 1443 1095 1478 per
1149 1440 1306 1467 montes
1355 1433 1506 1467 mundo

131 1498 172 1520 20
188 1485 382 1532 superbos
427 1494 465 1521 et
509 1486 610 1522 altos
651 1495 688 1523 et
726 1500 796 1535 per
836 1501 946 1524 mare
985 1488 1117 1524 locum
1158 1489 1420 1526 contricionis
1460 1490 1507 1525 de

188 1541 367 1589 crimine,
413 1552 566 1580 certum
601 1553 659 1580 est
692 1547 800 1593 quod
833 1546 1007 1593 apostoli
1041 1556 1077 1583 et
1110 1547 1177 1583 alii
1217 1547 1353 1583 fideles
1394 1560 1506 1595 roga-

188 1609 278 1636 runt
324 1614 396 1648 pro
442 1602 702 1639 conversione
747 1603 887 1640 talium
939 1613 976 1640 et
1028 1605 1159 1641 fiebat.
1215 1607 1362 1641 Sensus
1416 1605 1506 1642 talis

188 1658 414 1705 rogacionis
448 1669 506 1696 est
539 1660 812 1708 pertinencior
845 1662 1050 1709 evangelio
1090 1676 1210 1711 quam
1250 1663 1373 1711 prior.
1415 1664 1506 1699 Ideo

187 1717 430 1752 credendum
477 1726 534 1754 est
578 1720 798 1755 secundum
849 1720 1097 1767 evangelium
1144 1723 1248 1757 Luce
1291 1722 1429 1767 XV110,
1483 1723 1505 1757 6

130 1777 169 1809 25
187 1775 294 1821 quod
340 1774 437 1810 fides
483 1775 610 1812 fidelis
655 1776 704 1812 sit
748 1786 792 1813 ut
836 1790 1005 1825 granum
1050 1778 1231 1827 synapis:
1277 1779 1330 1823 Si,
1364 1779 1505 1827 inquit,

186 1832 396 1869 habueritis
422 1833 548 1882 fidem
589 1842 628 1870 ut
664 1848 834 1885 granum
874 1836 1050 1887 synapis,
1084 1837 1216 1873 dicetis
1248 1837 1334 1873 huic
1373 1837 1509 1873 arbori

186 1902 295 1925 moro
327 1891 531 1928 eradicare
562 1899 597 1928 et
629 1894 920 1942 transplantare
947 1894 983 1929 in
1007 1907 1128 1940 mare,
1161 1902 1195 1930 et
1218 1895 1363 1931 obediet
1388 1895 1503 1931 vobis.

185 1948 343 1996 Synape
382 1949 488 1985 enim
527 1952 747 1986 secundum
787 1952 989 1988 naturales
1036 1961 1072 1988 et
1111 1952 1401 2001 experieneiam
1447 1962 1505 1989 est

186 2018 322 2042 semen
355 2008 403 2042 de
436 2020 515 2056 quo
550 2008 749 2045 medicina
774 2023 846 2057 pro
870 2010 1044 2058 paralysi
1069 2012 1298 2058 adaptatur.
1332 2011 1380 2046 Et
1414 2010 1503 2047 ideo

129 2066 170 2099 30
185 2063 389 2111 signanter
428 2074 569 2102 auctor
607 2076 749 2103 nature
784 2077 993 2115 comparat
1026 2068 1304 2105 infidelitatem
1339 2068 1503 2117 paralisi

185 2130 222 2157 et
259 2135 428 2170 granum
470 2124 631 2172 synapis
672 2125 775 2161 fidei.
822 2128 865 2162 In
903 2126 1050 2162 talibus
1095 2126 1201 2162 enirn
1248 2127 1504 2163 sensibilibus

184 2182 459 2228 comparanda
506 2191 564 2218 est
607 2191 693 2219 tota
736 2183 930 2219 naturalis
977 2184 1235 2232 philosophia
1288 2184 1502 2221 mixtorum

182 2238 243 2273 vel
297 2237 540 2286 simplicium
595 2253 826 2289 corporum,
888 2241 990 2278 sicut
1042 2251 1152 2290 patet
1207 2242 1504 2290 particulariter

183 2295 478 2333 considerando
517 2307 682 2335 naturas
725 2300 867 2336 harum
909 2300 1124 2336 herbarum
1166 2309 1202 2337 et
1236 2300 1502 2349 proprietates

127 2356 166 2388 35
182 2353 378 2401 paralysis
412 2355 647 2403 spiritualis.

241 2412 355 2447 Unde
393 2424 486 2460 sepe
530 2413 570 2450 in
614 2415 819 2462 evangelio
865 2429 1029 2463 regnum
1077 2417 1255 2453 celorum
1296 2419 1403 2465 quod
1444 2426 1502 2453 est

182 2469 350 2506 ecclesia
384 2483 502 2519 quam
539 2472 722 2508 Christus
754 2483 870 2509 vocat
910 2473 1100 2522 pusillum
1140 2487 1299 2522 gregem
1339 2488 1502 2522 compa-

182 2536 292 2563 ratur
324 2540 449 2575 grano
482 2529 656 2577 synapis.
692 2532 806 2567 Unde
840 2533 944 2568 Luce
976 2533 1082 2568 ΧΙΙΙ0
1123 2532 1329 2569 scribitur:
1371 2533 1503 2568 Simile

251 2660 274 2688 5.
295 2661 339 2688 A:
361 2661 508 2697 increpat.
620 2684 624 2689 .
647 2663 688 2691 C:
709 2664 752 2691 eis
772 2664 874 2692 fidem.
973 2674 1000 2701 9.
1022 2667 1065 2693 A:
1089 2674 1144 2693 suo
1165 2671 1203 2693 et.
1305 2674 1346 2693 10.
1367 2666 1411 2693 A:
1433 2667 1500 2699 fiat:

181 2694 220 2721 ib.
242 2695 264 2722 B
286 2695 315 2722 in
338 2704 450 2731 marg:
472 2697 569 2725 Monti
591 2672 691 2725 eiicere
711 2698 788 2725 iacta
809 2703 835 2726 te
856 2699 886 2726 in
908 2707 992 2727 mare
1012 2700 1085 2735 quid
1107 2705 1162 2727 est.
1227 2709 1267 2727 11.
1289 2701 1334 2728 A:
1355 2708 1424 2727 cum
1447 2701 1499 2728 sic.

182 2729 218 2757 15.
240 2730 285 2757 A:
307 2735 358 2757 aut
378 2732 469 2766 capit.
519 2740 526 2759 1
555 2753 560 2758 .
582 2734 626 2760 A:
648 2733 685 2760 Et
706 2733 921 2768 intelligendo:
942 2735 982 2761 ib.
999 2735 1020 2762 B
1042 2735 1071 2762 in
1094 2743 1209 2771 marg:
1231 2734 1322 2762 Nota.
1370 2743 1416 2762 20.
1433 2735 1499 2762 BC:

182 2770 209 2791 et
229 2765 322 2792 deest.
440 2774 484 2793 22.
507 2767 528 2793 B
546 2766 573 2794 ἐ
594 2768 844 2795 conversacione.
958 2769 1001 2801 25,
1023 2770 1070 2796 26.
1092 2771 1136 2796 A:
1159 2770 1190 2797 si
1212 2786 1245 2788 —
1266 2770 1383 2804 sinapis
1404 2770 1498 2797 deest.

181 2799 228 2826 26.
250 2801 294 2826 A:
317 2800 446 2834 diceret:
468 2801 535 2828 BC:
557 2801 708 2829 discretis.
782 2811 826 2838 27.
848 2803 966 2831 Codd.:
988 2805 1135 2831 obediret.
1210 2806 1256 2831 28.
1278 2805 1323 2832 A:
1345 2804 1497 2840 Synapis;

182 2833 248 2861 ssC:
270 2843 364 2869 grana
386 2836 502 2870 sinapis
523 2837 623 2863 valent
642 2841 747 2863 contra
769 2838 937 2871 paralisim.
1046 2838 1089 2866 32.
1111 2840 1155 2865 A:
1184 2839 1347 2873 aperienda
1369 2844 1429 2872 est:
1458 2839 1498 2866 C:

182 2870 395 2903 comparandi.
503 2870 548 2898 36.
571 2871 593 2898 B
614 2871 643 2898 in
666 2880 780 2907 marg:
810 2872 947 2899 Granum
978 2873 1094 2908 sinapis
1122 2882 1214 2908 quare
1243 2882 1336 2908 regno
1363 2874 1497 2901 celorum

182 2909 390 2938 comparatur.
464 2904 508 2940 37,
530 2904 575 2933 38.
597 2906 638 2934 C:
660 2911 830 2942 comparat.

1296 2956 1367 2989 22*

1536 1323 1614 1350 How
1635 1324 1708 1350 saith
1732 1324 1785 1351 has·

1606 1359 1714 1397 moved

1567 1398 1753 1420 mountams.

1590 1960 1725 1988 Mustaffl

1550 1996 1711 2022 medicinal
1734 2001 1764 2022 to

1579 2031 1738 2066 paralysis.
