2017 3353
256 275 391 303 SERMO
411 263 480 321 x1.]
763 275 902 307 PRIMA
925 274 1048 306 PARS.

258 391 347 419 rant
378 380 545 418 onerati.
580 383 628 416 Et
661 388 828 416 metrete
852 379 1031 427 predicte
1055 378 1188 425 alique
1218 386 1330 414 erant
1353 377 1571 414 cerimonie

257 439 479 477 laudabiles
512 451 611 486 quas
644 439 802 486 Moyses
834 436 1007 474 instituit
1041 446 1079 473 et
1112 435 1245 483 alique
1278 436 1447 471 infames
1472 449 1572 483 quas

258 497 432 546 pharisei
485 495 687 545 posterius
731 496 967 531 invenerunt
1013 495 1073 542 (ut
1116 502 1225 541 patet
1259 493 1428 530 Matthei
1473 493 1571 543 XV).

257 555 564 592 Architriclinus
598 562 731 591 autern
765 552 833 601 qui
867 553 1000 600 primo
1035 551 1213 600 gustavit
1245 552 1320 588 hoc
1354 551 1490 587 vinum
1535 561 1572 588 et

224 613 436 653 §laudavit
469 621 528 649 est
561 612 760 658 Christus,
794 623 886 647 cum
921 610 1005 658 ipse
1039 609 1090 646 sit
1121 609 1356 657 principalis
1392 618 1429 645 et
1452 619 1573 657 caput

257 671 385 708 tocius
409 670 588 708 ecclesie.
622 672 703 706 Nec
731 670 847 706 obest
878 669 986 716 quod
1019 667 1105 716 ipse
1128 668 1350 704 secundum
1384 677 1571 704 naturam

257 729 460 777 duplicem
494 728 545 765 sit
578 727 706 765 factor
739 726 924 764 miraculi
958 736 995 763 et
1043 735 1240 774 gustator.
1303 726 1390 773 Ipse
1435 735 1571 762 autem

258 797 373 824 vocat
407 787 585 824 animam
620 786 755 823 dicens
790 784 866 822 sibi
900 785 1108 833 quomodo
1147 784 1355 820 mundana
1387 783 1571 832 gustacio

258 855 316 882 est
368 845 496 882 dulcis
549 844 590 881 in
634 843 834 892 principio
879 843 949 879 sed
993 842 1034 878 in
1079 842 1156 878 fine
1201 851 1259 878 est
1305 854 1443 878 amara
1475 842 1573 877 sicut

203 920 242 941 10
258 903 502 941 absinthium.
564 905 740 939 Econtra
772 911 831 939 est
864 911 1000 938 autern
1034 900 1075 936 in
1108 899 1196 937 istis
1229 899 1404 948 nupciis.
1437 899 1572 936 Eccle-

259 961 319 998 sia
351 971 487 998 autem
527 960 750 997 christiana
795 959 1033 996 convivatur
1076 958 1117 994 in
1161 957 1356 1005 triclinio,
1409 957 1506 1006 quia
1550 971 1571 994 a

257 1019 512 1068 possessione
541 1018 831 1066 temporalium
856 1017 1047 1064 elevatur,
1073 1016 1230 1053 dicente
1253 1016 1439 1064 apostolo
1462 1017 1571 1064 quod

259 1090 329 1114 sua
360 1078 606 1114 conversacio
650 1084 705 1113 est
752 1078 787 1112 in
821 1076 914 1123 celo,
949 1087 1021 1111 nec
1054 1074 1196 1111 habuit
1230 1074 1417 1111 Christus
1451 1073 1569 1110 istam

256 1136 448 1173 virtutem
495 1135 732 1172 humanitus
778 1136 845 1171 sed
890 1134 1112 1170 secundum
1154 1142 1342 1169 naturam
1377 1132 1569 1169 alciorem

204 1200 240 1231 15
258 1207 380 1243 quam
427 1202 679 1231 contraxerat
725 1193 772 1229 de
806 1191 949 1229 Maria.
1013 1192 1089 1228 Sed
1142 1190 1313 1227 ulterius
1360 1190 1572 1227 dubitatur

257 1253 464 1301 quomodo
498 1251 695 1300 religiosis
729 1250 879 1287 nostris
904 1249 954 1286 sit
979 1249 1136 1286 licitum
1160 1249 1360 1296 limphare
1384 1261 1455 1296 per
1477 1260 1571 1284 suas

259 1310 504 1347 tradiciones
538 1309 718 1346 adiectas
751 1308 889 1345 vinum
933 1317 1014 1345 tam
1050 1320 1210 1355 purum.
1274 1309 1354 1344 Nec
1399 1305 1569 1342 dubium

259 1370 319 1416 (ut
372 1381 464 1416 sepe
508 1367 661 1405 dictum
703 1368 777 1416 est)
822 1367 931 1415 quod
976 1366 1050 1402 hoc
1095 1365 1201 1412 sapit
1234 1365 1406 1402 heresim
1441 1363 1570 1401 mani-

258 1427 414 1463 festam.
477 1428 578 1464 Nam
619 1426 757 1475 regula
795 1437 917 1474 quarn
952 1423 1126 1472 pharisei
1160 1423 1287 1460 nostri
1321 1423 1572 1460 tradiderant

201 1502 242 1523 20
259 1494 317 1521 est
350 1497 456 1534 aqua
488 1484 603 1533 peior
636 1494 673 1522 et
706 1483 867 1533 gravior
891 1495 1014 1531 quam
1039 1494 1145 1530 aqua
1168 1491 1358 1518 contenta
1382 1481 1422 1517 in
1445 1480 1571 1529 ydriis

257 1543 402 1580 veteris
435 1542 682 1590 testamenti,
706 1542 803 1591 quia
834 1541 893 1592 (ut
923 1540 1127 1577 naturales
1160 1537 1322 1593 notant)
1356 1552 1435 1576 una
1468 1551 1575 1588 aqua

260 1601 415 1650 reliqua
445 1611 503 1639 est
530 1601 690 1650 gravior
719 1601 795 1637 hoc
817 1608 983 1648 propter
1015 1599 1126 1647 quod
1149 1597 1458 1635 habundancius
1482 1610 1573 1634 cum

258 1659 437 1696 terrestri
472 1659 643 1696 materia
673 1657 972 1695 commiscetur.
997 1659 1141 1693 Nostre
1170 1666 1305 1693 autem
1330 1655 1574 1693 tradiciones

259 1717 349 1765 plus
383 1717 547 1766 sapiunt
580 1717 738 1754 lucrum
785 1726 989 1753 terrenum
1037 1725 1074 1752 et
1108 1714 1398 1762 spoliacionem
1434 1713 1573 1761 populi

203 1783 240 1814 25
260 1788 382 1824 quarn
416 1775 664 1812 tradiciones
698 1774 923 1822 pharisaice
968 1773 1245 1822 antiquorum,
1315 1774 1395 1809 Nec
1440 1772 1572 1808 solum

260 1843 546 1871 contentamur
585 1835 632 1870 de
666 1845 731 1869 sex
762 1832 887 1881 ydriis
921 1833 989 1868 sed
1024 1832 1320 1879 profundamus
1351 1831 1571 1867 secundum

260 1891 479 1939 ampliores
512 1904 703 1928 numeros
738 1890 1009 1938 imperfectos,
1044 1899 1088 1926 ut
1122 1899 1233 1937 patet
1279 1890 1326 1925 de
1372 1887 1573 1936 religiosis

260 1949 407 1997 privati
452 1950 620 1988 ordinis.
683 1949 855 1985 Videtur
898 1961 991 1996 ergo
1037 1948 1146 1996 quod
1180 1947 1368 1994 pincerne
1409 1945 1575 1983 ecclesie

260 2007 330 2056 qui
364 2008 583 2056 propinant
615 2009 718 2044 hanc
749 2019 922 2054 vappam
957 2006 1013 2043 sic
1038 2005 1278 2053 limphatam
1302 2004 1401 2053 quin
1434 2003 1574 2052 pocius

204 2073 244 2104 30
260 2079 408 2115 aquarn
443 2066 647 2103 turbidam
682 2065 738 2102 sic
770 2075 1003 2113 gravantem
1037 2063 1123 2100 sine
1156 2063 1400 2100 auctoritate
1425 2061 1574 2099 Christi

262 2124 427 2161 indubie
459 2124 540 2162 sint
573 2123 784 2171 blasfemi3
829 2133 866 2160 et
911 2136 1002 2159 cum
1049 2121 1309 2159 consenciens
1348 2120 1476 2157 heresi
1524 2120 1575 2156 sit

261 2182 302 2218 in
336 2184 474 2219 eadem
521 2181 829 2231 dampnacione,
883 2181 1044 2217 videtur
1088 2181 1198 2229 quod
1241 2191 1381 2216 omnes
1427 2178 1574 2227 privati

261 2240 422 2277 ordines
454 2241 514 2277 vel
549 2253 688 2277 eorum
723 2253 815 2288 pars
849 2239 1007 2287 plurior
1038 2238 1089 2275 sit
1118 2237 1391 2286 dampnabilis
1415 2250 1458 2273 ex
1481 2249 1575 2273 con-

261 2311 395 2338 sensu.
421 2300 523 2335 Cum
549 2299 655 2335 enim
690 2299 770 2335 sint
805 2310 869 2334 sex
902 2297 1053 2345 species
1086 2309 1323 2334 consensus:
1359 2295 1575 2332 defendens

205 2363 243 2396 35
263 2365 300 2393 et
332 2357 600 2404 auctorizans,
635 2367 673 2394 et
707 2356 844 2394 iuvare
882 2369 953 2403 per
987 2354 1341 2403 reprehensionem
1366 2353 1574 2399 omittens,

263 2427 353 2452 cum
388 2416 534 2452 habeat
567 2415 773 2461 interesse,
819 2424 878 2451 est
924 2413 1050 2462 magis
1096 2412 1371 2459 consenciens,
1416 2412 1577 2448 videtur

262 2474 371 2522 quod
406 2472 585 2521 religiosi
618 2473 747 2510 nostri
781 2472 1003 2520 culpabiles
1037 2471 1077 2507 in
1111 2471 1188 2508 hiis
1233 2470 1365 2508 tribus
1408 2482 1574 2507 consen—

333 2595 358 2625 3.
379 2597 423 2625 C:
445 2603 504 2631 que
525 2597 678 2631 pharisei;
700 2597 745 2624 Ax
767 2596 902 2632 preteriti
923 2597 1117 2624 invenerunt.
1192 2593 1219 2621 8.
1240 2594 1289 2621 A:
1306 2593 1435 2621 Gustor.
1490 2592 1526 2620 15.
1546 2594 1574 2620 A

264 2634 294 2660 in
315 2640 435 2667 marg:
457 2632 613 2665 Dubium;
638 2632 670 2659 B.
691 2632 724 2659 in
748 2640 860 2667 marg:
885 2630 1027 2667 Questio.
1104 2638 1145 2666 ¹9·
1167 2630 1212 2657 A:
1234 2630 1382 2664 regulam.
1434 2628 1480 2655 26.
1502 2629 1522 2654 Β
1545 2629 1574 2654 in

264 2676 379 2701 marg:
418 2667 462 2694 De
495 2667 698 2703 apposicione
729 2667 939 2694 tradicionum
974 2674 1069 2702 supra
1103 2667 1202 2699 legem
1236 2663 1363 2691 Christi.
1466 2661 1504 2690 31.
1526 2664 1573 2690 A:

265 2710 336 2729 cum
360 2702 454 2729 deest.
581 2701 622 2730 35.
644 2702 691 2729 Cf.
713 2701 908 2737 Trialogum‚
931 2709 1001 2737 pag.
1018 2702 1089 2735 307:

404 2735 564 2765 Consentit
581 2744 726 2772 opertum,
748 2735 928 2777 defendens,
949 2736 1109 2763 consilium
1129 2735 1215 2767 dans.

404 2774 445 2800 Ac
464 2772 669 2809 auctorizans,
690 2779 749 2798 non
770 2779 877 2799 mvans
896 2779 953 2799 nec
970 2770 1209 2807 reprehendens.

339 2891 389 2913 10.
419 2880 518 2911 Prov.
546 2880 586 2919 V,
612 2890 646 2919 4.
746 2879 795 2912 13.
825 2878 911 2911 Phil.
939 2879 994 2920 111,
1023 2889 1074 2910 20.

1805 278 1857 316 77

1600 1427 1667 1455 Our
1688 1427 1850 1456 Pliarisees

1589 1470 1639 1490 are
1661 1470 1761 1490 worse
1788 1465 1861 1491 than

1620 1499 1707 1526 those
1727 1497 1762 1525 of
1779 1500 1828 1526 the

1652 1534 1703 1561 old
1726 1534 1801 1566 law3
