2057 3353
113 1205 188 1243 ¹42⁸

111 1154 184 1186 F01·
622 1154 878 1208 PRIMA
922 1157 1143 1211 PARS.

761 1343 956 1384 SERMO
990 1345 1019 1387 Ι.

290 1469 385 1508 Cum
408 1472 756 1522 appropinquasset
777 1473 888 1510 Jesus
910 1475 1154 1512 Jerosolimis
1177 1483 1212 1512 et
1237 1476 1399 1513 venisset
1421 1477 1541 1514 Beth-

215 1529 326 1580 fage
348 1531 399 1566 ad
421 1539 586 1567 montem
615 1530 768 1575 Oliveti,
791 1539 880 1568 tunc
905 1533 1007 1569 misit
1031 1534 1127 1570 duos
1150 1546 1200 1570 ex
1223 1534 1422 1583 discipulis
1444 1536 1536 1572 suis.

226 1588 394 1624 Matthei
424 1590 559 1635 XXXI,
601 1601 632 1625 1.

192 1654 208 1686 5
284 1646 451 1683 Constat
496 1659 540 1683 ex
581 1648 787 1696 evangelio
833 1650 942 1697 quod
994 1649 1121 1686 tribus
1161 1650 1314 1687 vicibus
1355 1645 1827 1709 (Σὴτίεωεὸξὲἔὲξξῗξὲξὲξ

227 1704 387 1740 advenit
421 1704 675 1741 humanitus:
717 1706 850 1754 primo
884 1716 1052 1755 propter
1085 1707 1433 1755 incarnacionem,
1478 1702 1829 1755 se-natiop,{›assi011‚

227 1763 359 1798 cundo
383 1771 549 1810 propter
570 1763 801 1811 passionem
825 1775 863 1801 et
887 1766 1013 1802 tercio
1035 1776 1201 1813 propter
1223 1766 1384 1803 finalem
1404 1780 1537 1804 remu·
1565 1752 1624 1779 ΙΝ
1642 1753 1816 1786 Judgmem.

226 1820 503 1868 neracionem3
545 1830 582 1857 et
618 1822 674 1858 sic
712 1835 871 1870 semper
905 1823 1070 1860 advenit
1105 1833 1148 1860 ut
1179 1824 1381 1874 dominus,
1423 1825 1537 1861 retri-

227 1878 388 1914 buendo
424 1878 557 1927 egenis
599 1879 755 1927 generis
792 1881 853 1917 sui
885 1881 1136 1929 suffragium,
1173 1891 1211 1918 et
1240 1895 1448 1930 nunquam
1485 1884 1537 1920 ad

170 1955 208 1975 10
226 1947 365 1972 eorum
390 1937 632 1985 temporalia
656 1937 910 1985 rapiendum.
945 1941 1002 1976 De
1033 1940 1166 1977 medio
1197 1949 1332 1977 autem
1358 1942 1536 1980 adventu

224 2002 362 2030 narrat
382 1995 458 2031 hoc
483 1996 750 2044 evangelium.
776 1997 957 2034 Primum
982 2007 1117 2034 autern
1141 1999 1358 2035 adventum
1384 1999 1535 2035 Christi

225 2051 426 2089 credimus
462 2063 655 2102 tanquam
700 2055 936 2102 preteritum
980 2066 1018 2093 et
1064 2057 1233 2093 tercium
1276 2056 1317 2092 in
1358 2069 1428 2105 spe
1470 2069 1534 2095 ex-

223 2119 452 2157 spectamus
485 2120 528 2147 ut
562 2112 755 2159 futurum,
798 2113 853 2150 sic
896 2123 1030 2150 tamen
1073 2116 1181 2162 quod
1223 2114 1330 2151 iuxta
1372 2127 1534 2151 sensum

224 2169 417 2205 moralem
455 2171 650 2207 adventus
686 2171 809 2208 medii
845 2185 1109 2220 preparemus
1146 2186 1218 2210 nos
1254 2173 1445 2209 continue
1481 2174 1531 2210 ad

168 2233 204 2266 15
222 2236 360 2273 parate
395 2240 469 2275 pro
506 2228 654 2265 Christi
689 2229 854 2266 nomine
891 2231 1147 2277 paciendum.

277 2286 610 2336 Appropinquavit
645 2284 846 2341 (inquam)
869 2289 1112 2326 Jerosolimis
1144 2301 1288 2337 parum
1325 2297 1418 2325 ante
1441 2285 1823 2356 pas-Stggggdffffiigh-

221 2341 390 2391 sionem,
427 2345 477 2381 ad
512 2346 788 2382 denotandum
833 2348 940 2394 quod
981 2347 1207 2384 voluntarie
1249 2355 1335 2384 erat
1376 2359 1532 2394 passus.
1629 2356 1730 2390 phage

229 2401 334 2438 Venit
368 2411 504 2439 autem
540 2403 741 2455 Bethfage
785 2406 894 2452 quod
936 2405 1226 2453 interpretatur
1266 2407 1402 2443 domus
1441 2406 1533 2453 oris,

287 2509 312 2529 2.
334 2501 358 2529 B
377 2501 408 2529 in
429 2510 545 2537 marg-z
568 2503 733 2531 Dominica
753 2504 865 2537 prima.
887 2504 1012 2532 Matthei
1033 2504 1114 2532 XXI.
1132 2504 1156 2533 C
1177 2506 1206 2532 in
1230 2513 1347 2541 marg:
1370 2506 1534 2534 Dominica

219 2536 318 2571 prima
345 2537 517 2564 Adventus.
549 2537 695 2572 Vulgare:
726 2538 768 2566 Et
792 2547 858 2566 cum
884 2540 1185 2575 appropinquassent
1204 2540 1404 2577 Jerosolymz's
1432 2545 1463 2569 et
1485 2549 1533 2568 ve-

218 2571 337 2599 nissent
360 2571 539 2608 Betlzplzage
563 2573 606 2600 ad
635 2577 764 2601 montem
796 2573 915 2606 oliveti,
942 2579 1012 2602 lunc
1037 2575 1120 2603 Jesus
1148 2576 1232 2602 misit
1258 2575 1333 2603 duos
1359 2576 1531 2612 discipulos.

219 2605 243 2633 3.
265 2608 310 2634 A:
333 2606 444 2635 Oliveti
473 2613 529 2635 etc.
654 2609 678 2636 5.
700 2608 722 2635 Β
752 2610 782 2636 in
804 2617 924 2644 marg.:
955 2610 1034 2637 Tres
1062 2618 1155 2637 cause
1182 2612 1333 2638 adventus
1354 2611 1470 2639 Christi
1502 2612 1532 2638 in

218 2649 355 2668 carnem.
464 2644 492 2670 6.
513 2645 559 2670 A:
593 2645 768 2671 secundum
806 2644 857 2677 (C:
880 2645 945 2680 per)
979 2645 1247 2672 incarnacionem.
1356 2654 1384 2681 7.
1414 2645 1453 2673 C:
1477 2653 1531 2684 per

218 2677 398 2712 passionem
423 2697 430 2704 .
452 2697 458 2703 .
481 2699 487 2705 .
510 2686 564 2713 per
585 2679 707 2706 finalem
732 2699 738 2706 .
762 2699 769 2708 ,
791 2699 798 2706 .
907 2688 941 2707 11.
962 2681 1007 2707 A:
1040 2681 1177 2715 primum
1200 2689 1291 2714 vero;
1322 2680 1395 2709 AC:
1419 2680 1531 2708 Christi

218 2712 358 2740 omitted.
449 2720 490 2746 14.
512 2715 556 2741 A:
580 2714 671 2741 nobis
692 2714 841 2742 continue
862 2719 899 2742 et.
1002 2723 1041 2751 ¹7-
1062 2715 1107 2742 A:
1129 2720 1175 2743 est
1196 2724 1323 2750 passuS.

293 2807 320 2828 1.
349 2797 401 2829 Cf.
423 2796 589 2840 Wyclif's
609 2798 778 2831 Sermons
797 2799 851 2830 ed.
871 2798 916 2842 by
936 2800 1068 2831 Arnold
1088 2801 1216 2841 (Select
1231 2798 1380 2842 English
1398 2799 1529 2831 Works

219 2842 258 2874 of
279 2843 371 2876 John
390 2843 542 2888 Wyclif)
570 2846 640 2877 vol.
670 2846 679 2876 I
707 2856 786 2888 pag.
812 2844 959 2879 65—68.

1389 2915 1399 2936 Ι
