2017 3353
173 1069 202 1096 in
227 1068 367 1103 boasting
389 1069 422 1096 of

201 1104 281 1131 their
301 1104 392 1137 fasts,

160 1302 190 1329 in
203 1301 323 1335 uniting
341 1301 436 1329 them-

188 1338 286 1364 selves
308 1342 338 1363 to
359 1336 409 1363 the

178 1371 338 1398 Pharisees
358 1371 416 1398 and

204 1413 234 1433 in
257 1406 405 1440 accusing

234 1439 366 1468 Christ's

213 1476 368 1510 discipleS.

160 1765 228 1794 The
244 1772 308 1794 true
322 1766 433 1800 fasting

186 1801 211 1828 is
232 1802 413 1829 abstinence

206 1836 287 1864 from
308 1837 384 1864 vice.

177 2173 306 2208 Fasting
328 2177 411 2200 must

162 2214 214 2236 not
242 2209 278 2236 be
305 2209 435 2235 allowed

203 2248 234 2270 to
255 2243 398 2271 interfere

163 2279 235 2306 with
254 2279 305 2305 the
320 2278 436 2305 service

215 2314 250 2340 of
269 2313 382 2341 Christ.

760 268 985 300 JOHANNIS
1005 268 1188 300 WYCLIF
1216 268 1473 302 SERMONUM
1513 256 1667 313 [SERMO
1689 266 1768 294 vm-

454 382 491 410 et
527 373 627 410 alios
661 374 744 411 eius
781 374 1000 423 discipulos
1032 373 1140 410 misit
1182 375 1233 410 ad
1266 374 1485 411 Dominum
1521 384 1564 411 ut
1604 377 1654 412 ad
1686 389 1769 413 ma-

453 431 623 480 gistrum
648 444 763 468 suum
782 433 965 480 superius
990 432 1243 469 instruendos
1261 436 1318 478 (ut
1330 442 1439 480 patet
1462 432 1627 470 Matthei
1652 435 1770 470 XIOet

451 490 537 526 Joh.
578 490 645 538 10).
671 491 748 527 Sed
774 491 954 527 Christus
978 490 1224 538 pertinenter
1248 490 1456 538 respondit
1479 492 1587 540 quod
1606 491 1689 539 ipse
1713 501 1769 528 est

452 547 708 595 singulariter
730 561 901 596 sponsus
928 548 1108 594 ecclesie,
1134 556 1171 584 et
1193 547 1283 585 ideo
1307 548 1346 584 in
1369 549 1525 586 novella
1549 549 1768 597 desponsa-

453 605 568 642 cione
601 606 661 642 sui
695 619 784 642 cum
821 606 904 642 eius
938 605 1146 654 discipulis
1181 618 1264 642 non
1296 607 1442 642 debent
1464 616 1605 644 contra
1639 607 1766 655 legem

453 663 703 711 sponsalium
728 663 857 700 vivere
874 663 930 701 sic
948 664 1145 712 penaliter
1167 663 1226 700 vel
1252 664 1398 712 lugere.
1424 666 1500 701 Sed
1525 677 1614 701 curn
1637 665 1767 702 luctus

453 733 498 757 ac
531 721 730 768 penalitas
764 722 843 758 sint
874 721 1090 758 necessarii
1129 723 1179 758 ad
1220 721 1508 758 beatitudinem
1552 723 1766 771 adquiren-

455 780 562 823 dam,
608 791 698 815 cum
745 778 830 816 sine
877 780 953 816 illis
1000 792 1079 816 non
1128 779 1178 816 sit
1222 780 1428 827 amplexus
1462 781 1596 817 dextre
1628 782 1766 829 sponsi

453 837 613 884 summi,
654 837 785 874 veniet
830 846 988 886 tempus
1033 838 1073 874 in
1106 851 1186 887 quo
1233 850 1403 886 sponsus
1451 839 1631 875 Christus
1675 848 1767 887 post

453 903 624 931 mortem
650 904 687 932 et
710 896 990 933 ascensionem
1025 895 1206 933 ascendit
1236 895 1275 932 in
1299 896 1450 946 celum;
1485 906 1522 933 et
1544 905 1638 933 tunc
1662 897 1766 934 ultra

452 966 522 989 vos
557 962 594 990 et
626 954 834 1001 phariseos
860 954 1066 991 meritorie
1098 954 1292 1002 lugebunt
1315 963 1351 990 et
1373 967 1499 1003 usque
1522 955 1570 991 ad
1595 963 1765 992 mortem

453 1024 525 1059 pro
561 1024 650 1048 meo
685 1011 851 1048 nomine
883 1011 1106 1060 pacientur.
1142 1014 1191 1048 Et
1223 1020 1332 1060 patet
1364 1012 1518 1049 solucio
1543 1013 1764 1061 questionis

454 1069 749 1106 irracionabilis
783 1069 1025 1116 insciorum3
1068 1083 1161 1106 nam
1203 1070 1390 1117 discipuli
1429 1071 1621 1107 Johannis
1662 1072 1765 1107 defe-

453 1135 593 1163 cerunt
641 1140 662 1164 a
708 1128 824 1165 laude
868 1128 1018 1172 ieiunii,
1069 1128 1201 1176 primo
1248 1128 1341 1176 quia
1385 1128 1585 1165 iactarunt
1632 1141 1671 1165 se
1719 1131 1766 1166 de

453 1184 600 1221 ieiunio
635 1194 775 1223 contra
807 1186 1034 1223 doctrinam
1060 1186 1253 1234 evangelii
1276 1186 1439 1222 Matthei
1462 1188 1547 1232 vlo,
1588 1188 1649 1233 16,
1674 1200 1763 1224 cum

453 1244 677 1279 debuerunt
722 1244 852 1292 ipsum
898 1245 1166 1290 abscondere3
1216 1245 1397 1280 secundo
1445 1243 1485 1280 in
1532 1245 1609 1281 hoc
1655 1247 1765 1293 quod

456 1301 668 1338 iunxerunt
701 1315 740 1338 se
774 1302 966 1350 phariseis
999 1315 1099 1351 quos
1139 1301 1328 1350 magister
1360 1299 1499 1338 eorum
1534 1311 1616 1339 tam
1650 1312 1765 1340 acute

456 1359 656 1407 redarguit
689 1359 746 1411 (ut
778 1369 887 1408 patet
910 1360 1075 1397 Matthei
1103 1361 1175 1407 30),
1201 1368 1238 1396 et
1262 1360 1386 1396 tercio
1421 1360 1513 1408 quia
1545 1362 1766 1409 arguebant

453 1417 655 1453 Christum
691 1431 734 1454 ex
768 1419 923 1455 defectu
947 1418 1129 1455 doctrine
1153 1418 1443 1466 discipulorum
1471 1431 1636 1455 suorum
1663 1432 1765 1468 quos

452 1475 730 1523 imprudenter
751 1485 1003 1523 accusarunt,
1039 1489 1128 1513 cum
1154 1484 1288 1513 tamen
1311 1476 1523 1513 audierunt
1544 1478 1763 1513 Johannem

453 1533 691 1581 magistrum
727 1547 866 1571 eorum
901 1543 1154 1572 attestantem
1189 1535 1298 1582 quod
1330 1535 1441 1570 Jesus
1474 1535 1576 1572 tollit
1603 1543 1764 1584 peccata

451 1592 584 1627 mundi
615 1592 820 1637 (Johannis
844 1595 892 1639 10,
920 1596 986 1640 29)
1021 1601 1057 1629 et
1080 1591 1257 1640 undique
1282 1591 1605 1640 magnificantem
1628 1594 1762 1629 Jesum

449 1648 555 1685 ultra
588 1649 717 1696 ipsum
752 1653 809 1696 (ut
839 1659 946 1698 patet
979 1650 1141 1687 Matthei
1176 1651 1276 1697 1110).
1312 1651 1403 1686 Ideo
1438 1650 1491 1686 ait
1523 1650 1599 1686 illis
1637 1653 1762 1697 Jesus,

454 1719 543 1743 curn
579 1708 789 1755 corporale
822 1708 1015 1744 ieiunium
1051 1721 1132 1744 non
1164 1708 1282 1744 habet
1315 1707 1517 1744 racionem
1559 1708 1652 1744 boni
1687 1709 1761 1745 nisi

451 1766 498 1800 de
532 1775 683 1813 quanto
719 1766 897 1814 disponit
929 1767 978 1803 ad
1012 1766 1201 1802 ieiunium
1237 1765 1439 1813 spirituale
1473 1767 1580 1814 quod
1605 1775 1663 1802 est
1695 1768 1762 1803 ab·

452 1822 648 1859 stinencia
671 1836 693 1860 a
716 1824 825 1861 viciis
852 1826 908 1872 (et
932 1824 1030 1860 illud
1055 1824 1249 1860 direccius
1273 1823 1364 1859 fecit
1386 1823 1593 1871 presencia
1618 1824 1764 1861 Christi

450 1881 587 1928 sponsi
629 1881 794 1918 ecclesie
835 1895 953 1931 quam
997 1881 1187 1918 ieiunium
1232 1881 1473 1930 corporale),
1514 1890 1621 1929 patet
1654 1884 1763 1931 quod

452 1938 637 1986 discipuli
675 1939 820 1976 Christi
855 1940 1052 1977 efficacius
1086 1939 1313 1976 ieiunarunt
1347 1939 1505 1976 retracti
1539 1940 1688 1977 aviciis
1722 1940 1761 1976 in

452 1996 726 2044 occupacione
760 2010 852 2034 cum
887 1998 1044 2035 Christo
1078 2011 1195 2046 quam
1237 1997 1418 2045 discipuli
1449 1998 1652 2034 Johannis.
1715 2001 1764 2035 Et

1787 916 1825 938 10

1787 1194 1823 1227 15

1783 1496 1822 1517 20

1782 1777 1819 1808 25

451 2053 541 2090 ideo
601 2055 816 2103 discipulos
877 2056 1051 2092 melioris
1113 2055 1290 2103 magistri
1357 2063 1516 2102 oportet
1587 2055 1760 2093 ieiunare
1779 2064 1820 2096 30

452 2111 602 2159 apciori
649 2112 812 2150 ieiunio.
876 2116 975 2150 Nam
1023 2113 1232 2160 corporale
1276 2112 1468 2148 ieiunium
1513 2113 1764 2161 improbatur

454 2169 551 2206 [saie
586 2171 738 2217 LV1110‚
774 2172 869 2206 dum
904 2171 1036 2207 deficit
1075 2171 1295 2207 secundum
1330 2170 1518 2206 ieiunium
1561 2173 1671 2219 quod
1706 2181 1763 2208 est

452 2227 697 2264 abstinencia
730 2242 751 2265 a
784 2229 971 2276 peccatis,
1009 2242 1099 2265 cum
1125 2228 1395 2276 occupacione
1418 2228 1598 2265 virtuosa
1630 2229 1763 2266 taliter

452 2285 678 2331 1eiunantis‚
704 2294 741 2322 et
773 2287 827 2323 sic
861 2286 1051 2323 ieiunium
1077 2286 1310 2334 simpliciter
1332 2286 1552 2333 perfectum
1578 2287 1649 2323 erit
1671 2297 1762 2335 post

453 2352 622 2380 mortem
658 2353 695 2381 et
727 2345 971 2392 completum
1011 2345 1050 2381 in
1083 2344 1351 2389 beatitudine3
1386 2357 1532 2392 sponsa
1565 2345 1668 2381 enim
1702 2346 1761 2381 iu-
1778 2354 1816 2387 35

451 2413 558 2437 venis
604 2403 699 2438 dum
745 2402 903 2439 laborat
947 2403 986 2439 in
1031 2402 1263 2440 necessariis
1309 2403 1455 2439 domus
1500 2403 1635 2450 sponsi
1680 2416 1760 2440 non

452 2459 568 2495 debet
600 2472 622 2495 a
655 2460 751 2496 cibis
774 2460 1053 2508 corporalibus
1086 2460 1160 2496 nisi
1184 2473 1274 2496 cum
1298 2460 1516 2508 prudencia
1539 2461 1757 2508 continere,

452 2524 489 2552 et
522 2527 813 2565 consequenter
845 2527 1039 2567 quantum
1074 2520 1123 2555 ad
1156 2518 1395 2554 tradiciones
1429 2518 1666 2565 pharisaicas
1699 2519 1759 2555 vel

521 2623 540 2642 ι.
563 2617 600 2642 Βε
622 2616 658 2642 ad
681 2616 800 2649 Deum;
822 2619 867 2644 A:
891 2617 927 2644 ad
951 2625 1110 2651 magnum.
1221 2616 1246 2644 3.
1266 2618 1313 2644 A:
1334 2619 1419 2652 quod
1441 2618 1513 2650 iste3
1535 2617 1573 2643 B:
1596 2621 1641 2644 est
1661 2618 1758 2646 deest.

449 2658 479 2682 4.
500 2651 543 2677 A:
560 2651 811 2685 dispensacione.
885 2652 913 2679 6.
928 2653 972 2679 A:
995 2652 1039 2679 sic
1059 2652 1155 2679 deest.
1227 2660 1258 2685 9.
1272 2654 1315 2679 A:
1339 2660 1474 2687 sponsus
1490 2653 1584 2679 deest.
1658 2653 1695 2680 13.
1717 2653 1757 2680 B:

451 2685 654 2712 irracionalis.
762 2693 805 2718 14.
828 2687 854 2712 A
876 2685 906 2713 in
928 2694 1015 2720 marg
1038 2696 1044 2712 :
1066 2686 1110 2713 De
1130 2686 1262 2719 ieiuni0;
1284 2686 1305 2713 B
1326 2686 1357 2713 in
1379 2694 1494 2722 marg.:
1516 2687 1547 2713 ln
1570 2686 1684 2722 quibus
1701 2687 1761 2715 dis-

451 2719 545 2754 cipuli
565 2719 716 2746 Johannis
737 2725 944 2748 excesserunt.
1002 2723 1030 2748 A
1051 2721 1080 2748 in
1103 2729 1221 2756 marg.:
1244 2729 1271 2755 ις
1300 2719 1365 2748 BC:
1388 2723 1461 2756 quia
1481 2722 1575 2749 deest.
1668 2721 1712 2748 16.
1732 2725 1760 2749 A

451 2754 482 2781 in
504 2762 619 2788 marg.:
641 2761 666 2780 2.
795 2755 838 2783 18.
859 2758 885 2782 A
908 2754 939 2782 in
960 2763 1078 2790 marg:
1100 2755 1125 2783 3.
1255 2762 1298 2783 22.
1319 2757 1363 2782 A:
1385 2757 1492 2784 mundi
1516 2759 1544 2782 et
1566 2755 1636 2783 ideo
1657 2756 1760 2790 primo

451 2793 478 2815 et
497 2788 653 2823 undique3
675 2788 714 2816 C:
736 2789 1029 2821 magistrificantem.
1164 2789 1206 2818 23.
1226 2792 1273 2818 A:
1301 2789 1429 2818 Matthei
1448 2790 1499 2818 xl.
1625 2797 1670 2824 ²4-
1693 2790 1759 2818 BC:

452 2830 523 2850 cum
545 2823 638 2850 deest.
726 2824 771 2850 28.
794 2823 837 2851 C:
860 2824 1006 2853 ieiunant.
1062 2824 1098 2852 31.
1121 2826 1166 2852 A:
1189 2833 1205 2852 a
1222 2830 1364 2859 peccatoe
1384 2825 1515 2857 ieiuni03
1538 2824 1575 2851 B:
1595 2833 1608 2852 a
1631 2824 1759 2860 pociori.

449 2856 494 2918 32.
514 2859 562 2885 A:
584 2857 662 2885 Isaie
682 2857 766 2892 LV1;
790 2858 864 2886 dum
885 2859 981 2886 deest.
1084 2859 1126 2887 35.
1148 2861 1193 2887 A:
1214 2860 1378 2894 complete.
1472 2858 1518 2887 38.
1540 2861 1584 2887 A:
1606 2864 1757 2896 quantum

472 2897 543 2919 eest.
