2017 3353
310 296 444 325 samio
461 287 587 345 Χῖαι]
815 300 954 332 PRIMA
982 300 1109 333 PARS.
1832 310 1904 337 211

304 406 458 443 sionem
491 406 563 443 fuit
595 419 670 455 pax
702 406 742 443 in
763 406 922 444 Christo
956 407 1144 445 divinitus
1177 409 1265 457 plus
1289 422 1409 457 quarn
1434 411 1622 457 perfecta,

305 477 381 512 que
414 464 540 501 inesse
579 464 725 513 poterit
764 478 934 513 persone
974 478 1050 515 que
1088 467 1241 515 precise
1274 467 1392 503 fuerit
1426 477 1622 513 creatura,
1657 477 1899 519 (jhu-ist's'pcacc

303 523 371 558 sed
404 524 454 558 ad
488 522 811 570 distinguendum
844 536 986 572 pacem
1021 524 1168 561 Christi
1201 538 1222 561 a
1256 538 1354 573 pace
1384 526 1623 575 mundique
1650 517 1903 577 ‡f{11[¹1³xs{11¹2[1‹*‚'19

304 588 360 616 est
384 580 518 628 quieta
540 580 682 617 fruicio
705 581 991 630 temporalium
1015 581 1098 619 sine
1122 583 1299 619 sensibili
1314 584 1623 631 perturbacione
1647 582 1702 609 His
1723 586 1903 635 ecquinam-1-

271 639 287 671 5
304 637 437 674 hostili
470 637 690 687 subiungit:
726 640 812 675 Non
842 641 1031 688 quomodo
1060 641 1225 677 mundus
1248 642 1314 677 dat
1336 655 1408 692 ego
1433 643 1481 677 do
1506 643 1620 679 vobis.
1720 624 1829 647 mtnts.

302 697 403 732 Nam
438 708 511 744 pax
545 696 684 733 mundi
717 706 774 733 est
807 698 1076 735 communiter
1104 698 1339 736 criminibus
1362 699 1541 736 involuta
1564 704 1622 748 (ut

300 762 409 801 patet
425 754 728 791 Deuteronomii
744 757 903 792 XXXIV)
922 756 981 802 15,
1001 765 1037 793 et
1053 757 1271 793 Ezechielis
1286 759 1393 794 ΧΙΙΙ0
1411 759 1488 807 10).
1508 760 1622 794 Mun-

299 813 371 847 dus
394 820 528 848 autem
562 814 630 849 dat
661 825 802 861 pacem
826 815 875 850 ad
899 814 958 850 sui
982 814 1264 863 indigenciam,
1289 828 1379 852 cum
1403 816 1452 852 sit
1475 816 1622 864 imper-

299 869 423 905 fectus
457 869 656 917 dominus,
689 884 771 908 non
803 871 859 908 sic
884 872 1078 909 Christus.
1112 874 1199 909 Non
1223 874 1402 910 turbetur
1433 887 1530 925 ergo
1554 887 1622 910 cor

244 938 283 960 ιο
299 928 576 976 apostolorum
617 930 665 965 de
703 938 832 966 morte
872 930 1032 977 Christi,
1070 930 1164 979 quia
1196 931 1311 974 (sicut
1344 932 1530 980 predixit)
1564 942 1621 969 est

297 985 337 1022 in
369 986 552 1034 proximo
591 996 856 1034 surrecturus,
895 1001 1013 1038 neque
1040 990 1237 1038 formidet
1275 992 1322 1026 de
1356 999 1485 1027 morte
1528 1004 1620 1039 pro-

296 1043 395 1091 pria,
430 1044 524 1093 quia
556 1044 643 1093 ipsa
676 1054 733 1082 est
764 1045 827 1083 via
859 1046 1043 1095 preciosa
1074 1047 1164 1094 illis,
1198 1057 1241 1084 ut
1264 1048 1425 1085 veniant
1454 1048 1493 1085 in
1521 1062 1619 1097 pace

295 1103 345 1138 ad
382 1102 569 1151 patriam.
610 1103 650 1140 Si
690 1117 783 1152 ergo
823 1105 997 1153 apostoli
1031 1105 1234 1142 Christum
1269 1106 1490 1154 diligerent,
1524 1120 1618 1155 gau-

294 1161 433 1197 derent
478 1162 525 1197 de
570 1161 749 1210 quolibet
792 1175 864 1199 suo
908 1163 1079 1200 transitu
1118 1173 1155 1200 et
1194 1163 1421 1212 specialiter
1459 1167 1506 1201 de
1546 1179 1617 1202 suo

242 1219 277 1252 ¹5
294 1231 460 1256 ascensu
499 1232 578 1268 quo
616 1220 724 1256 vadit
762 1221 814 1256 ad
839 1229 1009 1270 patrem,
1043 1234 1132 1258 cum
1168 1235 1238 1270 per
1271 1223 1347 1259 hoc
1381 1223 1618 1259 exaltabitur

293 1279 513 1314 secundum
558 1287 745 1315 naturam
791 1280 1009 1316 humanam
1052 1293 1131 1329 qua
1170 1289 1227 1317 est
1266 1280 1398 1317 minor
1431 1290 1544 1329 patre
1579 1291 1615 1318 et

292 1336 469 1382 postulat
508 1349 581 1384 pro
622 1336 698 1372 illis
738 1337 939 1373 efficacius
979 1351 1101 1386 quam
1141 1351 1247 1375 nunc
1279 1338 1386 1375 facit.
1433 1340 1485 1375 Et
1519 1352 1616 1376 nunc

292 1393 379 1429 dixi
409 1394 513 1430 vobis
546 1394 775 1443 priusquam
802 1396 893 1445 fiat,
927 1403 967 1431 ut
998 1408 1082 1432 cum
1105 1397 1261 1445 factum
1285 1397 1416 1446 fuerit
1447 1398 1616 1434 credatis

292 1463 335 1487 ex
374 1451 552 1488 dicendis
592 1452 910 1490 circumstanciis
950 1455 1058 1502 quod
1096 1453 1170 1491 sim
1211 1457 1329 1501 Deus,
1371 1455 1464 1504 quia
1498 1455 1615 1492 Ysaie

233 1518 275 1540 20
290 1510 409 1555 XL10‚
446 1511 494 1546 23
531 1510 738 1548 scribitur:
771 1512 1010 1549 Annunciate
1041 1513 1147 1549 nobis
1179 1525 1249 1562 que
1282 1521 1442 1550 ventura
1467 1522 1555 1550 sunt
1578 1515 1613 1550 in

277 1568 464 1615 futurmn
498 1576 533 1605 et
562 1569 740 1615 sciemus,
773 1570 859 1619 quia
893 1570 948 1605 dii
978 1571 1067 1607 estis
1101 1584 1177 1607 vos.

347 1625 456 1663 Licet
479 1626 585 1663 enim
610 1628 835 1676 astrologus
865 1628 971 1665 dicat
995 1629 1128 1666 futura
1152 1629 1383 1667 coniectura
1412 1630 1612 1678 probabili
1642 1631 1722 1667 Only
1745 1631 1812 1683 9(ξᾶ
1836 1632 1890 1679 ¹3³³

288 1692 325 1719 et
357 1685 556 1732 propheta
589 1685 653 1721 cui
685 1685 759 1722 fuit
791 1686 1001 1733 revelacio,
1036 1696 1172 1724 tamen
1204 1688 1414 1736 proprium
1447 1697 1503 1725 est
1528 1691 1611 1725 Deo
1705 1670 1854 1740 iissxsteqfqr)

286 1754 357 1789 per
400 1755 440 1779 se
484 1742 747 1780 infallibiliter
791 1745 925 1782 futura
969 1745 1188 1793 predicere.
1235 1746 1448 1794 Specificat
1492 1747 1612 1795 igitur
1702 1737 1828 1763 forestu.

231 1799 270 1831 25
287 1799 468 1836 Christus
501 1801 783 1849 particularius
812 1812 984 1839 mortem
1009 1816 1122 1840 suam
1146 1804 1322 1841 futuram
1356 1804 1397 1841 in
1421 1805 1609 1851 crastino,

287 1870 376 1894 cum
403 1858 517 1895 dicit:
548 1860 629 1895 Iam
659 1872 732 1896 non
762 1861 882 1897 multa
912 1862 1050 1910 loquar
1079 1862 1286 1908 vobiscum,
1314 1862 1407 1899 licet
1429 1863 1610 1899 Christus

286 1925 375 1963 post
409 1926 580 1953 mortem
614 1917 789 1966 plurima
821 1918 871 1955 sit
904 1920 1074 1966 locutus,
1097 1932 1171 1957 nec
1205 1921 1350 1957 debent
1379 1920 1529 1957 tristari
1563 1923 1610 1958 de

286 1983 415 2011 morte
447 1988 518 2012 sua
550 1975 785 2024 inculpabili
823 1978 891 2013 sed
931 1977 1005 2014 sibi
1041 1986 1079 2014 et
1116 1978 1189 2014 toti
1223 1978 1388 2015 ecclesie
1420 1979 1608 2027 gloriosa,

287 2031 537 2081 (inculpabili
561 2034 663 2080 dico⁷
689 2035 782 2083 quia
807 2036 905 2072 venit
932 2036 1116 2086 princeps
1145 2038 1279 2072 mundi
1300 2037 1424 2084 huius,
1448 2038 1518 2074 hoc
1541 2046 1609 2085 est,

227 2089 269 2121 30
284 2090 471 2137 diabolus,
499 2099 533 2128 et
552 2105 624 2128 non
652 2093 794 2129 invenit
816 2093 851 2129 in
875 2107 917 2130 eo
933 2102 1149 2143 peccatum,
1173 2096 1241 2131 sed
1265 2094 1386 2132 sensit
1409 2095 1607 2144 posterius

282 2147 322 2184 in
354 2148 436 2185 eius
470 2158 599 2187 morte
632 2151 958 2200 redempcionem
994 2152 1159 2189 ecclesie
1186 2166 1306 2202 quam
1330 2153 1513 2201 timebat)
1539 2155 1606 2190 sed

281 2216 442 2254 oportet
475 2221 538 2245 me
571 2209 674 2245 mori
708 2223 781 2258 pro
820 2210 1036 2259 implendis
1076 2210 1191 2247 dictis
1231 2211 1491 2260 propheticis,
1533 2226 1605 2260 pro

281 2265 479 2302 salvandis
513 2267 793 2314 predestinatis
827 2277 864 2304 et
896 2282 969 2316 pro
994 2269 1135 2305 dandis
1159 2269 1350 2318 exemplis
1373 2270 1606 2307 obediencie

281 2324 365 2359 Deo
403 2324 519 2371 patri.
566 2325 677 2362 Sicut
716 2326 821 2362 enim
867 2328 1087 2363 secundum
1128 2329 1367 2376 Apostolum
1403 2329 1453 2364 ad
1488 2330 1602 2365 Rom.

225 2379 264 2412 35
280 2382 347 2427 VO,
389 2392 433 2417 12
459 2395 565 2419 mors
588 2383 747 2420 intravit
768 2385 804 2420 in
829 2386 1011 2421 mundum
1032 2398 1107 2434 per
1124 2394 1340 2435 peccatum,
1364 2386 1419 2423 sic
1443 2396 1603 2435 oportet

281 2440 389 2487 quod
434 2442 607 2477 mundus
649 2451 841 2490 purgetur
879 2456 901 2479 a
945 2453 1112 2492 peccato
1158 2457 1228 2492 per
1267 2445 1369 2481 hanc
1414 2454 1600 2482 mortem.

280 2496 391 2533 Sicut
429 2510 522 2546 ergo
561 2508 674 2547 pater
714 2501 823 2537 dedit
862 2501 1022 2538 Christo
1064 2504 1299 2539 mandatum
1340 2503 1511 2540 maxime
1545 2503 1602 2539 di-

278 2555 467 2593 leccionis
500 2565 542 2592 ut
576 2557 772 2595 moriatur
804 2572 877 2607 pro
909 2572 980 2596 sua
1013 2560 1194 2607 ecclesia,
1224 2560 1280 2597 sic
1303 2570 1463 2609 oportet
1493 2563 1600 2610 quod

347 2686 372 2706 2.
393 2679 437 2717 A:
465 2687 522 2715 quc
544 2688 628 2715 pure.
719 2681 743 2708 5.
766 2681 787 2708 B
808 2681 837 2708 in
860 2690 974 2716 marga
1003 2682 1086 2718 Quid
1108 2688 1152 2710 est
1195 2692 1231 2710 ax
1253 2683 1378 2717 mundi:
1409 2684 1448 2711 ib.
1470 2686 1514 2711 A:
1543 2693 1598 2719 ego

278 2712 318 2739 do
338 2714 426 2741 vobis
447 2714 540 2741 deest.
596 2723 622 2750 7.
637 2715 708 2742 AB:
728 2715 897 2743 Ezechielis
917 2714 1021 2751 XV10;
1049 2718 1088 2744 ib.
1105 2718 1146 2746 C:
1168 2692 1277 2746 §vlit
1299 2719 1437 2746 Correxi.
1496 2728 1536 2752 14.
1553 2721 1596 2746 A:

278 2748 314 2774 dc
357 2748 446 2775 uibus
467 2757 532 2775 suo.
591 2749 745 2783 14,15.A:
768 2751 804 2777 de
824 2759 963 2779 ascensu.
1028 2752 1068 2779 16.
1089 2753 1133 2779 A:
1156 2762 1213 2788 quc
1234 2758 1287 2780 est.
1346 2753 1385 2780 18.
1408 2756 1452 2781 A:
1474 2762 1542 2780 cum
1565 2770 1596 2773 —

279 2791 327 2809 cre
353 2783 410 2810 atis
431 2783 523 2810 deest.
639 2792 678 2812 21.
702 2785 819 2812 Codd.:
840 2786 988 2813 dicemus.
1011 2787 1148 2814 Correxi.
1258 2787 1300 2815 23.
1323 2789 1361 2815 B:
1384 2789 1414 2815 rit
1437 2789 1595 2815 revelacio.

277 2817 320 2846 23.
342 2826 388 2851 24.
410 2819 454 2845 A:
477 2818 540 2845 Deo
562 2827 692 2857 persone
712 2819 913 2847 infallibiliter
933 2820 1042 2848 dicere.
1127 2830 1173 2856 24.
1196 2822 1238 2850 25.
1262 2822 1327 2850 BC:
1349 2831 1421 2857 ergo
1443 2823 1595 2849 Christus.

278 2857 324 2879 2¹2.
348 2853 412 2880 ssC:
441 2862 510 2880 cum
538 2853 612 2880 dicit
637 2853 735 2885 deest:
766 2855 804 2881 ib.
827 2856 870 2882 A:
899 2856 1041 2883 Christus
1062 2857 1155 2883 deest.
1264 2865 1307 2892 27.
1328 2859 1372 2884 A:
1401 2858 1452 2884 scd
1474 2858 1594 2885 debent.

277 2887 322 2914 28.
343 2888 387 2914 A:
408 2888 558 2922 graciosa.
608 2887 816 2924 30.Vu1gate:
838 2893 869 2917 et
885 2890 916 2918 in
936 2899 982 2918 me
1002 2899 1062 2918 nrm
1083 2892 1176 2918 hahet
1193 2891 1366 2927 quidquam.
1435 2892 1477 2919 32.
1500 2894 1543 2919 A:
1565 2893 1594 2919 iii

278 2922 425 2957 splendis.
464 2922 506 2950 35.
523 2923 588 2950 BC:
605 2928 728 2958 oportet
744 2929 783 2951 ut.
823 2924 946 2959 3713&
964 2931 1048 2960 pater
1064 2927 1155 2953 deest.
1196 2928 1239 2955 1³8.
1252 2929 1296 2954 A:
1314 2928 1593 2962 iiic1·e;11111'p1·im‹›.

1393 2976 1461 3018 14ae
