2017 3353
144 293 224 329 238

144 762 168 789 it'
194 762 215 789 it
243 761 268 789 is
294 762 342 789 for
368 761 418 788 the

194 805 322 831 nurpose
342 796 377 823 of

180 806 274 866 doing
294 831 385 867 good.

157 1865 411 1893 lssxcommuuica·

193 1900 273 1927 tious
294 1900 375 1927 osten

169 1935 320 1970 wrougt'ul
342 1933 400 1961 und

211 1970 258 1997 for
279 1969 358 2003 gain.

717 299 939 332 JOHANNIS
961 299 1144 330 WYCLIF
1164 297 1419 330 SERMONUM
1453 282 1604 341 [SERMO
1619 291 1743 320 XXXV-

432 410 533 444 Nam
578 406 685 443 iuxta
729 407 805 443 hoc
848 418 929 442 non
973 416 1232 453 sequeremur
1265 404 1466 442 Christum
1512 403 1552 440 in
1596 402 1744 452 aliquo,

432 464 525 514 quia
568 478 649 501 non
691 477 904 512 possumus
948 465 997 501 ad
1041 463 1334 511 perfeccionem
1381 461 1633 509 operacionis
1677 474 1746 497 sue

432 523 638 571 attingere,
684 522 774 559 ideo
819 521 849 558 si
895 519 1241 558 communicamus
1281 534 1371 557 curn
1411 519 1592 567 reprobis
1637 519 1746 556 colli-

431 582 560 629 gendo
594 582 642 617 de
675 580 770 628 ipsis
803 579 1005 628 pecunias,
1042 579 1168 616 multo
1202 579 1327 627 magis
1351 579 1542 614 debemus
1567 590 1746 614 commu-

430 639 566 676 nicare
597 651 687 675 cum
720 651 802 674 non
833 637 1053 686 desperatis
1085 637 1332 684 predicando
1367 635 1443 672 illis
1477 634 1779 684 penitenciam5

433 706 470 734 et
503 709 614 745 spem
649 695 920 733 beatitudinis.

490 757 532 792 In
563 754 639 791 isto
672 753 794 790 dubio
826 767 908 790 non
940 755 1123 791 obstante
1155 765 1394 802 quacunque
1433 751 1656 788 tradicione
1686 751 1748 788 vel

433 825 671 862 quacunque
723 811 989 849 mandacione
1040 811 1279 860 pharisaica,
1331 810 1487 847 videtur
1530 811 1747 846 tenendum

433 870 596 908 indubie
640 871 750 919 quod
792 869 885 906 licet
930 869 1037 906 fideli
1093 869 1393 906 communicare
1449 881 1540 904 cum
1592 880 1747 904 excom-

433 928 647 966 municatis
691 929 739 965 ab
785 927 961 974 homine,
1008 928 1134 965 eciam
1181 941 1202 965 a
1241 929 1338 973 Deo,
1384 925 1593 975 supposito
1639 926 1806 974 quod10

432 996 564 1036 speret
587 985 868 1034 contagionem
893 998 1032 1022 eorum
1056 986 1243 1034 aufugere
1277 994 1314 1021 et
1347 998 1414 1021 eos
1444 985 1506 1021 vel
1538 983 1747 1021 ecclesiam

433 1054 501 1082 aut
534 1044 722 1082 meritum
755 1057 871 1081 suum
901 1045 951 1081 ad
980 1045 1130 1081 bonum
1154 1052 1397 1080 convertere.
1423 1045 1471 1078 Et
1495 1042 1614 1079 hodie
1635 1041 1749 1079 viluit

433 1105 483 1140 ad
541 1112 698 1140 tantum
749 1102 976 1151 pharisaica
1034 1101 1403 1139 excommunicacio
1456 1102 1564 1149 quod
1623 1099 1749 1136 fidelis

432 1161 626 1198 libencius
651 1160 969 1197 communicaret
993 1173 1083 1197 cum
1108 1159 1269 1196 homine
1296 1172 1415 1208 quem
1439 1168 1597 1206 satrape
1631 1156 1749 1194 hodie

434 1218 795 1265 excommunicant,
849 1228 886 1255 et
938 1231 1028 1255 cum
1081 1217 1268 1267 fugienda
1325 1217 1375 1253 sit
1426 1215 1748 1254 communicacio
1770 1216 1805 1249 15

434 1291 524 1314 cum
570 1277 731 1314 homine
776 1289 894 1326 quem
928 1279 1033 1313 Deus
1078 1275 1412 1321 excommunicat,
1454 1284 1493 1311 at
1531 1274 1588 1311 illi
1623 1273 1749 1310 mani-

433 1336 530 1373 feste
563 1334 961 1373 excommunicantur
992 1348 1014 1372 a
1048 1337 1132 1371 Deo
1164 1343 1372 1383 tamquam
1417 1332 1595 1378 heretici,
1641 1344 1749 1368 com-

435 1394 661 1431 municacio
700 1406 791 1430 cum
824 1392 901 1429 illis
934 1402 991 1429 est
1023 1392 1126 1429 inter
1158 1404 1298 1429 omnes
1337 1391 1435 1428 alias
1468 1390 1667 1438 fugienda.
1702 1391 1750 1425 Et

435 1461 629 1501 quantum
674 1453 725 1488 ad
768 1451 872 1499 leges
916 1464 991 1500 que
1044 1459 1135 1487 sunt
1185 1449 1374 1498 ponderis
1426 1448 1467 1485 in
1518 1447 1749 1497 oppositum

435 1511 677 1558 allegandas,
713 1508 858 1545 dicitur
887 1511 995 1558 quod
1028 1508 1303 1556 intelliguntur
1332 1509 1379 1544 de
1404 1505 1750 1543 excommunicato
1768 1518 1809 1541 20

433 1567 592 1605 notorie
625 1581 646 1604 a
670 1569 754 1603 Deo
788 1576 825 1604 et
858 1566 1020 1603 homine
1053 1579 1144 1603 cum
1179 1579 1258 1615 quo
1290 1578 1372 1602 non
1402 1564 1494 1602 licet
1528 1563 1751 1601 communi-

435 1639 525 1664 care
588 1625 664 1663 nisi
728 1624 908 1662 evidente
970 1623 1375 1661 incontaminacionis
1438 1622 1651 1659 securitate
1715 1630 1751 1658 et

437 1683 706 1721 conversionis
735 1679 739 1735 Ι
769 1682 1053 1731 probabilitate
1092 1691 1160 1719 aut
1198 1682 1400 1730 profectus
1439 1680 1603 1718 ecclesie
1646 1679 1752 1716 utili-
1770 1659 1850 1738 ῗὸοὲῖ

436 1752 536 1787 tate3
588 1754 661 1778 nec
714 1741 896 1789 profecto
949 1740 1188 1789 generaliter
1247 1738 1645 1776 excommunicantur
1703 1738 1751 1774 ab

436 1799 599 1837 homine
643 1799 711 1848 qui
755 1808 846 1836 sunt
891 1798 1312 1836 excommunicacione
1366 1797 1487 1846 digni,
1539 1798 1608 1833 sed
1660 1808 1752 1843 sepe
1769 1797 1809 1831 25

436 1858 706 1895 discordando
730 1859 779 1894 ab
803 1856 1225 1894 excommunicacione
1248 1855 1320 1892 Dei
1354 1854 1753 1892 excommunicantur

436 1916 528 1953 iusti
560 1925 725 1965 propter
756 1916 926 1952 lucrum.
960 1917 1009 1951 Et
1042 1916 1140 1952 tales
1164 1913 1576 1951 excommunicatores
1608 1921 1699 1949 sunt
1732 1924 1753 1948 a

436 1977 520 2011 Deo
555 1972 1005 2011 excommunicatissimi
1040 1982 1078 2009 et
1111 1982 1193 2009 tam
1227 1971 1384 2020 spissim
1418 1971 1537 2008 hodie
1569 1969 1752 2007 seminati

437 2034 544 2081 quod
577 2032 745 2069 vertitur
777 2031 817 2068 in
850 2040 1132 2079 argumentum
1166 2030 1346 2078 topicum
1379 2031 1500 2078 quod,
1533 2029 1564 2065 si
1599 2027 1753 2065 christi-

438 2104 536 2128 anus
569 2089 939 2127 excommunicatur
977 2102 999 2125 a
1030 2088 1100 2126 tali
1132 2089 1301 2137 prelato,
1346 2096 1440 2124 tunc
1472 2099 1657 2123 securum
1698 2094 1754 2122 est
1772 2089 1813 2122 30

439 2161 529 2185 cum
563 2148 650 2196 ipso
688 2157 897 2196 tamquam
936 2147 1040 2184 iusto
1079 2145 1475 2183 communicandum.
1509 2147 1557 2181 Et
1595 2144 1651 2181 sic
1690 2145 1755 2180 de-

438 2215 544 2243 tecta
587 2205 754 2243 veritate
799 2205 912 2242 istius
952 2204 1118 2242 materie
1168 2212 1340 2241 cessaret
1390 2202 1549 2240 exaccio
1601 2214 1756 2239 excom-

441 2263 730 2301 municacionis
770 2263 987 2312 sophistice
1025 2275 1104 2311 qua
1142 2262 1344 2310 simplices
1382 2260 1618 2309 spoliantur,
1665 2272 1755 2296 cum

441 2321 832 2359 excommunicantes
856 2322 933 2358 sint
956 2331 1164 2369 tamquam
1194 2320 1376 2356 membra
1399 2318 1548 2356 diaboli
1581 2316 1755 2366 fugiendi

441 2389 478 2416 et
523 2379 858 2416 excommunicati
906 2392 988 2416 non
1031 2386 1246 2427 propterea
1296 2376 1552 2414 abhorrendi.
1605 2378 1754 2412 Notum
1772 2378 1812 2411 35

441 2438 604 2486 quidem
638 2446 695 2474 est
719 2450 762 2474 ex
786 2438 862 2474 fide
896 2438 1004 2486 quod
1027 2435 1255 2485 quicunque
1279 2434 1599 2472 excommunicat
1633 2433 1755 2470 alium

441 2495 717 2545 principaliter
740 2504 905 2544 propter
934 2496 1104 2539 lucrum,
1139 2502 1304 2542 propter
1328 2495 1522 2530 honorem
1547 2490 1755 2541 proprium

440 2555 502 2591 vel
540 2563 705 2602 propter
744 2553 932 2590 iniuriam
970 2552 1178 2601 propriam
1211 2551 1509 2597 vindicandam,
1548 2559 1756 2598 tamquam

514 2731 533 2751 1.
554 2724 599 2751 A:
621 2731 689 2750 cum
712 2730 919 2758 sequeremur.
1016 2721 1040 2750 5.
1062 2722 1084 2749 B
1105 2722 1135 2749 iu
1157 2729 1270 2756 marg:
1292 2721 1335 2748 De
1355 2719 1677 2748 excommunicacione
1697 2725 1756 2744 nou

445 2757 520 2785 bene
541 2759 706 2785 sentenciat
728 2757 779 2784 sed
801 2762 949 2784 extranee.
1032 2765 1057 2791 7.
1079 2758 1107 2784 A
1128 2757 1156 2783 in
1180 2765 1294 2790 marga
1315 2755 1503 2790 Responsio;
1530 2755 1569 2781 ib.
1590 2755 1617 2781 A
1638 2754 1668 2780 iu
1689 2753 1757 2787 ipso

445 2793 556 2823 dubio:
587 2793 627 2819 ib.
649 2794 676 2820 A
702 2793 732 2819 in
760 2800 855 2826 marg.
884 2791 936 2818 inf.
965 2791 1015 2817 sol.
1040 2791 1122 2818 lob'l’:
1150 2791 1265 2818 Totum
1292 2799 1388 2825 genus
1414 2790 1582 2816 humanum
1610 2793 1655 2815 est
1680 2795 1758 2814 uuus

446 2833 597 2862 peccator,
625 2828 703 2854 slent
723 2831 767 2853 est
793 2835 853 2853 uua
880 2834 1021 2861 persona,
1049 2825 1294 2853 commuuicacio
1320 2833 1389 2852 cum
1412 2824 1452 2857 (iu
1475 2824 1541 2851 cod.
1564 2824 1610 2856 ab)
1637 2829 1759 2849 exeom-

446 2862 609 2889 munit-atis
630 2863 666 2888 ub
688 2861 813 2888 homine
834 2865 877 2887 est
898 2860 988 2887 licita.
1070 2869 1102 2887 11.
1125 2860 1165 2887 C:
1187 2860 1328 2891 affugere.
1410 2858 1450 2885 16.
1473 2860 1515 2886 A:
1537 2858 1618 2885 Deus
1639 2864 1759 2883 excom-

446 2897 612 2923 municant.
687 2904 729 2923 22.
751 2897 795 2922 A:
816 2895 1065 2922 csmtaminamis.
1145 2894 1186 2921 23.
1210 2888 1276 2921 BC:
1299 2894 1438 2929 perfecte.
1512 2892 1556 2920 30.
1578 2893 1622 2919 A:
1645 2899 1757 2917 secure.

445 2930 483 2959 31.
508 2931 544 2958 15:
568 2936 723 2966 tamquam
746 2938 826 2957 cum.
