2017 3353
158 302 209 337 92
743 305 969 338 JOHANle
1000 307 1182 340 wvcmr
1211 309 1465 343 SERMONUM
1493 295 1759 353 [SERMO'xm.

184 414 235 441 Yet
260 416 404 451 properly
446 409 537 446 Scio
571 419 705 448 tamen
739 414 848 460 quod
883 413 1057 462 populus
1092 414 1206 462 plene
1240 415 1461 453 instructus
1496 429 1565 464 per
1597 427 1759 455 curatos

156 449 625 514 ssssefilembegokssfflidoneos,
659 470 727 518 qui
772 470 892 507 nimis
926 471 1132 518 deficiunt,
1167 482 1301 520 posset
1339 474 1467 510 facere
1505 476 1615 523 quod
1659 476 1757 513 tales

166 518 214 546 ὼε
236 520 416 547 unlearned.
445 525 650 574 sculpture
695 527 771 564 sint
811 528 900 565 libri
940 529 1058 566 utiles
1097 530 1308 568 laicorum.
1343 533 1420 568 Sed
1454 541 1535 569 tarn
1582 533 1622 569 in
1650 534 1756 571 clero

445 596 565 631 quam
614 584 653 621 in
699 585 811 622 laicis
857 587 1016 636 capitur
1054 588 1216 625 occasio
1259 589 1471 627 infideliter
1502 591 1620 638 ydola
1661 589 1758 644 (que

444 641 566 678 nichil
590 653 681 680 sunt
705 646 926 681 secundum
951 645 1198 698 apostolum)
1221 648 1451 685 venerandi.
1482 651 1607 686 Error
1629 650 1756 686 eciam
1776 654 1790 686 5

169 691 415 762 stissnggoffiffgd
444 699 560 735 nimis
608 701 734 749 gravis
779 716 859 751 quo
924 704 1162 740 fraudantur
1216 717 1409 753 pauperes
1465 707 1665 755 regnicole
1720 718 1757 745 et

196 762 312 796 images
333 763 393 790 and
444 757 625 805 vulgares
677 769 734 796 est
788 762 898 809 quod
943 761 1063 798 nimis
1111 771 1347 811 sumptuose
1392 772 1511 813 atque
1555 765 1758 813 superflue

233 798 347 824 tombs.
445 826 740 865 congregantur
778 819 882 856 circa
922 820 1019 856 tales
1059 821 1264 869 ymagines
1303 830 1341 857 et
1379 823 1560 870 sepulcra
1599 837 1756 870 aurum,

444 883 652 921 argentum
687 885 724 912 et
757 876 910 924 lapides
943 878 1113 925 preciosi
1152 891 1243 915 cum
1286 879 1430 928 quibus
1475 881 1621 917 nedum
1657 894 1756 929 pau-

443 943 558 979 peres
592 945 806 980 regnorum
842 937 910 972 sed
934 936 1019 984 ipsa
1044 949 1163 985 regna
1186 938 1388 974 abstracta
1420 939 1544 975 ruinis
1568 948 1758 987 poterunt
1776 956 1814 977 io

444 989 600 1030 elevari.
625 993 672 1027 Et
694 993 742 1028 ad
767 1001 926 1030 tantum
956 995 1129 1041 pharisei
1150 995 1275 1031 nostri
1302 997 1475 1033 exaltant
1499 997 1574 1034 ista
1597 997 1754 1045 iocalia,

443 1047 546 1084 sicut
581 1058 840 1097 sumptuosas
876 1052 1074 1098 basilicas,
1112 1054 1222 1102 quod
1253 1053 1391 1090 dicunt
1425 1065 1588 1103 propter
1614 1068 1754 1092 eorum

443 1106 695 1144 sanctitatem
706 1109 1025 1147 abstraccionem
1042 1123 1123 1147 non
1140 1111 1543 1161 esselicitam‚ymmo
1553 1113 1753 1150 neminem

443 1176 560 1211 posse
582 1164 621 1200 in
651 1167 962 1214 sumptuositate
985 1168 1122 1205 talium
1157 1169 1330 1206 racionis
1353 1169 1520 1208 limitem
1550 1172 1753 1219 preterire.

165 1214 416 1286 ἇὲἓΐζθὲξξᾛζ
503 1223 710 1266 Quantum
757 1226 805 1261 ad
851 1226 1026 1264 hostiam
1076 1237 1366 1275 consecratam,
1421 1238 1529 1277 patet
1575 1242 1618 1266 ex
1662 1235 1811 1277 sepe15

165 1284 281 1312 hostis
300 1286 418 1323 merely
444 1279 561 1316 dictis
595 1283 806 1329 quomodo
841 1284 1064 1332 blasphemi
1097 1295 1134 1322 et
1166 1285 1350 1333 ydolatre
1389 1287 1429 1323 in
1469 1287 1545 1325 ista
1586 1287 1755 1324 materia

182 1327 220 1347 ³¹¹
242 1320 392 1347 acc1dent.
443 1348 534 1375 sunt
580 1339 708 1376 divisi.
756 1343 855 1378 Nam
896 1342 1073 1391 religiosi
1121 1344 1250 1381 nostri
1291 1345 1358 1393 qui
1393 1346 1611 1382 abhorrent
1643 1347 1754 1393 quod

443 1408 588 1443 panem
632 1409 869 1437 consecrent
915 1402 982 1437 sed
1028 1400 1269 1449 accidencia⁷
1315 1403 1535 1440 defendunt
1576 1403 1752 1452 pertina-

442 1453 542 1490 citer
574 1457 685 1503 quod
718 1457 851 1504 ipsum
887 1468 1182 1496 sacramentum
1218 1458 1293 1513 (sic
1326 1470 1541 1498 tractatum
1576 1463 1624 1499 ab
1655 1462 1752 1509 ipsis

441 1512 700 1558 sensibiliter)
744 1515 796 1551 sit
842 1517 1029 1553 accidens
1073 1519 1121 1553 ab
1168 1518 1224 1554 eis
1263 1518 1515 1567 incognitum
1556 1520 1596 1556 in
1640 1521 1751 1557 nullo
1768 1534 1812 1557 20

441 1569 680 1618 simpliciter
711 1574 994 1612 subiectatum.
1040 1577 1088 1612 Et
1120 1589 1256 1613 revera
1289 1590 1392 1625 papa
1426 1578 1752 1616 Innocencius

441 1636 479 1664 et
518 1628 603 1665 eius
646 1630 835 1678 discipuli
881 1642 1044 1679 possent
1088 1633 1213 1670 cicius
1253 1635 1381 1672 facere
1422 1636 1570 1673 multos
1617 1636 1752 1673 fideles

441 1687 603 1723 credere
641 1690 751 1737 quod
792 1689 923 1738 ipsum
963 1702 1261 1729 sacramentum
1303 1692 1353 1729 sit
1390 1703 1511 1742 caput
1549 1694 1652 1731 asini
1692 1694 1752 1730 vel

441 1756 679 1794 quecunque
714 1747 792 1783 alia
823 1746 1055 1786 substancia
1082 1750 1344 1788 nominanda.
1379 1754 1447 1789 Est
1472 1752 1597 1800 igitur
1620 1752 1751 1800 ipsum

440 1812 739 1841 sacramentum
799 1819 914 1843 verus
967 1807 1095 1854 panis,
1155 1809 1283 1845 factus
1335 1809 1483 1847 virtute
1534 1812 1749 1848 verborum
1769 1814 1808 1846 25

441 1860 606 1897 Domini
639 1875 784 1911 corpus
818 1865 986 1911 Christi3
1023 1875 1059 1902 et
1093 1866 1151 1902 sic
1185 1879 1275 1903 cum
1310 1868 1381 1905 hec
1415 1867 1576 1905 locucio
1612 1882 1751 1906 secun-

441 1918 536 1954 dum
570 1920 842 1968 Augustinum
881 1925 968 1960 Hoc
1000 1932 1054 1959 est
1092 1937 1234 1974 corpus
1272 1937 1395 1962 meum
1436 1926 1486 1962 sit
1524 1927 1749 1975 figurativa,

441 1986 551 2022 patet
577 1979 686 2025 quod
712 1979 841 2027 ipsum
867 1992 1166 2020 sacramentum
1195 1982 1246 2020 sit
1280 1984 1533 2020 adorandum
1569 1985 1717 2022 vicarie
1748 1985 1753 2035 1
1775 1978 1851 2040 90Ῑὲ

151 2039 219 2078 The
241 2039 311 2078 laipy
340 2039 425 2077 think
441 2035 562 2081 paulo
588 2049 708 2084 supra
731 2037 926 2087 imagines
949 2042 997 2076 ab
1022 2040 1186 2077 homine
1209 2041 1435 2079 fabricatas.
1467 2043 1749 2080 Communitas
1775 2024 1831 2057 ¹5¹

151 2074 422 2144 ’έοὲξεοιςάἓῇῗξςῗ
440 2102 573 2129 autem
611 2094 806 2132 laicorum
855 2106 969 2145 putat
1015 2100 1124 2147 quod
1169 2099 1282 2146 panis
1328 2099 1394 2136 ille
1437 2100 1488 2136 sit
1532 2101 1749 2149 idemptice
1767 2105 1808 2138 30

440 2162 588 2197 corpus
622 2153 786 2200 Christi,
820 2167 892 2191 nec
931 2156 1080 2192 audent
1118 2157 1257 2193 fratres
1298 2170 1473 2194 errorem
1514 2158 1635 2196 istum
1681 2161 1749 2196 ab·

440 2216 627 2256 stergere,
674 2219 756 2248 tum
802 2212 895 2261 quia
934 2214 1121 2261 ignorant
1161 2215 1257 2263 quid
1296 2217 1515 2253 secundum
1561 2226 1748 2254 naturam

440 2265 491 2301 sit
524 2266 625 2303 illud
658 2269 845 2306 sensibile
878 2281 1191 2318 sacramentum,
1219 2282 1310 2309 tum
1336 2274 1462 2310 eciam
1487 2275 1582 2323 quia
1605 2275 1748 2312 timent

441 2323 515 2359 sibi
549 2327 660 2373 quod
694 2329 906 2374 perderent
939 2330 1095 2366 lucrum
1128 2331 1416 2378 temporalium
1441 2341 1561 2381 atque
1585 2333 1746 2379 famam,

441 2391 478 2418 et
512 2382 568 2419 sic
601 2393 642 2419 ut
675 2384 854 2423 infideles
888 2387 1053 2424 heretici
1089 2388 1270 2426 incidunt
1305 2390 1343 2425 in
1377 2390 1745 2437 prevaricacionem
1766 2395 1804 2428 35

440 2439 560 2486 primi
596 2443 790 2488 mandati,
825 2455 861 2481 et
896 2445 952 2482 sic
985 2446 1090 2482 idem
1126 2447 1227 2484 foret
1260 2461 1428 2496 purgare
1457 2449 1666 2485 ecclesiam
1699 2451 1747 2486 ab

440 2499 512 2533 hac
558 2498 708 2536 infideli
754 2503 1051 2549 prevaricancia
1091 2514 1129 2540 et
1166 2505 1294 2542 facere
1335 2518 1421 2542 eam
1462 2507 1621 2553 penitus
1661 2507 1746 2543 sine

440 2568 536 2603 ruga
565 2558 675 2605 quod
698 2559 823 2596 solius
848 2561 919 2597 Dei
944 2572 1001 2598 est
1026 2573 1270 2599 reservatum
1296 2564 1344 2600 ad
1369 2573 1517 2601 statum
1542 2564 1581 2600 in
1606 2565 1747 2612 patria.

509 2642 532 2661 2.
554 2636 598 2662 A:
621 2635 799 2662 Conclusio.
851 2646 880 2669 4.
903 2638 944 2664 A:
967 2639 996 2665 iu
1018 2639 1118 2672 deest;
1142 2640 1180 2667 C:
1202 2639 1400 2667 infidelitatis.
1449 2640 1477 2667 (j.
1500 2641 1542 2667 A:
1567 2639 1747 2668 fundantur.

440 2678 465 2703 7.
488 2669 509 2695 B
532 2670 560 2696 in
584 2677 698 2704 marg:
721 2670 837 2698 Contra
859 2677 1059 2706 sumptuosas
1080 2675 1262 2708 ymaginum
1283 2675 1452 2708 impensas.
1509 2683 1548 2701 10.
1572 2683 1681 2709 regna;
1704 2677 1746 2702 A:

438 2704 579 2739 sequitur
600 2706 725 2737 lacuua;
746 2706 898 2734 abstracta
912 2707 1008 2736 deest.
1030 2709 1072 2735 A:
1097 2709 1189 2736 nimis
1213 2714 1359 2744 poterunt
1373 2710 1523 2743 relevare3
1546 2709 1746 2748 Bpoterunt;

440 2748 468 2766 in
486 2747 600 2771 marg:
624 2744 737 2773 petunt.
831 2741 865 2769 ¹5.
888 2742 916 2769 A
937 2742 967 2769 in
988 2751 1104 2775 marca:
1127 2743 1206 2771 Nota
1227 2752 1282 2779 pro
1303 2744 1511 2783 Eucharistia3
1534 2743 1555 2771 Β
1577 2753 1608 2771 m
1630 2752 1745 2778 marga

439 2773 587 2808 Hostiam
618 2782 647 2801 in
677 2774 765 2802 altari
790 2775 904 2804 diversi
931 2777 1139 2806 diversimode
1166 2779 1306 2806 adorant.
1342 2779 1387 2806 De
1420 2780 1517 2806 hostia
1553 2785 1744 2807 consecrata.

440 2809 479 2835 18.
502 2810 544 2836 A:
567 2815 765 2843 consecrant;
787 2810 825 2836 B:
847 2816 873 2838 et
895 2811 1074 2840 defendunt.
1148 2821 1191 2847 27.
1213 2815 1258 2841 A.
1279 2814 1308 2841 in
1330 2821 1441 2849 marg.:
1467 2813 1550 2849 Quid
1571 2819 1615 2841 est
1631 2822 1747 2853 'sacra-

439 2848 576 2871 mentum
599 2844 719 2878 altaris;
743 2845 763 2871 Β
785 2845 815 2872 in
836 2853 951 2880 marg.:
974 2845 1209 2875 Sacramentum
1230 2849 1302 2884 quid
1324 2854 1380 2876 est,
1483 2848 1527 2875 28.
1549 2848 1586 2875 13:
1609 2853 1746 2876 victarie.

437 2878 481 2905 30.
504 2877 576 2906 AC:
606 2883 709 2906 autem
739 2880 832 2907 deest.
943 2881 962 2907 Β
984 2882 1013 2908 in
1035 2890 1150 2915 marga
1182 2882 1237 2910 Hic
1267 2883 1310 2911 sis
1339 2888 1446 2910 cautus
1478 2883 1571 2916 (man.
1606 2885 1742 2917 recent.).

436 2911 478 2940 33.
501 2914 540 2939 A:
565 2914 647 2940 idem
668 2915 822 2942 sensibile.
896 2913 940 2950 37.
962 2916 1000 2942 13:
1022 2916 1122 2951 ipsam
1143 2917 1275 2952 penitus.
1349 2917 1394 2946 38.
1416 2917 1455 2944 13:
1478 2917 1576 2952 patria
1597 2922 1653 2945 etc.

505 2973 537 3002 4.
565 2962 594 2994 5.
621 2964 644 2996 I.
671 2964 749 2996 Cor.
778 2965 864 2996 VIII.
889 2976 923 3006 4.
