2017 3353
175 297 224 335 50
771 304 993 336 JOHANNIS
1011 304 1194 336 wvcmr
1223 304 1478 336 sERMONUM
1513 289 1666 348 [SERMO
1684 300 1763 327 &⁷1¹¹-

459 410 507 445 ad
554 422 715 446 sensum
762 409 961 446 misticum
1009 419 1066 446 est
1106 410 1270 457 triplex?
1316 410 1449 445 Prima
1481 409 1573 457 quia
1612 409 1649 444 in
1684 408 1768 455 lege

459 467 581 504 veteri
630 467 701 504 fuit
747 480 872 515 agnus
917 467 1128 504 anniculus
1172 467 1456 504 immaculatus
1501 466 1708 504 ordinatus
1748 478 1770 502 a

182 547 349 576 Threefold
371 554 432 575 rea-
460 525 641 571 domino,
682 535 726 563 ut
772 525 821 562 sit
864 525 993 562 hostia
1042 538 1114 574 pro
1162 534 1339 574 peccato.
1393 528 1442 562 Et
1489 537 1580 561 cum
1629 536 1769 561 omnes

202 582 515 647 ⁵⁰?-f‘ir1ffhgsofffli
554 583 643 632 agni
682 583 904 632 figurarunt
942 596 1032 620 cum
1076 583 1158 620 eius
1198 583 1512 620 circumstanciis
1559 582 1768 619 dominum

171 627 239 656 mys
253 626 374 681 ‘llcaambuS
458 643 591 678 Jesum
626 642 842 689 Christum,
884 641 1086 690 signanter
1117 642 1261 678 dicitur
1292 654 1417 693 agnus
1455 652 1649 690 tanquam
1683 639 1804 676 finis5

461 709 498 737 et
530 700 727 748 signatum
761 700 924 736 illorum
960 700 1156 737 omnium.
1192 701 1269 737 Sed
1301 700 1357 736 illi
1389 699 1478 748 agni
1511 699 1606 747 legis
1629 698 1771 735 veteris

461 758 622 795 fuerunt
655 760 910 795 sacerdotum
934 759 994 794 vel
1019 758 1294 795 offerencium.
1329 758 1512 794 Christus
1535 767 1669 794 autem
1694 756 1771 792 sin-

461 816 653 864 gulariter
685 825 742 853 est
773 829 898 864 agnus
932 816 1003 853 Dei
1046 829 1165 864 quem
1200 817 1386 853 sacerdos
1427 828 1609 852 summus
1650 814 1771 851 semel

462 887 534 922 pro
570 887 727 922 semper
758 874 905 911 obtulit
939 876 1022 910 Deo
1048 874 1161 922 patri.
1195 874 1282 910 Alia
1305 887 1423 911 causa
1446 873 1556 910 modi
1579 872 1773 921 loquendi

463 942 522 969 est
555 932 780 980 proprietas
815 932 1021 980 multiplex
1053 932 1142 980 agni
1176 932 1297 980 tipici‚
1332 945 1410 981 que
1433 931 1657 980 proprietas
1680 943 1772 967 ana·
1792 944 1832 966 10

462 990 590 1038 logice
622 992 690 1026 sed
724 990 878 1027 mistice
912 990 1103 1038 competit
1136 992 1256 1027 verbo
1291 991 1375 1037 Dei,
1417 999 1454 1026 et
1493 989 1615 1027 tercia
1655 1001 1774 1025 causa

463 1058 534 1093 est,
570 1048 663 1096 quia
695 1048 858 1096 spiritus
893 1058 1053 1085 sanctus
1087 1048 1126 1084 in
1160 1048 1335 1097 Baptista
1367 1048 1423 1085 sic
1456 1047 1650 1097 loquitur.

207 1134 286 1162 How
308 1132 410 1161 Christ
519 1109 567 1143 Et
601 1107 650 1142 ad
683 1106 983 1154 exprimendum
1019 1119 1180 1143 sensum
1216 1120 1296 1155 quo
1331 1106 1512 1143 Christus
1546 1116 1603 1143 est
1636 1117 1774 1152 agnus,

175 1170 280 1197 differs
301 1169 380 1196 from
397 1169 446 1195 the
462 1164 665 1212 signanter
717 1165 788 1201 hec
842 1165 986 1212 duplex
1040 1164 1265 1202 differencia
1310 1166 1521 1202 adunatur.
1585 1163 1774 1209 Quamvis

172 1207 272 1276 ιεξῖἓξ
288 1206 447 1268 {hfassffiqefe
462 1231 594 1259 autem
664 1222 728 1259 alii
791 1224 1020 1260 sacerdotes
1078 1223 1291 1260 absolvant
1341 1223 1544 1272 equivoce,
1594 1221 1775 1259 Christus
1797 1225 1833 1257 15

463 1290 599 1317 tamen
624 1281 811 1317 sacerdos
836 1293 1018 1317 summus
1043 1281 1148 1318 tollit
1173 1281 1406 1329 simpliciter
1427 1290 1590 1329 peccata
1622 1279 1775 1323 mundi,

463 1338 555 1387 quia
599 1338 664 1374 ille
703 1339 813 1375 solus
852 1339 1152 1376 universitatem
1187 1350 1445 1387 peccatorum
1480 1337 1775 1375 remissibilium

463 1407 520 1433 est
554 1397 677 1433 homo
712 1397 870 1443 tollens,
913 1407 950 1434 et
990 1398 1044 1434 sic
1077 1397 1284 1446 quodlibet
1317 1397 1514 1446 singulare
1554 1405 1776 1445 peccatum,

465 1468 554 1491 cum
580 1455 628 1492 sit
652 1455 891 1503 principium
918 1455 1236 1502 immaculatum,
1273 1469 1352 1505 quo
1378 1466 1509 1493 totum
1543 1467 1668 1503 genus
1703 1454 1778 1490 sal-

462 1514 686 1549 vandorum
722 1524 778 1550 est
811 1513 1068 1560 vivificatum,
1104 1514 1205 1550 sicut
1228 1527 1299 1562 per
1321 1514 1440 1551 elixer
1472 1522 1667 1561 purgatur
1698 1524 1778 1548 me·
1796 1526 1838 1548 20

463 1571 600 1607 tallum
635 1571 892 1608 immundum
926 1574 1147 1608 secundum
1182 1585 1285 1620 opus
1317 1572 1587 1609 alchimicum.
1621 1573 1670 1607 Et
1702 1570 1778 1606 ista

463 1629 659 1666 confessio
700 1629 875 1677 Baptiste
930 1642 972 1666 ex
1010 1630 1227 1678 prudencia
1266 1640 1303 1667 et
1342 1629 1540 1678 sapiencia
1581 1637 1617 1665 et
1649 1628 1780 1664 humi-

464 1687 572 1724 litate
606 1689 802 1725 redundat
840 1687 913 1724 sibi
945 1688 984 1723 in
1018 1688 1278 1736 multiplicem
1314 1689 1474 1725 laudem
1509 1696 1545 1723 et
1578 1686 1779 1723 meritum.

521 1745 695 1782 Ulterius
736 1745 775 1782 in
809 1746 1082 1783 testimonium
1126 1747 1371 1783 laudandum
1406 1747 1454 1782 de
1487 1745 1645 1782 Christo
1688 1756 1781 1792 pro-

465 1803 613 1851 rumpit
644 1805 846 1840 Johannes
880 1804 1122 1851 expressius:
1164 1806 1257 1841 Post
1289 1817 1347 1841 me
1379 1805 1479 1842 venit
1511 1803 1572 1841 νίν
1603 1803 1666 1853 qui
1697 1809 1783 1838 ante
1800 1807 1838 1840 25

464 1875 523 1898 me
542 1863 681 1911 sactus
713 1870 779 1906 est,
814 1862 877 1912 qui
902 1863 1018 1911 prior
1049 1875 1108 1899 me
1140 1871 1237 1909 erat,
1271 1871 1305 1899 et
1337 1876 1409 1914 ego
1443 1862 1652 1898 nesciebam
1685 1873 1783 1897 eum.

176 1938 331 1974 Difficulty
356 1945 390 1965 as
419 1942 450 1965 to
466 1920 599 1957 Prima
632 1930 767 1957 autem
791 1933 882 1968 pars
906 1920 1022 1957 huius
1046 1921 1158 1957 verbi
1182 1921 1356 1969 Baptiste
1380 1920 1484 1968 capit
1508 1919 1782 1956 difficultatem

176 1972 451 2036 iiioaigecivlgifffrevirii
466 1979 569 2026 apud
603 1978 777 2027 ignaros,
818 1992 908 2015 cum
952 1988 1113 2026 oportet
1147 1980 1258 2027 quod
1292 1978 1470 2026 Baptista
1513 1978 1704 2026 loquatur
1735 1977 1783 2013 de

245 2044 374 2079 Baptist.
467 2036 625 2072 Christo
669 2036 914 2083 humanitus⁷
975 2050 1065 2073 cum
1119 2038 1339 2073 secundum
1393 2035 1640 2072 divinitatem
1700 2047 1782 2070 non

467 2104 524 2130 est
558 2094 698 2140 factus,
734 2104 772 2131 et
805 2095 939 2142 quoad
974 2095 1265 2131 humanitatem
1291 2094 1449 2131 videtur
1471 2094 1581 2142 quod
1605 2091 1781 2140 Baptista
1798 2097 1840 2129 30

467 2151 540 2188 fuit
573 2152 699 2188 factus
732 2162 823 2189 ante
847 2151 1066 2198 Christum,
1101 2166 1191 2189 cum
1217 2152 1350 2189 statim
1377 2152 1545 2188 salutata
1568 2152 1684 2187 beata
1706 2150 1781 2186 vir-

467 2209 555 2257 gine
588 2210 900 2246 transmontavit
943 2219 980 2247 et
1021 2210 1205 2247 salutavit
1238 2210 1443 2246 Elizabeth
1476 2219 1513 2246 et
1552 2208 1685 2246 statim
1720 2220 1781 2244 ex-

467 2267 607 2304 ultavit
631 2267 807 2315 Baptista
828 2267 955 2304 infans
988 2268 1026 2304 in
1059 2278 1175 2305 utero
1209 2281 1281 2304 suo
1306 2266 1364 2320 (ut
1396 2276 1505 2316 patet
1539 2268 1631 2303 Luc.
1659 2264 1700 2317 I).
1734 2268 1783 2302 Et

467 2326 842 2373 quomodocunque
876 2326 965 2374 quis
991 2326 1158 2372 finxerit,
1192 2325 1398 2374 probabile
1421 2325 1579 2362 videtur
1602 2337 1645 2361 ex
1668 2336 1783 2360 evan-

467 2383 568 2431 gelio
602 2384 713 2431 quod
747 2383 924 2431 Baptista
964 2384 1035 2420 fuit
1070 2394 1188 2421 natus
1226 2383 1265 2420 in
1304 2394 1419 2420 utero
1454 2393 1668 2432 antequam
1703 2384 1782 2418 Do-
1801 2386 1840 2419 35

467 2440 598 2477 minus
632 2450 717 2477 erat
748 2450 877 2481 natus.

525 2499 618 2535 Ideo
652 2511 723 2547 pro
757 2498 965 2535 solucione
1006 2499 1119 2537 istius
1164 2500 1387 2536 notandum
1422 2500 1532 2548 quod
1560 2506 1648 2549 post
1690 2497 1783 2534 dicit

467 2556 763 2594 successionem
804 2557 843 2593 in
876 2566 1072 2605 tempore,
1113 2558 1167 2594 sic
1200 2560 1312 2606 quod
1347 2557 1528 2594 Christus
1568 2566 1687 2593 natus
1726 2564 1783 2592 est

535 2642 557 2661 ι.
578 2633 647 2662 BC:
669 2633 840 2667 multiplex.
956 2641 983 2669 7,
1013 2632 1040 2660 8.
1062 2635 1109 2662 At
1132 2634 1349 2669 singularitur.
1460 2641 1489 2668 9.
1523 2634 1551 2661 A
1572 2633 1603 2660 in
1624 2641 1738 2667 marg.:
1758 2639 1784 2659 2.

468 2677 509 2696 ιο.
530 2670 575 2696 A:
596 2668 669 2703 agni
688 2673 716 2696 et
736 2668 832 2703 tipici.
882 2668 1047 2699 10.11BC:
1070 2669 1244 2702 anologice.
1301 2677 1335 2696 Η.
1357 2670 1385 2696 Α
1407 2669 1436 2696 in
1458 2676 1573 2703 marg.:
1594 2667 1620 2694 3.
1676 2669 1713 2696 13.
1734 2668 1784 2695 A:

467 2711 595 2736 sensus3
616 2704 657 2731 ib.
678 2704 807 2742 quuo
829 2703 925 2730 deest.
1008 2711 1051 2736 ¹4-
1072 2706 1119 2731 A:
1142 2705 1316 2740 multiplex.
1390 2704 1425 2732 ι5.
1446 2703 1468 2730 Β
1489 2703 1518 2731 in
1540 2710 1657 2737 marg:
1688 2702 1782 2730 Solus

467 2737 612 2766 Christus
633 2738 819 2773 simpl1c1ter
838 2738 917 2765 tollit
938 2742 1063 2773 peccata
1084 2738 1205 2765 mundi.
1277 2739 1378 2774 17.A:
1395 2738 1608 2766 universitate.
1682 2736 1723 2776 [8.
1741 2736 1783 2764 C:

467 2773 675 2808 singulariter.
764 2771 873 2811 ².0·.B²
895 2778 1018 2808 purgat.
1117 2773 1159 2801 C:
1184 2774 1238 2800 sic.
1278 2809 1282 2812 Ι
1335 2774 1545 2813 213Aztopus
1566 2772 1783 2810 abbrumcum.

467 2807 490 2834 B
507 2810 536 2835 in
558 2815 630 2870 mag
657 2817 664 2847 ς
684 2807 876 2869 Alchimssain
896 2849 926 2869 m
976 2815 1019 2835 22.
1041 2807 1112 2835 BC:
1134 2808 1308 2870 prgdeffia·
1325 2815 1496 2870 staplencizti.
1573 2845 1583 2868 t
1602 2841 1616 2868 J
1631 2808 1730 2868 28.ῃῇ
1751 2813 1780 2867 {g

467 2850 533 2869 mar
558 2851 581 2869 .:
656 2850 764 2871 leccio.
931 2850 963 2870 ar
986 2851 1011 2869 .:
1079 2850 1172 2870 uomo
1197 2852 1214 2870 0
1286 2851 1327 2870 ris
1345 2851 1380 2870 us
1400 2850 1469 2869 veni
1535 2849 1569 2869 os
1619 2849 1637 2868 o
1663 2849 1678 2867 a
1728 2849 1742 2868 e

490 2877 520 2904 ui
540 2877 640 2905 factus
659 2882 705 2905 est
723 2882 792 2904 ante
811 2877 926 2912 ipsum.
998 2876 1040 2904 33.
1062 2881 1106 2904 A:
1129 2878 1158 2904 in
1181 2883 1279 2905 utero,
1301 2877 1384 2905 Luce
1405 2878 1439 2904 10.
1522 2876 1570 2910 34.
1596 2877 1648 2904 A:
1669 2875 1782 2903 fixerit.

467 2885 484 2918 ,⁴³
536 2849 554 2876 g
837 2913 840 2916 ,
964 2850 983 2877 g
1046 2842 1074 2878 Q
1165 2912 1170 2916 .
1503 2849 1531 2915 ,Ρ
1741 2910 1746 2914 .

465 2911 510 2973 ἐξ,
530 2912 576 2940 36.
596 2912 641 2940 A:
662 2920 740 2975 sung
759 2911 914 2973 dominust.
1035 2910 1079 2947 37.
1108 2913 1136 2940 A
1164 2920 1193 2939 in
1222 2920 1334 2947 marg.:
1358 2912 1542 2947 Responsio.
1576 2910 1618 2938 B:
1640 2910 1781 2939 Solucio.

506 2967 513 2973 .
533 2952 691 2982 tempore3
753 2955 760 2973 ε
783 2951 813 2974 te
855 2956 886 2971 =
915 2951 1096 2982 empestate.
