2017 3353
258 282 394 312 SERMo
415 270 536 328 xL111.]
768 283 908 316 PRIMA
934 283 1061 315 PARS.
1789 275 1865 311 285

259 390 417 428 occasio
450 389 706 438 superbiendi
741 402 862 438 quam
895 388 925 425 si
960 390 1008 425 de
1041 389 1147 425 bono
1188 387 1320 425 alieno
1359 387 1576 436 superbiat.

259 450 350 485 Ideo
375 449 470 485 dicit
494 448 728 496 Apostolus:
760 447 863 491 Quid
885 447 1001 483 habes
1024 447 1125 495 quod
1148 459 1220 482 non
1235 446 1444 495 accepisti?
1468 447 1580 482 Unde

258 507 404 543 dicitur
447 505 717 543 communiter
759 506 867 553 quod
911 504 1099 552 superbia
1143 504 1232 541 talis
1269 512 1409 540 contra
1450 504 1576 551 legem

258 564 342 610 Dei,
391 574 531 602 contra
575 565 701 612 legem
746 572 889 599 nature
941 571 977 599 et
1031 571 1171 599 contra
1225 563 1352 610 legem
1406 562 1579 598 humane

225 622 427 661 Siusticie.
453 625 604 660 Contra
636 622 764 669 legem
791 620 876 665 Dei,
911 633 1001 656 cum
1027 620 1236 668 proprium
1271 619 1321 656 sit
1344 622 1429 656 Deo
1464 632 1506 656 ex
1540 632 1580 655 se

257 681 444 718 virtutem
489 679 702 717 laudabilis
746 678 982 715 excellencie
1027 678 1246 726 possidere.
1289 677 1399 714 Talis
1446 686 1579 714 autem

257 741 452 788 superbus
491 739 756 786 blasphemat,
803 738 1000 773 sumendo
1039 736 1114 773 sibi
1154 738 1349 773 honorem
1390 735 1457 784 qui
1497 738 1581 772 Deo

258 807 315 834 est
348 796 547 846 proprius.
582 798 733 833 Contra
765 804 952 832 naturam
992 804 1132 843 peccat
1166 807 1256 831 cum
1289 793 1500 830 instinctus
1532 793 1582 829 sit

257 865 401 892 nature
434 854 652 899 deiformis,
693 866 775 890 non
808 854 1028 890 secundum
1062 861 1218 901 partem
1253 851 1579 889 excellenciorem

204 928 242 950 ιο
258 927 379 962 quam
409 926 431 950 a
456 915 540 950 Deo
569 912 711 960 recipit
740 911 959 960 superbire,
998 912 1065 948 sed
1090 910 1499 959 proporcionabiliter
1531 911 1580 946 ad

258 974 395 1009 datum
429 972 517 1020 plus
549 970 798 1019 proficiendo
838 969 1017 1006 influere.
1058 971 1209 1006 Contra
1246 969 1372 1017 legem
1407 969 1581 1004 humane

257 1029 413 1066 iusticie
446 1038 515 1075 est,
552 1042 641 1065 cum
676 1028 715 1064 in
748 1037 854 1065 statu
876 1027 1110 1064 innocencie
1133 1040 1213 1064 non
1237 1026 1489 1075 superbirent
1513 1025 1580 1074 qui

258 1089 345 1137 plus
379 1087 472 1124 boni
506 1100 528 1124 a
554 1089 637 1123 Deo
661 1086 861 1135 recipiunt
883 1087 952 1122 sed
974 1085 1097 1134 gratis
1121 1087 1210 1133 plus
1234 1085 1580 1122 communicarent

258 1147 367 1195 quod
400 1147 450 1182 ad
485 1146 589 1181 hunc
623 1145 741 1181 finem
776 1143 987 1193 recipiunt.

204 1208 240 1242 15
316 1205 501 1241 Secunda
539 1203 648 1240 racio
682 1216 761 1252 qua
798 1203 1006 1239 tolleretur
1038 1201 1113 1238 ista
1142 1214 1235 1238 ceca
1264 1200 1451 1249 superbia
1480 1201 1582 1238 foret
1645 1207 1705 1246 We
1727 1207 1818 1234 know

258 1262 448 1299 bonitatis
471 1262 564 1298 facti
589 1261 742 1310 proprii
766 1270 803 1297 et
829 1259 1150 1297 conversacionis
1174 1259 1302 1296 aliene
1319 1259 1447 1296 finalis
1471 1259 1581 1307 igno-
1596 1242 1875 1312 ῃζᾏοὲἓὲἔῃῗζὸῒῗη»

258 1320 408 1358 rancia.
433 1319 530 1366 Quis
563 1319 667 1356 enim
701 1319 887 1367 cognovit
920 1331 1079 1355 sensum
1105 1317 1268 1354 Domini
1300 1319 1351 1354 ad
1383 1326 1579 1366 quantum
1631 1313 1788 1374 oubstiigfss
1808 1320 1843 1339 ‘³¹‘

258 1378 457 1428 premium
480 1378 542 1414 vel
565 1390 709 1426 penam
734 1377 910 1425 disponit
933 1376 1164 1413 hominem?
1188 1377 1266 1412 Aut
1289 1388 1408 1424 quem
1433 1376 1579 1412 exitum
1785 1369 1791 1374 ’

258 1436 420 1474 habebit
452 1436 532 1473 vita
565 1449 636 1472 sua
658 1436 719 1473 vel
741 1434 905 1472 alterius
929 1433 1179 1483 comparati?
1213 1434 1471 1483 Blasphemat
1495 1433 1582 1483 qui-

199 1509 242 1531 20
259 1496 349 1532 dem
382 1494 422 1531 in
456 1493 631 1531 divinam
665 1493 912 1542 sapienciam
946 1493 1013 1542 qui
1046 1492 1086 1529 in
1119 1493 1195 1529 ista
1218 1492 1388 1529 materia
1419 1492 1475 1528 sic
1509 1492 1580 1528 dif-

257 1552 406 1590 finitive
438 1552 601 1589 iudicat.

314 1613 364 1648 Et
395 1610 520 1648 tercia
549 1610 659 1647 racio
691 1609 1011 1659 superfluitatem
1047 1618 1084 1645 et
1116 1607 1308 1645 invidiam
1332 1609 1476 1645 tollens
1509 1617 1579 1654 est,
1627 1615 1688 1655 We
1708 1616 1783 1655 haye
1804 1621 1834 1643 to

257 1679 300 1706 ut
333 1668 500 1718 quilibet
533 1670 581 1705 de
614 1670 721 1705 bono
754 1667 887 1705 fratris
927 1668 1177 1715 congaudeat
1211 1675 1248 1703 et
1282 1668 1329 1703 de
1362 1668 1470 1704 malo
1504 1666 1581 1703 dis·
1595 1652 1868 1720 ςζᾞΞῙξῖ-Ῑέῃξξξς,

258 1727 417 1776 pliceat.
453 1728 544 1763 Ideo
578 1726 657 1763 sive
690 1727 812 1763 frater
846 1727 974 1762 bonus
1014 1725 1131 1761 fuerit
1169 1724 1250 1761 sive
1289 1726 1430 1769 malus,
1472 1738 1580 1762 com·
1596 1725 1648 1747 not
1671 1729 1816 1757 compare
1836 1722 1868 1749 it.

201 1789 240 1821 25
258 1785 423 1834 paracio
458 1793 515 1822 est
548 1784 811 1833 impertinens
843 1783 920 1820 nisi
953 1785 1001 1820 de
1025 1792 1175 1832 quanto
1199 1784 1249 1819 ad
1275 1782 1495 1820 bonitatem
1520 1782 1580 1819 sui

257 1852 480 1892 promovet,
497 1852 534 1879 et
550 1844 654 1879 ultra
676 1852 732 1879 est
754 1842 1003 1891 superfluum
1019 1853 1277 1890 comparare;
1303 1850 1339 1877 et
1362 1841 1417 1877 sic
1441 1850 1581 1878 contra

256 1901 496 1938 Trinitatem
531 1910 588 1938 est
621 1900 727 1938 dicta
759 1900 959 1949 superbia.

317 1961 502 1997 Secunda
547 1959 731 1996 doctrina
775 1958 969 2007 evangelii
1017 1967 1074 1995 est
1119 1970 1258 1994 cavere
1304 1959 1352 1994 de
1396 1957 1579 2006 proximo
1620 1954 1841 2018 Abl'fgssffieffissh

258 2027 407 2055 temere
441 2017 632 2054 iudicare.
667 2017 848 2054 Sumitur
881 2026 1015 2054 autem
1049 2016 1227 2053 iudicare
1251 2017 1301 2052 ad
1325 2016 1578 2064 propositum
1646 1999 1652 2025 ¹
1702 2011 1718 2025 ⁰
1810 2012 1815 2017 ”

201 2079 243 2111 30
259 2089 332 2125 pro
371 2075 579 2113 diffinitive
623 2088 812 2112 asserere.
859 2077 914 2111 Ex
959 2088 1039 2124 quo
1078 2084 1187 2123 patet
1227 2076 1334 2123 quod
1374 2074 1578 2111 hominem

257 2134 435 2171 iudicare
469 2136 516 2171 de
548 2133 622 2170 sibi
655 2133 845 2182 ambiguo
879 2142 935 2170 est
967 2133 1134 2170 omnino
1157 2133 1405 2181 superfluum
1430 2141 1467 2169 et
1489 2145 1580 2181 pec-

259 2202 412 2238 catun13
446 2192 623 2229 iudicare
657 2191 783 2229 eciam
818 2193 866 2228 de
899 2191 973 2227 sibi
1010 2191 1185 2237 notorio,
1226 2204 1317 2227 cum
1356 2204 1437 2227 non
1477 2191 1581 2227 cedit

258 2252 309 2287 ad
340 2250 555 2287 utilitatem
589 2250 753 2287 ecclesie
786 2251 854 2286 sed
887 2249 1136 2298 placenciam
1171 2251 1218 2286 de
1253 2249 1375 2295 malo,
1411 2258 1469 2286 est
1501 2262 1581 2285 non

260 2309 390 2345 minus
413 2309 661 2357 superfluum
692 2317 729 2345 et
757 2307 958 2345 nocivum.
989 2310 1037 2344 Et
1065 2309 1142 2344 tale
1171 2307 1364 2344 iudicium
1395 2307 1581 2356 prohibet

203 2370 242 2403 35
259 2366 453 2404 Christus.
489 2367 630 2413 Nolite,
654 2366 796 2415 inquit,
821 2367 994 2403 iudicare
1017 2374 1051 2402 et
1075 2379 1147 2402 non
1180 2366 1450 2403 iudicabimini.
1483 2366 1581 2402 Tale

260 2424 365 2461 enim
399 2424 593 2461 iudicium
626 2424 886 2461 temerarium
920 2433 957 2461 et
991 2425 1270 2472 blasphemum
1311 2423 1479 2472 requirit
1512 2425 1580 2459 du-

329 2582 353 2610 3.
375 2583 460 2615 talis;
482 2584 562 2610 scih:
585 2588 639 2610 est.
678 2583 702 2611 5.
724 2584 752 2610 A
773 2583 802 2610 in
824 2592 938 2619 marg:
961 2592 986 2610 a.
1039 2582 1063 2618 5,
1086 2584 1114 2610 ί).
1138 2583 1202 2610 BC:
1232 2583 1401 2610 secundnm
1424 2582 1577 2609 virtutem.

260 2626 285 2644 ”.
306 2619 350 2645 A:
375 2618 526 2653 superbus
547 2618 641 2645 deest.
750 2619 777 2645 S.
797 2620 826 2645 A
846 2619 875 2645 in
898 2627 1011 2654 marg:
1042 2619 1075 2646 b:
1106 2618 1127 2645 B
1149 2618 1178 2645 in
1201 2626 1314 2653 marg:
1343 2617 1495 2652 Superbia
1522 2616 1578 2650 legi

260 2636 325 2682 imi.
348 2657 454 2680 nature
475 2657 502 2679 et
523 2653 654 2680 humane
676 2653 794 2680 iusticie
814 2658 859 2680 est
879 2653 1042 2680 contraria.
1095 2662 1135 2680 10.
1153 2653 1218 2680 BC:
1241 2653 1322 2688 quod
1345 2652 1431 2679 adeo.
1484 2659 1516 2678 11.
1534 2652 1577 2678 A:

260 2688 289 2714 in
311 2688 516 2723 proficiendo:
539 2688 578 2714 ib.
600 2689 627 2714 A
648 2688 677 2715 in
700 2696 813 2722 marga
836 2696 860 2714 c.
918 2688 953 2715 15.
976 2689 1003 2715 Α
1024 2688 1052 2715 in
1075 2696 1188 2722 marga
1212 2695 1243 2716 2:
1266 2688 1287 2714 l’›
1308 2688 1337 2714 in
1360 2695 1472 2721 marga
1496 2686 1577 2720 Quid

261 2727 422 2757 promovet
443 2722 479 2749 ad
500 2723 669 2749 tollendum
692 2722 879 2757 superbiam.
989 2731 1030 2758 19.
1053 2724 1096 2750 A:
1120 2723 1180 2749 vita
1201 2722 1294 2749 deest.
1405 2730 1446 2751 ιω,
1468 2729 1514 2748 20.
1540 2721 1577 2747 15:

260 2757 396 2792 quidam.
471 2765 516 2784 20.
538 2758 583 2784 A:
606 2757 677 2792 quia
697 2757 737 2784 in.
818 2765 860 2784 22.
883 2758 911 2784 Α
931 2757 960 2784 in
982 2766 1096 2791 marga
1119 2756 1150 2787 3:
1180 2757 1219 2783 ib.
1241 2758 1284 2783 A:
1307 2761 1396 2791 atque
1419 2754 1577 2782 invidiam.

260 2794 304 2853 ἰῑὸ.
326 2792 404 2819 Ain
426 2800 540 2826 marg:
572 2792 687 2819 Contra
717 2792 864 2819 iudicium
896 2792 1110 2822 temerarium:
1140 2794 1163 2819 Β
1190 2792 1219 2818 in
1247 2799 1360 2826 marga
1393 2791 1434 2817 Ile
1465 2790 1578 2817 indicio

269 2835 405 2854 mmano.

332 2921 361 2941 2.
391 2911 413 2941 1.
440 2911 520 2943 Cor.
547 2911 605 2951 IV,
632 2922 663 2954 7.
739 2910 790 2942 35.
819 2912 933 2943 Lucae
961 2912 1016 2951 VI,
1046 2910 1097 2943 36.
1127 2910 1178 2942 Cf.
1206 2910 1368 2942 Matthaei
1399 2910 1473 2951 VIl,
1504 2920 1530 2943 1.
