2017 3353
257 257 393 285 πωπω
416 246 496 304 xx]
781 259 918 291 PRlMA
948 257 1073 290 PARS.
1790 252 1860 288 135

314 368 414 402 Cum
449 379 542 414 ergo
576 366 756 402 Christus
789 375 883 403 tunc
912 367 1066 403 sanavit
1089 375 1170 402 tam
1197 367 1344 402 multos
1368 367 1574 402 demonia-
1590 362 1864 424 Ἆὶξέῑῑὲἰῇἓᾝδὴ

255 437 335 469 cos,
370 433 411 460 ut
444 424 518 472 ipsi
554 423 735 460 dixerunt
769 437 811 460 ex
846 424 1083 461 multiformi
1114 423 1308 460 divisione
1341 425 1683 465 demo11u1n,xx-asa
1698 432 1863 469 proofthat

256 491 363 529 patet
397 484 506 530 quod
539 491 698 530 oportet
731 482 838 530 ipsos
863 484 1083 519 concedere
1107 495 1129 518 a
1153 481 1353 530 probabili
1387 481 1573 518 Messiam
1617 465 1834 528 Mesggssc‘was

255 539 420 585 venisse,
453 539 599 576 virtute
633 540 744 576 cuius
778 541 903 577 eciam
938 540 1182 589 principales
1215 541 1406 576 demones
1440 548 1530 575 sunt
1555 552 1575 575 a

221 599 337 634 §Deo
383 598 570 638 desolati:
617 607 653 634 et
692 599 741 634 ad
786 599 891 635 idem
935 598 1029 635 facit
1074 599 1181 647 quod
1226 597 1341 634 multi
1386 598 1576 634 demones

254 665 438 692 exeuntes
462 657 511 692 ab
536 656 766 692 hominibus
800 657 968 693 eandem
999 655 1246 693 sentenciam
1271 664 1362 692 sunt
1392 655 1574 692 confessi.

311 714 495 750 Secundo
530 714 659 762 arguit
684 715 864 751 Christus
887 714 1093 763 phariseos
1117 723 1153 750 et
1176 722 1334 761 gentem
1357 713 1574 756 Iudaicam,

253 784 296 807 ex
336 772 410 808 hoc
444 773 552 820 quod
590 772 621 808 si
661 772 842 809 Christus
881 772 937 809 sic
976 772 1090 809 eiecit
1129 773 1333 817 demones,
1379 780 1473 808 tunc
1518 781 1574 808 est

253 839 441 877 peccator
492 830 719 878 precipuus,
775 830 868 879 quia
922 830 1099 878 magicus
1152 829 1337 866 infidelis.
1398 831 1445 865 Et
1505 843 1574 877 per
1589 834 1721 861 Christ's
1749 835 1861 862 second

200 904 237 925 ιο
252 900 501 936 consequens
546 888 585 925 in
631 888 776 925 virtute
816 897 852 925 et
892 888 931 924 in
970 888 1133 925 nomine
1172 887 1254 924 eius
1294 888 1467 936 apostoli
1506 888 1574 936 qui
1635 874 1814 905 argu1ne111;

251 955 342 982 sunt
376 945 445 982 filii
479 946 617 994 populi
649 946 805 983 Judaici
828 959 909 983 non
934 946 1108 983 eicerent
1137 947 1329 982 demones
1363 946 1402 981 in
1426 946 1573 982 Christi

251 1003 434 1048 nomine3
470 1017 719 1053 consequens
752 1005 910 1050 falsum,
945 1004 1036 1041 ideo
1061 1004 1134 1053 ipsi
1159 1016 1336 1041 crassam
1361 1004 1571 1041 cecitatem

250 1061 458 1098 judaicam
514 1062 554 1099 in
606 1062 755 1099 iudicio
815 1063 1064 1100 indicabunt.
1119 1065 1220 1099 Nam
1275 1062 1342 1098 illa
1401 1075 1573 1110 persona

250 1119 394 1156 virtute
428 1120 539 1157 cuius
572 1121 746 1157 nominis
781 1121 953 1169 apostoli
988 1122 1182 1157 demones
1216 1120 1432 1165 eiecerunt,
1472 1120 1573 1157 sicut

199 1178 361 1216 15Judei
394 1178 486 1215 victi
509 1180 558 1216 ab
582 1179 831 1227 experiencia
862 1191 1008 1227 negare
1041 1191 1122 1215 non
1156 1187 1355 1227 poterant,
1395 1187 1451 1215 est
1489 1187 1574 1215 tota

251 1245 409 1273 caterva
433 1238 650 1274 demonum
675 1237 871 1285 superior,
897 1237 988 1286 quia
1014 1236 1128 1274 aliter
1158 1249 1200 1273 ex
1224 1237 1362 1273 innata
1385 1236 1573 1285 superbia

250 1294 355 1330 istud
388 1307 470 1331 non
503 1295 690 1332 sinerent.

308 1354 384 1388 Pro
438 1353 562 1389 tercio
607 1362 734 1401 patet:
790 1354 833 1388 Si
879 1353 1058 1389 Christus
1107 1354 1142 1388 in
1194 1353 1317 1403 digito
1361 1353 1437 1389 Dei
1488 1353 1572 1389 eicit
1633 1354 1808 1382 His-third:

250 1411 439 1457 demonia,
482 1410 566 1459 ipse
611 1411 677 1460 qui
723 1420 780 1448 est
824 1420 943 1459 caput
988 1411 1166 1457 ecclesie,
1213 1420 1249 1447 et
1293 1423 1460 1459 regnum
1500 1410 1571 1447 Dei

192 1482 234 1504 20
249 1477 344 1504 tunc
387 1478 549 1506 venerat
583 1469 685 1506 inter
723 1469 824 1506 illos.
872 1471 972 1506 Nam
1013 1470 1143 1505 solum
1183 1481 1253 1517 per
1291 1469 1422 1518 ipsum
1468 1469 1572 1506 inter

250 1526 432 1563 homines
465 1536 624 1564 caterva
663 1528 881 1564 demonum
921 1527 994 1563 fuit
1034 1529 1265 1564 desolanda.
1309 1530 1395 1576 Ipse
1434 1537 1568 1565 autem

248 1585 325 1621 Dei
356 1585 479 1635 digito
513 1594 716 1634 operatur,
751 1585 817 1634 qui
851 1598 894 1622 ex
927 1585 1091 1633 speciali
1131 1595 1168 1622 et
1201 1586 1338 1623 subtili
1378 1586 1570 1622 instinctu

249 1642 421 1690 Spiritus
446 1643 581 1680 Sancti
605 1656 724 1692 super
757 1644 975 1680 humanam
1010 1644 1239 1692 potenciam
1265 1654 1468 1693 operatur.
1493 1645 1570 1680 Sed

248 1700 304 1737 sic
349 1701 441 1737 fecit
480 1701 662 1738 Christus
709 1702 943 1750 castigando
989 1703 1198 1742 demones:
1256 1716 1349 1751 sepe
1393 1715 1568 1751 namque

193 1758 288 1795 25in
320 1759 485 1796 nomine
517 1772 588 1796 suo
622 1759 705 1796 sine
738 1773 889 1808 pompa
920 1761 980 1797 vel
1012 1761 1124 1796 lucro
1158 1761 1265 1809 ipsos
1299 1761 1469 1798 eiecerat
1512 1763 1570 1806 (ut

248 1826 357 1864 patet
410 1830 452 1853 ex
507 1830 697 1865 processu
740 1818 964 1866 evangelii).
1012 1820 1110 1855 Cum
1164 1832 1257 1867 ergo
1308 1818 1480 1867 apostoli
1530 1818 1569 1854 in

248 1874 412 1911 nomine
446 1875 593 1911 Christi
622 1876 801 1912 fecerunt
825 1876 1019 1913 miracula
1043 1886 1079 1913 et
1104 1890 1125 1913 a
1150 1877 1310 1914 Christo
1333 1877 1569 1925 germinavit

248 1933 307 1969 lex
351 1942 432 1969 tam
477 1943 615 1970 sancta
661 1943 697 1970 et
741 1934 973 1971 omnimode
1018 1935 1258 1983 insuspecta,
1298 1937 1416 1984 plane
1460 1943 1569 1983 patet

249 1992 355 2039 quod
400 1991 483 2039 ipse
528 1991 595 2041 qui
640 2001 696 2028 est
741 1992 958 2029 maximum
1005 1993 1132 2030 iocale
1178 1994 1343 2031 ecclesie
1387 1994 1568 2042 profecto

190 2052 231 2084 30
247 2058 408 2086 venerat
442 2049 544 2086 inter
576 2049 676 2086 illos.

306 2109 460 2153 Quarto
494 2108 661 2144 assumit
685 2108 866 2145 Christus
901 2117 942 2144 ut
976 2122 1045 2157 per
1078 2123 1118 2146 se
1149 2119 1290 2147 notum
1326 2111 1447 2158 quod,
1482 2122 1564 2145 cum
1617 2107 1673 2136 His
1695 2108 1814 2143 sonsum

235 2166 362 2214 fortis
389 2174 566 2203 armatus
594 2167 759 2203 custodit
792 2179 881 2203 cum
913 2176 997 2204 tota
1021 2168 1234 2216 diligencia
1265 2169 1408 2204 atrium
1441 2181 1566 2212 suum,

246 2223 281 2259 in
320 2236 418 2273 pace
460 2232 548 2261 sunt
590 2237 632 2260 ea
677 2237 747 2273 que
786 2226 972 2273 possidet,
1012 2227 1086 2262 nisi
1121 2227 1200 2275 ipse
1226 2227 1388 2276 forcior
1430 2239 1565 2275 super-

246 2282 391 2318 venerit
434 2291 470 2318 et
509 2295 598 2318 eum
632 2282 828 2319 vincendo
862 2293 1005 2320 cuncta
1037 2297 1149 2321 arma
1188 2285 1269 2321 eius
1309 2284 1485 2333 rapuerit
1530 2293 1566 2320 et

187 2342 226 2376 33
245 2339 482 2376 satellitibus
516 2340 595 2376 suis
628 2340 713 2388 ipsa
739 2341 912 2381 dederit:
947 2355 1037 2378 cum
1062 2356 1155 2391 ergo
1179 2343 1234 2379 sic
1259 2343 1307 2379 sit
1332 2345 1379 2379 de
1403 2343 1565 2379 diabolo

245 2406 364 2446 atque
404 2398 576 2443 Christo,
623 2408 731 2446 patet
771 2401 879 2447 quod
920 2400 1100 2437 Christus
1145 2410 1200 2437 est
1240 2414 1358 2449 super
1402 2414 1563 2437 omnem

246 2457 464 2492 demonum
497 2465 752 2505 potestatem.
787 2459 943 2494 Demon
976 2459 1081 2495 enim
1117 2468 1173 2495 est
1206 2459 1332 2505 fortis,
1369 2472 1459 2495 cum
1491 2460 1564 2495 ι101)

246 2514 364 2559 XL10,
390 2524 442 2560 24
476 2515 523 2551 de
556 2514 643 2562 ipso
666 2515 872 2552 scribitur:
896 2516 983 2552 Non
1006 2525 1061 2553 est
1084 2525 1256 2567 potestas
1277 2530 1395 2567 supet·
1417 2525 1564 2554 terram

246 2584 315 2621 que
346 2572 382 2608 ei
412 2572 512 2609 valet
544 2573 778 2622 comparari.
804 2575 934 2611 Habet
957 2574 1083 2611 eciam
1107 2588 1232 2622 arma,
1264 2575 1357 2624 quia
1390 2576 1564 2612 cautelas

185 2644 230 2675 40
246 2631 465 2666 secundum
490 2643 602 2667 suam
626 2632 850 2668 naturalem
872 2633 1100 2681 potenciam
1118 2634 1312 2682 populum
1329 2633 1563 2671 seducendi:

314 2761 340 2786 7.
362 2753 389 2780 A
409 2752 438 2780 in
460 2761 573 2787 marga
596 2761 636 2780 2⁰.
689 2753 716 2780 8.
740 2755 782 2781 A:
805 2755 886 2789 quod
910 2755 1034 2783 scilicet.
1082 2764 1122 2783 10.
1144 2757 1237 2798 Ag‘et
1258 2755 1392 2782 nomine.
1445 2763 1478 2782 11.
1496 2755 1560 2783 ssC:

248 2787 353 2822 populi
375 2787 468 2826 deest.
556 2789 596 2815 JN.
619 2787 686 2815 BC:
708 2789 803 2815 Porro
825 2789 936 2818 tercio:
958 2791 985 2817 A
1006 2790 1034 2817 in
1058 2799 1170 2825 marg:
1192 2800 1216 2818 J.
1302 2799 1341 2817 21.
1364 2792 1406 2817 A:
1430 2790 1560 2817 fueraut.

245 2829 287 2849 22.
309 2823 354 2849 A:
376 2827 520 2849 extmctu.
571 2830 618 2857 24.
639 2823 682 2850 A:
706 2823 848 2851 Christus
870 2823 963 2852 deest.
1014 2826 1059 2852 28.
1076 2827 1119 2853 A:
1165 2826 1229 2852 lenc
1251 2830 1340 2860 patet.
1392 2833 1438 2860 29.
1454 2824 1500 2852 30,
1516 2826 1560 2852 A:

246 2856 377 2890 perfecte
398 2861 531 2884 venerat.
625 2856 663 2884 31.
685 2858 713 2885 A
734 2858 763 2885 in
786 2866 900 2893 marg:
921 2869 950 2892 4.
1042 2860 1084 2887 1³5.
1108 2860 1128 2887 Β
1167 2870 1172 2887 ;
1195 2860 1261 2895 ipsa
1283 2860 1383 2887 deest:
1423 2861 1466 2887 A:
1488 2868 1560 2893 ergo

245 2890 338 2918 deest.
