2017 3353
136 276 215 322 234

174 1043 199 1062 2.
222 1034 287 1062 The
309 1035 372 1061 first

152 1074 238 1105 entry
259 1069 322 1096 into
344 1069 394 1096 the

170 1113 291 1132 narrow
312 1112 378 1131 wax*

155 1148 224 1175 ma)v
246 1139 281 1166 be
303 1136 389 1174 penul

134 1174 278 1209 although
307 1174 408 1209 finally

181 1208 202 1236 it
223 1209 365 1236 becomes

198 1244 344 1279 pleasant.

162 1849 186 1877 3.
208 1848 334 1877 Viewed
356 1848 386 1876 iu

205 1884 343 1912 different

137 1919 282 1947 relations
306 1927 342 1946 an
365 1922 411 1945 act

138 1963 206 1982 mav
229 1954 263 1981 be
285 1958 313 1980 at
336 1961 411 1980 once

147 1986 318 2024 coinpelled
339 1988 398 2015 and

189 2024 362 2059 voluntary.

706 283 928 317 JOHANNIS
949 283 1130 316 wchF
1150 283 1408 316 SERMONUM
1430 269 1580 328 [SERMO
1596 280 1733 309 xxxw.

423 393 564 429 festum
611 400 667 428 est
711 392 817 440 quod
858 399 914 427 est
952 399 1128 438 potestas
1165 389 1384 439 spiritualis
1423 398 1460 426 et
1492 391 1733 439 evangelica,

422 450 513 487 licet
545 449 594 486 sit
627 449 665 486 in
690 461 833 498 penam
859 448 1012 497 peccati
1043 461 1181 485 eorum
1205 460 1275 497 per
1303 449 1530 485 sacerdotes
1555 462 1735 486 cesarcos

422 508 631 545 diminuta.
672 507 747 556 Ipsi
787 506 892 544 enim
930 520 1011 543 non
1049 515 1190 543 notant
1229 507 1435 555 quomodo
1471 519 1553 543 non
1592 509 1736 544 debent

422 566 570 603 intrare
609 574 746 603 sancta
785 573 1015 602 sanctorum
1054 564 1129 601 nisi
1162 564 1401 602 sacerdotali
1439 574 1546 602 veste
1584 565 1623 602 in
1662 565 1735 602 tin-

422 624 611 661 tinabulis
635 623 841 668 tinniente,
867 636 912 659 eo
936 624 1044 671 quod
1068 624 1287 659 secundum
1312 624 1473 659 beatum
1497 622 1733 672 Gregorium
1753 628 1769 660 5

423 684 567 719 debent
618 681 764 718 tinnire
814 681 854 717 in
905 680 1073 717 ecclesia
1123 682 1274 729 populo
1323 682 1488 717 verbum
1531 681 1615 727 Dei,
1668 682 1735 717 sed

422 740 601 788 aspirant
634 741 684 776 ad
718 739 930 787 dignitates
966 740 1189 776 mundanas
1222 740 1428 787 quomodo
1462 748 1629 787 possunt
1667 752 1737 787 per

422 797 747 835 antichristianas
782 798 885 845 leges
918 796 1122 845 simplices
1151 810 1173 833 a
1196 796 1258 834 via
1285 796 1447 834 Domini
1472 806 1668 834 exterrere
1701 805 1737 833 et

422 869 608 893 censuras
654 856 807 904 fingunt
851 855 1050 903 sapientes
1093 856 1249 892 lucrum
1302 867 1372 903 per
1425 868 1523 904 quas
1575 864 1738 904 possent

421 914 602 951 subditos
640 913 825 962 spoliare.
872 915 919 949 Et
958 913 1013 950 sic
1050 926 1131 950 non
1169 921 1259 950 sunt
1304 912 1442 950 vicarii
1484 913 1631 951 Christi
1670 915 1738 950 sed
1761 928 1797 950 10

423 981 706 1021 procuratores
740 971 923 1020 precipui
956 970 1203 1008 Antichristi.

479 1032 540 1066 Ad
592 1031 811 1067 secundum
866 1029 1012 1066 dicitur
1064 1030 1172 1077 quod
1223 1028 1393 1066 inicialis
1444 1028 1631 1066 introitus
1683 1039 1739 1066 est

424 1088 576 1136 penalis
615 1089 683 1125 sed
725 1087 898 1125 finaliter
933 1087 1180 1125 delectabilis
1220 1096 1257 1124 et
1300 1087 1562 1133 voluntarius,
1609 1096 1646 1124 et
1685 1088 1739 1124 ita

423 1146 524 1183 sicut
571 1146 751 1183 Christus
791 1146 1007 1194 prostravit
1046 1146 1228 1192 Paulum,
1274 1144 1388 1182 eiecit
1432 1146 1646 1182 vendentes
1691 1147 1739 1182 de

424 1205 577 1252 templo
624 1213 659 1241 et
704 1204 796 1241 fecit
841 1204 881 1241 in
926 1217 996 1241 sua
1041 1203 1233 1252 capcione
1277 1204 1423 1240 Judeos
1474 1205 1795 1249 retrocedere,15

424 1264 637 1299 ostendens
682 1262 721 1299 in
767 1262 996 1299 huiusmodi
1041 1275 1153 1299 suam
1193 1261 1397 1309 regaliam,
1442 1261 1498 1298 sic
1541 1262 1740 1299 seculares

423 1320 576 1357 domini
610 1322 756 1357 debent
799 1320 839 1357 in
883 1320 959 1357 isto
998 1319 1406 1369 proporcionabiliter
1445 1319 1556 1368 sequi
1594 1320 1738 1368 ipsum.

425 1378 648 1427 Presbyteri
689 1378 793 1415 enim
832 1378 892 1415 sui
925 1392 1005 1416 non
1037 1387 1127 1415 sunt
1160 1377 1276 1414 huius
1315 1377 1524 1426 potestatis
1559 1390 1739 1427 capaces,

424 1436 525 1473 sicut
558 1437 717 1474 Christo
748 1450 830 1474 non
864 1436 1078 1485 compeciit
1116 1437 1336 1473 secundum
1368 1435 1572 1472 racionem
1611 1449 1740 1473 sacer-

426 1494 531 1532 docii
563 1508 632 1531 sue
665 1494 927 1532 humanitatis
967 1496 1038 1531 hec
1072 1495 1214 1540 facere,
1249 1502 1285 1530 et
1318 1493 1419 1530 sicut
1459 1507 1581 1542 opera
1615 1495 1740 1531 multa
1757 1508 1798 1530 20

424 1552 602 1589 virtuosa
645 1552 735 1589 talis
779 1553 966 1589 introitus
1016 1553 1055 1589 in
1100 1551 1299 1600 principio
1352 1561 1442 1588 sunt
1494 1552 1653 1600 penalia
1704 1561 1741 1589 et

425 1620 560 1648 tamen
611 1612 832 1648 secundum
885 1620 1040 1659 partem
1093 1610 1342 1659 superiorem
1388 1610 1520 1647 anime
1564 1619 1654 1646 sunt
1699 1622 1741 1646 ex

425 1668 559 1717 gracia
583 1669 654 1706 Dei
689 1668 955 1714 delectabilia,
988 1670 1094 1705 unde
1117 1669 1333 1717 Apostolus
1367 1667 1463 1705 dicit
1503 1669 1550 1704 de
1583 1680 1623 1704 se
1655 1668 1742 1716 ipso

426 1736 463 1764 et
506 1726 587 1763 suis
632 1727 768 1764 sociis:
802 1727 897 1775 Nos,
936 1727 1078 1776 inquit,
1119 1726 1321 1776 primicias
1360 1726 1528 1776 Spiritus
1565 1727 1744 1763 habentes

424 1786 525 1822 intra
558 1797 626 1821 nos
656 1786 860 1836 gemimus.
1760 1788 1798 1820 25

485 1844 692 1880 Seculares
738 1856 830 1891 ergo
874 1842 1076 1892 principes
1121 1843 1266 1880 debent
1309 1843 1528 1879 secundum
1581 1843 1743 1879 beatum

425 1901 639 1938 Ysidorum
674 1901 950 1950 principaliter
983 1901 1121 1950 exequi
1153 1901 1251 1938 illud
1274 1900 1465 1937 officium.
1490 1902 1537 1937 Et
1569 1913 1640 1949 per
1672 1901 1744 1937 hec

428 1968 537 2007 patet
582 1959 736 1996 solucio
794 1961 843 1996 ad
894 1959 1077 1996 tercium.
1135 1961 1242 1996 Idem
1296 1958 1400 1995 enim
1454 1971 1554 2007 opus
1612 1967 1744 2006 potest

427 2017 505 2054 dici
541 2018 812 2055 voluntarium
854 2027 891 2055 et
929 2017 1242 2054 involuntarium
1281 2018 1499 2053 secundum
1541 2016 1741 2065 disparem

426 2075 652 2119 racionem;
717 2076 975 2113 coaccionem
1038 2088 1131 2123 ergo
1195 2075 1472 2123 imperfectam
1534 2074 1743 2111 iniciantes
1761 2080 1801 2112 30

427 2133 559 2170 civiles
612 2133 765 2171 domini
817 2143 1019 2171 reservant
1063 2135 1147 2171 Deo
1198 2133 1385 2170 timorem
1439 2132 1601 2169 filialem
1646 2144 1744 2181 pure

427 2191 718 2239 delectabilem,
754 2205 842 2229 cum
878 2204 948 2241 per
980 2192 1167 2229 timorem
1191 2190 1373 2228 servilem
1404 2190 1531 2239 ipsam
1555 2198 1745 2238 generant

426 2258 528 2286 sicut
561 2258 657 2287 seta.

496 2450 527 2475 4.
549 2441 574 2469 5.
596 2442 641 2470 A:
663 2440 871 2473 intintinales:
893 2441 934 2469 C:
956 2440 1182 2469 intintinabilis.
1274 2450 1299 2477 7.
1322 2441 1360 2469 13:
1382 2446 1518 2477 possent.
1609 2449 1647 2469 12.
1668 2442 1695 2469 A
1715 2442 1744 2469 in

431 2484 544 2511 marg:
565 2483 590 2503 2.
683 2475 720 2504 13.
741 2477 785 2504 A:
806 2476 914 2504 finalis.
1006 2475 1045 2503 18.
1068 2475 1133 2503 BC:
1156 2476 1316 2511 potestatis
1336 2476 1429 2504 deest.
1519 2484 1558 2504 21.
1580 2476 1646 2504 BC:
1668 2476 1745 2503 talis.

431 2509 540 2539 21-23.
571 2510 688 2538 Codd.:
719 2511 842 2550 penales
864 2532 870 2538 .
888 2532 893 2537 .
911 2532 917 2538 .
938 2510 1141 2550 delectabiles.
1233 2511 1276 2539 25.
1307 2511 1373 2539 BC:
1403 2511 1492 2539 infra.
1583 2510 1629 2538 26.
1658 2511 1687 2539 A
1716 2511 1745 2538 in

433 2553 500 2573 mar
541 2555 547 2572 t
568 2543 593 2573 3.
685 2552 728 2581 27.
749 2546 793 2573 A:
815 2545 900 2573 illud.
989 2544 1036 2573 30.
1058 2545 1080 2572 B
1100 2553 1130 2572 in
1152 2547 1266 2581 margJ:
1286 2545 1370 2574 Idem
1391 2554 1470 2581 opus
1490 2544 1698 2573 voluntarium
1720 2549 1747 2573 et

431 2554 674 2608 involuntarium
697 2580 865 2608 secundum
887 2580 1042 2616 disparem
1065 2579 1230 2608 racionem.
1303 2579 1345 2608 33.
1368 2581 1407 2608 B:
1429 2584 1491 2608 seta
1511 2584 1565 2608 etc.

502 2721 531 2754 5.
560 2722 594 2754 S.
622 2720 781 2763 Gregorii
808 2721 893 2762 Reg.
922 2720 1029 2763 Epist.
1058 2720 1114 2752 lib.
1143 2721 1169 2760 1,
1196 2720 1268 2752 Ind.
1295 2721 1352 2761 ΙΧ,
1380 2721 1472 2764 Opp.
1501 2721 1539 2762 ΙΙ,
1565 2730 1642 2763 pag.
1671 2720 1746 2753 511.

431 2767 482 2800 Cf.
510 2775 543 2799 et
570 2777 647 2810 pag.
684 2778 720 2808 17
748 2774 781 2799 et
813 2765 910 2799 1065.
992 2777 1044 2808 24.
1072 2768 1172 2799 Rom.
1199 2767 1286 2806 VIII,
1316 2766 1367 2799 23.
1455 2766 1508 2799 26.
1537 2765 1660 2799 Isidori
1696 2765 1746 2796 De

430 2816 576 2846 Summo
616 2815 714 2845 Bono
755 2813 812 2845 lib.
852 2813 907 2853 ΙΙΙ,
946 2822 1019 2856 cap.
1060 2814 1095 2845 51
1141 2813 1210 2855 (ed.
1240 2813 1363 2846 Venet.
1409 2813 1519 2854 1443),
1557 2822 1635 2855 pag.
1679 2810 1744 2844 15¹⁷.

431 2861 482 2892 33.
509 2860 598 2892 sicut
616 2866 699 2892 seta.
727 2860 779 2892 Cf.
798 2860 850 2891 De
870 2861 1011 2902 Septem
1030 2858 1141 2891 Donis
1162 2859 1232 2902 (ed.
1253 2857 1498 2903 Buddensieg)
1518 2868 1597 2902 pag.
1619 2857 1694 2898 226,
1720 2868 1744 2889 1.

427 2907 512 2938 Also
540 2908 708 2938 Sei-mons
736 2906 768 2938 S.
793 2906 832 2938 E.
854 2906 910 2938 W.
941 2905 979 2945 ΙΙ,
1011 2904 1084 2947 148.
