2017 3353
225 613 241 646 5

205 913 243 935 10

205 1193 242 1226 15

206 1777 244 1810 25

204 2069 246 2101 30

206 2359 245 2390 25

169 2406 247 2436 Fol.

171 2450 247 2484 168³*

258 269 392 296 smnio
410 259 562 315 xxxiv]
768 272 906 302 1‘R1MA
937 271 1050 301 1&st

258 379 366 415 scitis
411 378 515 415 istud
561 377 757 418 convenit,
804 389 893 413 cum
941 377 1170 426 quicunque
1217 388 1355 425 peccat
1402 379 1439 414 in
1490 392 1582 418 urio.

258 445 397 485 peccat
430 436 469 472 in
503 435 666 483 singulis
700 436 842 471 horum
879 435 1020 475 trium:
1055 437 1122 472 sed
1147 436 1186 472 in
1209 445 1407 484 temptato
1442 450 1582 473 sccun-

259 496 351 531 dum
388 506 549 531 carnem
575 505 650 541 que
675 502 732 529 est
756 493 880 529 hostis
907 493 1032 541 magis
1058 494 1301 530 domesticus
1326 503 1382 531 est
1407 496 1579 543 quedam

258 551 592 601 impossibilitatis
625 550 733 588 racio
768 563 844 599 que
876 551 915 587 in
948 551 1035 587 aliis
1067 564 1148 589 non
1181 552 1236 588 sic
1275 553 1380 589 lucet
1413 561 1450 588 et
1484 553 1583 588 difli-

259 612 386 648 cultas
418 610 530 646 istius
564 609 847 658 temptacionis
881 609 1129 658 exprimitur,
1163 619 1206 646 ut
1240 611 1322 647 eius
1358 611 1580 658 periculum

259 669 420 706 caucius
465 676 664 714 caveatur,
710 680 780 716 per
820 667 937 704 istam
978 669 1206 717 negativam
1248 668 1461 717 evangelii:
1496 670 1582 705 Non

255 740 413 777 possum
449 726 591 763 venire.

316 786 502 822 Secundo
542 784 748 821 dubitatur
788 785 994 833 quomodo
1034 784 1126 821 licet
1165 784 1392 834 specialiter
1430 786 1581 822 secula-

261 843 368 879 ribus
408 842 581 879 dominis
621 842 914 890 predestinatos
955 843 1197 891 compellere
1241 844 1296 880 sic
1335 852 1377 880 ut
1420 844 1580 887 intrent,

260 911 296 938 ct
328 901 484 938 videtur
518 902 625 949 quod
658 913 752 943 non,
787 900 881 950 quia
904 901 1002 937 tales
1034 914 1117 938 non
1150 903 1298 939 habent
1331 901 1580 950 spiritualem

259 959 585 996 iurisdiccionem
618 968 661 995 ut
695 968 929 996 convertant
963 959 1066 996 filios
1100 959 1185 996 Dei.

317 1017 522 1063 Similiter,
569 1030 688 1054 nemo
735 1017 980 1054 convertitur
1033 1019 1083 1054 ad
1126 1019 1255 1055 Deum
1307 1018 1382 1055 nisi
1432 1020 1580 1056 volens.

260 1076 495 1124 Compulsio
530 1088 623 1124 ergo
662 1085 858 1124 repugnat
897 1076 960 1112 isti
1001 1075 1196 1120 introitui,
1239 1090 1329 1113 cum
1368 1076 1492 1114 nichil
1526 1086 1582 1114 est

261 1134 511 1171 meritorium
545 1134 606 1170 vel
639 1133 942 1171 demeritorium
977 1134 1052 1171 nisi
1086 1135 1374 1172 voluntarium.

318 1192 523 1238 Similiter,
558 1192 688 1229 omnis
720 1192 811 1229 talis
845 1192 1032 1229 introitus
1066 1202 1123 1229 est
1156 1193 1403 1230 delectabilis
1443 1203 1479 1230 et
1513 1207 1583 1242 per

260 1263 507 1299 consequens
558 1251 825 1297 voluntarius3
879 1251 1009 1287 omnis
1063 1260 1197 1288 autem
1243 1252 1475 1300 compulsus
1526 1261 1583 1289 est

261 1308 480 1354 tristabilis,
535 1318 571 1345 et
623 1309 678 1345 sic
731 1309 837 1345 dicta
890 1309 1117 1357 compulsio
1169 1310 1325 1347 videtur
1378 1310 1582 1347 includere

260 1367 572 1415 repugnanciam
607 1367 646 1404 in
679 1367 848 1404 adiecto.

321 1428 362 1462 In
400 1425 476 1461 isto
517 1425 638 1462 dubio
678 1427 895 1462 tenendum
938 1434 994 1462 est
1028 1434 1069 1461 ut
1110 1425 1207 1463 fides
1243 1428 1350 1475 quod
1384 1428 1582 1464 seculares

262 1483 413 1520 domini
450 1484 596 1520 habent
635 1485 684 1520 ad
724 1485 799 1520 hoc
841 1497 862 1520 a
896 1485 978 1520 Deo
1013 1493 1254 1532 potestatem
1294 1484 1428 1521 taliter
1467 1498 1581 1522 coac-

260 1542 381 1578 tivam
421 1550 457 1578 et
491 1541 582 1578 hinc
622 1543 769 1578 hahent
809 1555 925 1578 suum
967 1542 1205 1587 dominium7
1244 1556 1325 1580 non
1358 1544 1582 1580 laborando

262 1600 446 1637 manibus
485 1609 527 1636 ut
572 1600 833 1648 agricultores
878 1602 945 1637 sed
985 1614 1055 1649 per
1094 1600 1272 1649 ipsorum
1314 1601 1579 1638 ministerium

261 1671 283 1695 a
317 1658 490 1694 Domino
530 1667 803 1706 preparatum,
844 1667 886 1694 ut
925 1658 1087 1695 liberius
1127 1668 1163 1695 et
1203 1659 1340 1708 apcius
1373 1659 1582 1697 intendant

262 1716 353 1752 huic
387 1716 457 1752 Dei
492 1716 713 1753 ministerio
747 1718 795 1753 ad
830 1717 912 1753 eius
945 1717 1195 1754 adversarios
1225 1719 1510 1754 destruendum
1546 1728 1582 1755 et

262 1774 361 1811 alios
407 1774 558 1811 habiles
603 1776 947 1824 compellendum3
988 1777 1215 1812 sacerdotes
1261 1785 1395 1813 autem
1436 1777 1582 1813 Christi

263 1834 410 1869 habent
445 1834 609 1868 modum
650 1833 958 1869 sustentacionis
998 1834 1085 1881 plus
1118 1834 1326 1880 humilem,
1365 1843 1449 1870 tum
1490 1834 1582 1883 quia

262 1891 338 1926 illis
372 1891 459 1939 plus
494 1891 686 1939 competit
725 1891 835 1940 sequi
875 1891 913 1927 in
954 1891 1178 1929 humilitate
1212 1892 1359 1929 Christi
1399 1893 1582 1929 humani-

262 1958 399 1995 tatem,
445 1958 529 1985 tum
577 1948 701 1986 eciam
748 1949 841 1998 quia
888 1963 967 1986 non
1008 1950 1253 1987 dominative
1290 1951 1351 1987 vel
1389 1951 1582 1988 timorose

264 2008 408 2043 debent
460 2016 502 2044 ut
555 2008 753 2044 seculares
807 2008 960 2044 domini
1020 2010 1231 2045 ostendere
1290 2009 1579 2046 austeritatem.

263 2065 373 2102 Licet
416 2065 521 2102 enim
567 2066 743 2114 prelatus
788 2067 904 2102 dehet
955 2066 1087 2103 timeri
1141 2080 1162 2103 a
1215 2068 1366 2116 populo
1417 2077 1582 2116 propter

263 2123 627 2160 comminacionem
652 2137 752 2172 pene
785 2124 1018 2171 iehennalis,
1052 2138 1132 2161 non
1166 2134 1301 2162 tamen
1324 2134 1367 2162 ut
1390 2126 1580 2163 secularis

264 2181 450 2218 dominus
484 2191 649 2232 propter
682 2182 909 2219 illacionem
945 2196 1044 2231 pene
1079 2184 1312 2232 corporalis.

319 2241 380 2276 Ad
424 2240 598 2288 primum
653 2240 798 2277 dicitur
851 2243 957 2289 quod
1009 2242 1151 2278 falsum
1205 2242 1433 2289 assumitur,
1489 2255 1578 2279 cum

263 2310 377 2348 reges
409 2300 628 2334 secundum
652 2299 961 2347 Augustininum
994 2308 1079 2336 sunt
1104 2301 1181 2337 Dei
1206 2301 1342 2336 vicarii
1372 2310 1407 2337 et
1441 2313 1579 2337 secun-

264 2357 356 2391 dum
392 2356 495 2404 leges
529 2357 738 2393 hominum
772 2366 862 2394 sunt
896 2358 1119 2406 pontifices,
1154 2358 1243 2395 ideo
1278 2372 1367 2395 cum
1402 2368 1578 2407 potestas

263 2426 399 2450 eorum
441 2427 560 2462 quam
602 2415 731 2451 innuit
762 2417 979 2463 Apostolus
1019 2418 1067 2453 ad
1110 2419 1311 2453 Romanos
1342 2414 1344 2469 Ι
1373 2419 1457 2454 XIII
1497 2431 1578 2454 non

262 2471 310 2508 sit
344 2472 577 2520 corporaliS,
613 2473 705 2521 quia
739 2474 778 2510 in
812 2475 886 2510 hoc
921 2475 1073 2511 excellit
1098 2487 1163 2511 cos
1197 2475 1416 2524 operarius,
1453 2475 1578 2512 mani-

332 2602 356 2621 2.
378 2596 421 2621 A:
443 2595 553 2622 horum
575 2596 674 2627 dcem
705 2596 745 2623 ih.
766 2597 810 2623 A:
839 2597 890 2624 scd
913 2597 1010 2624 debet.
1101 2607 1130 2632 4.
1152 2599 1196 2625 A:
1225 2599 1263 2625 sit
1284 2599 1359 2626 licet.
1451 2602 1477 2626 8.
1500 2602 1527 2627 Λ
1548 2601 1577 2627 in

264 2637 375 2663 marga
398 2629 573 2657 Secundum
595 2630 741 2660 dubium:
769 2631 808 2657 ib.
824 2632 852 2658 A
869 2631 897 2659 iu
920 2640 1032 2667 murga
1056 2641 1074 2659 1.
1133 2641 1170 2660 12.
1187 2634 1230 2660 A:
1252 2634 1440 2661 convertitur
1461 2636 1576 2662 nolens.

265 2664 300 2691 15.
324 2666 349 2691 Α
371 2664 399 2691 in
423 2673 536 2698 marga
557 2664 671 2706 312.
693 2666 737 2692 A:
760 2666 886 2693 stabilis.
939 2675 980 2698 ιο.
1002 2668 1029 2694 Α
1052 2667 1079 2694 in
1103 2676 1216 2702 marg:
1238 2668 1419 2703 Responsio.
1473 2678 1509 2696 21.
1534 2671 1576 2697 A:

263 2707 351 2725 suum
375 2698 502 2726 victum?
566 2700 610 2726 28.
634 2700 672 2727 L:
694 2701 737 2726 vel
760 2700 907 2728 timorose
928 2699 1021 2729 deest.
1085 2701 1128 2729 33.
1149 2702 1181 2730 Α
1197 2703 1226 2730 in
1249 2711 1362 2738 marg:
1385 2712 1403 2731 1.
1432 2705 1578 2738 Augusti-

263 2742 328 2759 nus.
358 2733 451 2768 Reges
479 2738 549 2760 sunt
574 2734 677 2761 vicarii
698 2734 752 2761 Dei
781 2736 947 2773 secundum
971 2737 1190 2772 Augustinum,
1213 2743 1283 2765 sunt
1303 2738 1396 2765 eciam
1421 2739 1577 2774 pontifices

262 2768 430 2795 secundum
454 2769 532 2803 leges
554 2769 724 2796 hominum.
800 2770 846 2797 30.
870 2771 934 2798 BC:
957 2771 1064 2798 innuit.

310 2851 361 2883 33.
388 2853 477 2893 Aug.
507 2853 613 2895 Epist.
643 2855 837 2894 CLXXXV,
866 2856 956 2898 Opp.
989 2863 1072 2886 tom.
1102 2857 1138 2897 11,
1165 2856 1241 2888 651.
1281 2857 1330 2888 Cf.
1360 2857 1577 2901 ‘I'rialogum‚

261 2908 342 2940 pag.
369 2907 446 2942 279.

1801 277 1808 289 ›
1851 268 1866 302 3

1605 798 1708 825 Doubt
1730 798 1864 825 whether

1639 833 1735 860 rulers
1757 833 1831 860 hauc

1659 876 1764 903 power
1784 872 1813 895 to

1641 911 1763 938 cocrcc;
1785 903 1832 930 for

1625 1039 1645 1058 1.
1666 1030 1739 1066 they
1772 1031 1847 1058 haic

1635 1065 1837 1105 *xio—swiritua}

1633 1109 1708 1136 juris
1734 1105 1838 1129 1ct101›.

1618 1214 1643 1233 2.
1666 1206 1849 1233 convcrsiou

1665 1246 1747 1268 must
1768 1241 1803 1268 be

1647 1276 1818 1312 voluntas),

1613 1438 1637 1466 3.
1659 1439 1852 1474 compulsion

1597 1474 1622 1501 is
1648 1478 1817 1509 repugnant
1841 1479 1870 1501 to

1656 1509 1818 1548 voliuitary

1678 1548 1789 1571 aenou.

1655 2252 1803 2280 Answcr:

1631 2295 1650 2313 1.
1672 2286 1769 2322 Kings
1789 2294 1839 2313 arc

1626 2321 1723 2348 God's
1743 2321 1843 2348 vicar>

1629 2356 1687 2383 and
1711 2355 1831 2390 priests.
