2017 3353
178 286 228 324 30
755 288 978 320 JOHANNIS
1006 287 1189 320 WYCLIF
1217 284 1473 317 SERMONUM
1555 271 1713 329 [SERMO
1737 280 1774 307 v.

462 395 745 444 apostolorum
776 407 848 442 pro
884 395 1021 431 triduo
1056 392 1220 430 ecclesie
1253 392 1533 436 ostendantur,
1568 390 1656 437 ipsa
1687 388 1776 425 sola

462 462 642 490 servante
667 453 707 489 in
732 462 873 489 sancto
897 454 1064 489 sabbato
1089 460 1216 488 totam
1250 450 1370 486 fidem
1404 448 1591 492 ecclesie3
1624 446 1683 483 vel
1717 459 1776 482 se·
1823 463 1899 494 Fol.

462 513 594 548 cundo
629 512 853 547 secundum
882 507 887 561 Ι
917 510 1134 559 Origenem
1169 509 1219 545 ad
1242 509 1317 544 hoc
1341 506 1538 554 permissa
1571 515 1628 542 est
1662 506 1778 541 beata
1823 507 1899 550 ¹44⁶

463 570 574 617 virgo
617 569 673 605 sic
707 568 897 616 compati,
944 577 988 604 ut
1023 566 1299 615 cogitaciones
1334 564 1592 601 occultorum
1638 575 1778 610 pecca-

463 638 599 665 torum
633 639 677 663 ex
710 626 932 663 devocione
966 623 1300 673 compunccionis
1336 623 1385 659 ad
1420 622 1531 658 illam
1560 631 1597 658 et
1620 619 1813 657 oracio-5

463 685 582 722 nibus
616 685 702 721 eius
736 697 782 721 ac
814 683 971 720 meritis
1006 683 1243 728 revelentur,
1298 681 1356 716 vel
1402 678 1528 716 tercio
1569 687 1612 714 ut
1651 677 1779 714 Maria

465 743 657 780 existente
690 755 781 779 arca
814 741 906 778 fidei
939 754 1011 789 per
1054 739 1363 788 impressionem
1408 735 1655 773 servacionis
1699 735 1778 771 fac-

465 810 600 838 torum
647 799 797 837 Christi
843 799 910 836 illa
955 812 998 835 ex
1042 798 1176 847 gladio
1230 796 1300 832 illo
1352 795 1480 843 magis
1533 793 1783 841 imprimeret

205 898 343 932 Prophec
395 895 429 922 of
466 869 503 897 et
549 872 591 895 ex
635 857 775 895 multis
820 857 1010 894 cordibus
1068 854 1405 903 evangelistarum
1452 851 1676 900 expressius
1721 862 1782 886 ec-

258 905 364 961 Annal'
466 917 585 954 clesie
630 916 866 953 revelentur.
926 917 974 951 Et
1025 915 1097 951 hec
1142 914 1281 950 eadem
1333 923 1507 959 persona
1552 908 1700 946 Christi
1747 916 1840 945 et10

466 975 592 1012 Marie
627 973 770 1010 habuit
804 972 1088 1009 testimonium
1128 971 1247 1007 huius
1281 971 1407 1015 Anne,
1449 981 1525 1017 que
1566 967 1607 1003 in
1646 966 1780 1015 primo

468 1043 576 1070 statu
622 1030 867 1079 virginitatis
912 1030 993 1067 sive
1039 1028 1360 1077 desponsacione
1405 1026 1584 1075 legitime
1632 1024 1782 1061 mansit

467 1091 595 1139 virgo.
634 1089 819 1126 Secundo
845 1102 867 1125 a
901 1099 1009 1125 statu
1041 1086 1287 1135 virginitatis
1311 1098 1403 1122 cum
1426 1084 1513 1121 viro
1547 1096 1621 1120 suo
1655 1092 1782 1130 nupta

471 1149 600 1185 fuerat
631 1158 783 1195 septem
830 1147 958 1193 annis,
995 1156 1031 1183 et
1065 1145 1190 1183 tercio
1226 1157 1248 1181 a
1282 1153 1412 1180 morte
1457 1141 1594 1178 mariti
1634 1140 1782 1177 mansit

470 1208 612 1243 devote
648 1217 777 1254 usque
801 1205 852 1241 ad
876 1217 1003 1241 annos
1037 1203 1246 1252 octoginta
1270 1210 1448 1250 quatuor
1481 1200 1522 1236 in
1558 1208 1664 1236 statu
1698 1198 1841 1235 lau-15

471 1264 596 1301 dabili
629 1262 793 1300 viduali.
828 1265 876 1299 Et
898 1262 963 1299 hic
986 1262 1129 1310 triplex
1164 1270 1292 1297 status
1326 1259 1446 1296 huius
1479 1257 1592 1294 testis
1616 1256 1785 1293 feminee

471 1322 659 1371 figuravit
691 1330 842 1358 statum
876 1320 1075 1368 triplicem
1111 1319 1151 1355 in
1183 1318 1330 1364 Maria;
1377 1326 1415 1353 et
1459 1318 1530 1353 hec
1563 1325 1622 1352 est
1661 1313 1786 1351 tercia

470 1382 587 1417 Anna
627 1392 749 1428 quarn
790 1378 976 1426 exprimit
1016 1378 1236 1425 scriptura:
1279 1375 1415 1412 Prima
1452 1376 1568 1411 Anna
1608 1372 1683 1409 fuit
1716 1373 1786 1408 Sa-

473 1438 617 1475 muelis
657 1446 784 1474 mater
807 1445 844 1473 et
880 1449 980 1473 uxor
1003 1436 1178 1473 Helcane
1220 1436 1280 1481 (ut
1312 1442 1422 1482 patet
1454 1434 1488 1468 Ι0
1512 1434 1604 1480 Reg.
1639 1432 1687 1477 10,
1724 1431 1785 1477 2);

474 1497 650 1533 secunda
672 1498 788 1531 Anna
811 1494 885 1530 fuit
907 1507 1007 1531 uxor
1033 1503 1070 1530 et
1092 1503 1222 1530 mater
1256 1491 1422 1528 secundi
1445 1489 1574 1527 Tobie
1613 1487 1785 1535 (Thobie
1805 1504 1846 1526 20

474 1556 500 1601 Ι,
532 1557 588 1602 9),
620 1564 657 1590 et
697 1552 822 1590 tercia
856 1555 971 1589 Anna
1005 1562 1061 1589 est
1101 1552 1179 1588 ista
1218 1563 1340 1599 quam
1387 1547 1637 1596 evangelium
1677 1559 1787 1583 com-

475 1621 675 1649 memorat
714 1611 935 1647 secundum
976 1611 1146 1659 gradum
1185 1608 1384 1656 triplicem
1432 1607 1684 1655 graduatam.
1738 1606 1788 1640 Et

474 1672 546 1707 hec
584 1672 713 1715 Anna,
754 1682 831 1717 que
871 1669 1159 1716 interpretatur
1203 1666 1450 1714 respondens
1483 1664 1563 1700 sive
1602 1661 1789 1707 donacio,

477 1727 685 1776 respondit
718 1740 791 1775 pro
831 1727 938 1764 tribu
967 1728 1100 1771 Asser⁷
1135 1725 1203 1773 qui
1237 1724 1527 1771 interpretatur
1559 1720 1699 1757 divicie
1732 1719 1792 1755 vel

477 1785 703 1831 beatitudo,
729 1784 1040 1832 prosperitatem
1061 1782 1210 1820 Christi
1234 1792 1271 1819 et
1295 1781 1438 1818 matris
1463 1792 1533 1817 sue
1557 1778 1790 1816 testificans.
1809 1783 1848 1816 25

477 1847 526 1881 Et
550 1844 757 1891 signanter
780 1843 1031 1893 diciturfilia
1054 1841 1240 1886 Phanuel,
1264 1842 1341 1876 hoc
1366 1849 1437 1885 est,
1463 1837 1672 1874 dominum
1697 1848 1791 1872 con-

478 1901 723 1949 templantis,
771 1914 861 1937 cum
907 1913 951 1936 ex
982 1900 1062 1937 vita
1110 1903 1168 1946 (ut
1213 1907 1351 1935 narrat
1386 1896 1651 1944 evangelium)
1695 1892 1792 1929 vixit

478 1960 666 1999 similiter
699 1972 789 1995 cum
823 1968 1001 2006 parente.
1038 1959 1120 1994 Hec
1153 1967 1288 1994 autem
1324 1955 1506 1992 confessa
1540 1953 1615 1990 fuit
1645 1953 1790 1989 adven-

479 2028 565 2055 tum
599 2016 743 2053 Messie
767 2026 804 2054 et
839 2017 1086 2065 loquebatur
1109 2014 1263 2052 devotis
1297 2013 1482 2049 fidelibus
1509 2009 1789 2048 excellenciam

481 2075 636 2112 domini
671 2085 707 2112 et
742 2074 889 2121 Marie3
936 2083 973 2110 et
1017 2073 1142 2110 tercio
1177 2081 1216 2109 ut
1242 2072 1493 2121 perfecerunt
1534 2067 1790 2105 circumcisio·
1808 2072 1850 2104 30

481 2146 563 2169 nem
601 2133 748 2169 Christi
778 2133 984 2168 secundum
1017 2132 1141 2182 legem
1166 2130 1321 2173 domini,
1368 2138 1404 2164 et
1428 2127 1640 2175 purificata
1664 2134 1791 2161 matre

482 2203 554 2228 sua
586 2203 657 2238 per
679 2190 934 2227 oblacionem
969 2201 1192 2236 pauperum
1218 2200 1262 2224 ac
1286 2186 1405 2222 dictis
1428 2183 1677 2233 propheticis
1701 2195 1791 2218 cum

483 2249 572 2286 aliis
606 2246 927 2285 circumstanciis
962 2246 1192 2293 adimpletis
1216 2244 1364 2281 reversi
1394 2251 1480 2279 sunt
1502 2244 1548 2279 ab
1571 2240 1788 2277 Jerusalem

483 2308 518 2343 in
546 2307 720 2356 patriam
753 2313 788 2342 et
821 2305 952 2342 villam
989 2305 1195 2353 propriam
1227 2302 1369 2339 scilicet
1409 2302 1443 2337 in
1476 2302 1649 2354 Ναῖανθτ
1682 2298 1792 2346 quod

483 2364 558 2401 fuit
592 2364 790 2412 oppidum
825 2362 989 2402 Galilee.
1044 2363 1148 2398 Puer
1193 2369 1319 2397 autem
1363 2360 1473 2396 Jesus
1517 2358 1710 2394 crescebat
1754 2355 1793 2391 in
1810 2360 1850 2394 35

485 2435 654 2470 corpore
697 2430 732 2458 et
776 2421 1073 2470 confortabatur
1105 2419 1295 2456 continue
1342 2417 1381 2453 in
1415 2428 1535 2464 opere
1580 2428 1667 2460 suo,
1703 2426 1793 2450 cum

487 2480 560 2516 fuit
585 2481 728 2531 plenus
761 2478 873 2516 omni
907 2491 1048 2526 genere
1082 2478 1359 2514 carismatum.

556 2555 580 2584 3.
602 2557 628 2583 A
650 2556 679 2583 in
702 2564 816 2590 marg:
839 2563 862 2582 2.
964 2555 992 2583 6.
1014 2555 1042 2582 A
1063 2555 1092 2582 in
1116 2562 1221 2589 marg:
1244 2552 1268 2580 3.
1377 2560 1403 2586 7.
1426 2553 1468 2578 A:
1491 2548 1706 2585 generacionis
1729 2547 1794 2575 fac-

487 2597 600 2619 torum.
674 2600 707 2618 11.
729 2590 773 2619 C:
796 2591 886 2618 huius
901 2590 995 2617 deest.
1072 2597 1108 2616 12.
1123 2591 1169 2616 A:
1186 2591 1249 2616 sive
1268 2589 1304 2615 de
1319 2594 1435 2622 sponsa
1455 2593 1530 2621 que;
1551 2587 1577 2612 A
1595 2585 1623 2610 in
1641 2590 1738 2617 marg
1752 2591 1759 2609 :
1774 2590 1795 2608 1.

487 2626 526 2654 13.
548 2628 575 2654 A
596 2627 625 2653 in
648 2634 763 2661 marg:
785 2632 810 2651 2.
937 2632 979 2657 14.
1000 2625 1028 2651 A
1048 2624 1077 2651 in
1101 2631 1217 2657 marg.:
1238 2622 1263 2650 3.
1391 2629 1428 2656 17,
1451 2624 1493 2648 ιδ,
1514 2622 1558 2647 A:
1579 2619 1671 2653 tripla
1691 2620 1793 2644 Anna.

488 2669 528 2696 19.
551 2661 572 2688 B
593 2661 622 2688 in
644 2669 760 2695 marg:
781 2659 860 2687 Tres
881 2663 952 2686 sunt
973 2659 1003 2686 in
1025 2658 1186 2694 scripturis
1209 2659 1265 2685 hoc
1287 2657 1438 2684 vocabulo
1459 2657 1550 2683 Anna
1570 2658 1693 2683 vocate;
1726 2650 1794 2689 BC:

489 2697 641 2724 Samuelis
664 2701 762 2722 mater
782 2702 878 2727 ux0r;
898 2696 944 2720 A:
967 2699 999 2721 ut
1018 2698 1100 2728 patet
1120 2694 1214 2720 deest.
1323 2698 1368 2718 20.
1391 2690 1512 2718 Codd.:
1531 2688 1665 2723 duplicis
1685 2686 1794 2714 Tobie.

488 2731 528 2758 ib.
562 2733 606 2758 A:
639 2729 719 2757 Tob.
751 2729 872 2756 addidi:
899 2728 921 2762 l,
954 2735 982 2761 9.
1015 2728 1082 2755 BC:
1114 2728 1215 2755 Tobie
1243 2727 1265 2760 Ι,
1295 2734 1312 2762 9
1338 2728 1434 2753 deest.
1518 2732 1559 2751 21.
1581 2723 1629 2750 A:
1662 2726 1706 2749 est
1734 2722 1795 2748 illa.

488 2775 535 2799 24.
557 2767 601 2792 A:
631 2765 850 2800 interpretatur
878 2763 1030 2790 divisione
1050 2763 1094 2789 vel
1116 2762 1278 2789 habitudo.
1421 2759 1468 2787 26.
1494 2759 1540 2786 A:
1576 2756 1794 2792 significanter.

488 2801 529 2828 ib.
552 2799 619 2827 BC:
642 2798 816 2826 Phanuelis
838 2797 878 2825 C:
901 2798 998 2824 Deum
1015 2797 1264 2830 contemplantis.
1338 2794 1383 2822 30.
1406 2795 1449 2821 C:
1469 2793 1796 2828 perfeceruntcertum

490 2831 1180 2869 finem3circumcisionem2Vulgata:omnia.
1250 2830 1291 2857 32.
1308 2830 1347 2857 13:
1367 2828 1554 2863 propheciis.
1628 2825 1668 2854 33.
1680 2825 1797 2853 Codd.:

489 2871 526 2897 ad
536 2869 721 2902 Jerusalem3
734 2868 884 2902 Vulgata:
900 2866 931 2894 in
950 2865 1120 2893 Galilaeam
1134 2866 1165 2893 in
1177 2865 1325 2892 civitatem
1337 2872 1421 2892 suam
1433 2861 1595 2898 Nazareth.
1670 2861 1714 2887 36.
1732 2858 1794 2886 BC:

490 2904 636 2931 continue
658 2904 687 2931 in
711 2902 847 2938 quolibet
867 2905 935 2929 actu
957 2909 1024 2928 suo.
