2017 3353
98 313 118 338 2
133 317 177 350 14
689 311 911 343 JOHANNIS
929 310 1114 343 WYCLIF
1135 310 1391 342 SERMONUM
1422 296 1573 353 [SERMO
1590 308 1697 335 XXXI·

383 418 582 455 ordinavit
605 420 848 454 alabastrum
874 417 1063 465 unguenti
1086 417 1216 465 pistici
1239 417 1410 465 preciosi
1439 430 1557 465 super
1580 427 1698 465 caput

383 489 498 513 suum
533 476 694 519 effundi,
728 475 819 512 licet
843 474 1006 523 quidam
1030 475 1257 523 proditores
1281 475 1445 512 ecclesie
1469 475 1699 512 affectantes

383 534 457 571 sibi
490 533 744 582 singulariter
776 533 903 569 inesse
935 533 1031 570 talia
1064 534 1139 570 hoc
1169 534 1398 570 abhorrent.
1439 536 1540 569 Nam
1579 533 1699 570 mixta

384 592 644 628 subtilissima
669 601 705 628 et
727 590 1024 639 preciosissima
1046 592 1191 628 debent
1208 591 1354 628 Christi
1371 591 1529 627 famulis
1545 593 1700 628 subser-

383 650 477 696 vire,
511 652 579 686 secl
613 658 749 686 caveat
781 650 943 697 gulosus
972 649 1012 685 in
1044 649 1119 685 isto
1151 661 1201 685 ne
1231 651 1392 686 excedat
1415 649 1455 685 in
1479 649 1701 698 quantitate
1741 652 1757 684 5

385 718 421 745 et
455 708 647 756 qualitate
681 707 832 744 cibarii.
868 708 985 753 Quod
1013 720 1103 744 cum
1128 707 1177 743 sit
1199 707 1315 744 facile
1338 707 1506 753 evenire,
1531 707 1701 744 declinet

385 780 406 803 a
439 779 575 803 sensus
608 765 757 802 iudicio
791 767 841 802 ad
875 774 1094 803 extremum
1128 765 1335 813 parvitatis
1357 766 1576 802 secundum
1600 765 1702 802 iudi-

385 824 489 861 cium
530 823 722 869 racionis3
768 823 823 860 sic
863 823 967 860 enim
1008 825 1106 860 bene
1147 823 1224 871 egit
1262 823 1442 871 Baptista
1487 836 1576 860 cum
1622 823 1701 860 suis

164 887 253 925 leuius
275 887 309 914 of
384 882 621 931 sequacibus
654 881 904 927 abstinendo,
940 890 976 918 et
1009 881 1150 918 melius
1184 881 1262 929 egit
1294 881 1474 919 Christus
1508 894 1597 918 cum
1622 881 1701 918 suis

139 922 324 950 abstuience.
384 939 588 988 discipulis
626 941 846 977 secundum
887 939 1058 976 racionis
1103 940 1280 987 regulam
1325 939 1506 988 preciosa
1552 939 1759 976 cibariam

385 999 672 1035 consumendo.
706 997 753 1034 Et
777 999 827 1034 ad
851 998 926 1034 hoc
950 1006 1109 1046 oportet
1133 997 1235 1034 filios
1258 997 1458 1046 sapiencie
1482 999 1700 1034 secundum

385 1056 673 1093 discrecionem
718 1055 935 1104 prudencie
980 1055 1091 1092 cuius
1135 1064 1225 1092 sunt
1263 1055 1333 1092 filii
1373 1068 1604 1093 mensurare
1645 1057 1704 1103 (ut

385 1123 493 1163 patet
532 1114 699 1151 Matthei
737 1115 877 1162 XVIO).
912 1116 959 1150 Et
992 1122 1101 1162 patet
1135 1122 1327 1162 quantum
1367 1113 1527 1150 ordines
1559 1113 1704 1162 privati

385 1174 698 1221 superaddentes
738 1172 777 1209 in
817 1171 899 1208 istis
937 1181 1029 1209 vota
1069 1185 1114 1209 ac
1148 1173 1303 1220 regulas
1337 1171 1581 1209 abstinencie
1614 1181 1704 1208 sunt

386 1231 524 1268 cecati.
1725 1233 1761 1266 15

118 1294 185 1322 The
206 1302 294 1320 sense
315 1293 349 1320 01⁴
442 1288 616 1326 Ultimus
654 1301 790 1326 sensus
831 1297 866 1324 et
906 1288 1047 1325 ceteris
1087 1287 1333 1325 materialior
1374 1297 1430 1324 est
1463 1296 1592 1325 tactus
1624 1301 1705 1324 non

179 1328 280 1356 touch.
385 1346 693 1384 mathematicus
747 1346 967 1383 consistens
1026 1345 1065 1383 in
1126 1345 1375 1383 mediacione
1436 1346 1705 1395 quarumlibet

384 1404 593 1451 linearum,
639 1405 707 1441 sed
750 1403 807 1441 vis
853 1403 1142 1452 apprehensiva
1186 1403 1407 1442 subiectata
1451 1404 1490 1441 in
1535 1417 1704 1453 corpore

385 1462 487 1499 retili
512 1475 582 1511 per
606 1462 801 1499 maiorem
833 1471 988 1510 partem
1023 1462 1203 1510 corporis
1237 1474 1423 1510 expanso,
1454 1471 1489 1498 et
1513 1464 1588 1499 hoc
1621 1471 1703 1499 rete

382 1530 548 1558 vocatur
581 1529 677 1569 aput
710 1519 973 1568 philosophos
1012 1533 1155 1557 nervus
1188 1529 1330 1556 tactus.
1384 1522 1498 1557 Unde
1532 1533 1704 1569 corpora
1721 1534 1762 1555 20

382 1591 550 1616 nervosa
594 1587 684 1615 sunt
728 1579 817 1626 plus
856 1577 1058 1615 sensibilia
1097 1578 1171 1614 isto
1209 1590 1338 1615 sensu.
1384 1580 1432 1614 Et
1477 1579 1595 1615 habet
1640 1578 1703 1615 hic

383 1649 520 1673 sensus
553 1636 796 1685 pronitatem
831 1635 978 1672 erroris
1001 1635 1041 1673 in
1064 1636 1218 1673 actibus
1250 1636 1440 1682 venereis,
1474 1645 1516 1672 ut
1549 1636 1589 1673 in
1621 1649 1704 1673 am-

383 1695 575 1743 plexibus,
617 1695 656 1731 in
695 1694 841 1731 osculis
880 1703 917 1730 et
955 1707 1076 1743 opere
1115 1694 1368 1743 procreandi.
1421 1695 1537 1731 Valet
1571 1703 1703 1731 autem
1721 1720 1797 1751 Fol'

384 1762 524 1790 contra
568 1752 599 1789 is
628 1749 632 1806 Ι
661 1761 741 1789 tam
789 1752 1035 1801 pruriginem
1076 1752 1256 1801 corporis
1294 1752 1456 1801 punicio
1502 1761 1538 1789 et
1579 1752 1802 1801 magislffia

384 1810 604 1859 occupacio
637 1810 677 1847 in
711 1812 828 1847 rebus
860 1810 1169 1857 insensibilibus,
1195 1820 1236 1846 ut
1260 1810 1469 1847 celestibus
1493 1819 1529 1847 et
1553 1811 1705 1847 mathe-
1723 1811 1761 1844 25

385 1869 541 1906 maticis
594 1881 639 1906 ac
699 1868 851 1905 cunctis
905 1868 1135 1906 comitivam
1193 1868 1389 1905 sensibilis
1441 1881 1703 1917 personarum

384 1927 638 1976 peccantium
672 1926 937 1963 destructivis.

95 1989 234 2025 Duugers
254 1990 289 2018 of
308 1990 368 2017 this
443 1987 543 2022 Cum
578 1984 683 2021 enim
717 1993 803 2021 tota
842 1997 993 2032 organa
1031 1984 1163 2022 taliter
1201 1985 1461 2033 peccancium
1486 1997 1538 2021 ⁴ex
1572 1985 1705 2021 multi-

183 2033 280 2052 sense.
384 2043 477 2092 plici
511 2043 642 2080 anime
674 2051 841 2091 peccato
874 2043 962 2091 plus
995 2056 1115 2091 quam
1156 2043 1289 2091 aliqua
1326 2052 1471 2080 natura
1510 2055 1705 2091 corporea

384 2110 474 2138 sunt
507 2101 664 2147 infecta,
700 2100 894 2149 cogitaret
926 2101 1102 2138 lubricus
1134 2103 1340 2150 quomodo
1373 2100 1547 2149 quelibet
1574 2100 1703 2149 impu·
1720 2102 1762 2135 30

386 2159 474 2196 dica
513 2158 642 2196 taccio
682 2167 739 2195 est
776 2171 897 2207 supra
935 2159 1160 2195 taccionem
1199 2159 1393 2207 serpentis
1425 2160 1485 2195 vel
1516 2158 1704 2195 venenosi

387 2217 596 2254 cuiuslibet
634 2217 722 2265 plus
762 2218 974 2253 horrenda.
1019 2216 1127 2254 Alias
1166 2226 1298 2253 autem
1341 2216 1563 2253 evidencias
1597 2218 1705 2265 quod

387 2276 462 2311 hoc
494 2283 704 2323 peccatum
745 2283 803 2311 est
840 2283 922 2311 tam
962 2274 1143 2323 corporis
1176 2287 1294 2323 quam
1331 2274 1462 2311 anime
1496 2273 1705 2310 destructi-

384 2346 477 2369 vum
513 2342 549 2368 et
573 2332 613 2368 in
636 2344 758 2380 penas
783 2345 880 2381 quas
904 2333 1026 2368 homo
1049 2333 1237 2369 abhorret
1262 2332 1432 2369 maxime
1456 2331 1702 2369 inductivum

386 2402 432 2427 ac
465 2391 569 2427 fame
602 2399 757 2427 terrene
789 2389 1015 2426 substancie
1039 2399 1075 2426 et
1099 2390 1369 2439 cuiuscunque
1394 2390 1485 2427 boni
1509 2389 1703 2439 presentis
1721 2392 1761 2425 35

385 2448 617 2485 notabiliter
639 2447 891 2496 privativum,
917 2456 1047 2496 potest
1064 2448 1151 2496 pius
1167 2448 1374 2497 theologus
1398 2448 1566 2485 faciliter
1588 2449 1703 2496 plene

387 2506 586 2554 colligere.
640 2507 688 2542 Et
726 2514 836 2554 patet
874 2518 995 2554 quam
1028 2506 1296 2543 necessarium
1331 2515 1388 2543 est
1421 2508 1470 2543 ad
1503 2505 1703 2542 illumina-

387 2564 544 2601 cionem
577 2563 740 2612 spiritus
773 2564 949 2600 defectus
981 2564 1022 2601 in
1054 2564 1128 2601 hiis
1161 2564 1339 2601 sensibus
1373 2564 1560 2601 devitare.

457 2707 475 2725 1.
499 2699 536 2725 1³:
557 2698 695 2727 ordinat:
725 2698 765 2725 ib.
789 2697 854 2725 BC:
876 2699 998 2731 ungenti
1021 2707 1063 2726 ac.
1143 2707 1168 2726 2.
1191 2699 1255 2726 BC:
1278 2699 1454 2726 afflictantes.
1534 2697 1558 2725 3.
1579 2699 1621 2725 A:
1644 2699 1701 2724 hoc

387 2734 486 2763 deest:
518 2733 556 2760 ib.
579 2734 607 2760 A
627 2733 655 2760 in
679 2741 791 2768 marg:
812 2732 893 2760 Nota
915 2734 998 2760 benc.
1114 2733 1142 2760 6.
1164 2734 1207 2761 A:
1230 2733 1359 2761 declinet
1379 2733 1472 2760 deest.
1586 2733 1612 2759 S.
1635 2732 1699 2759 HC:

388 2769 461 2794 bene
482 2768 575 2794 deest.
650 2767 690 2794 16.
712 2768 740 2795 A
760 2767 790 2795 in
813 2776 879 2794 mar
904 2778 926 2794 .:
949 2767 1073 2795 Tactus.
1155 2777 1192 2803 17.
1214 2769 1258 2795 A:
1280 2768 1422 2803 qualibet.
1504 2776 1544 2803 19.
1567 2768 1610 2794 A:
1633 2767 1700 2794 reti-

387 2803 472 2829 culo:
502 2802 541 2829 ib.
565 2802 603 2829 B:
627 2802 707 2829 reali.
805 2810 840 2829 20
911 2812 915 2829 :
944 2811 1089 2829 numerus
1110 2807 1217 2829 tactus.
1314 2803 1356 2830 25.
1378 2803 1422 2829 A:
1443 2802 1472 2829 in
1496 2803 1585 2829 rebus
1607 2802 1698 2829 deest.

387 2837 433 2863 26.
458 2837 521 2863 ssC:
552 2836 717 2871 consitive3
747 2836 786 2863 ib.
807 2837 851 2864 A:
884 2836 1076 2866 sensibilem:
1108 2838 1148 2864 ib.
1172 2838 1209 2864 13:
1241 2845 1459 2872 personarum3
1489 2841 1546 2864 ext.
1575 2836 1603 2863 in
1631 2836 1698 2863 cod.

387 2879 430 2905 27.
451 2872 494 2898 A:
517 2871 690 2898 destructis.
737 2879 791 2910 *29.
814 2871 852 2899 B:
867 2876 998 2912 'peccato
1020 2872 1243 2907 multiplicitate
1264 2872 1368 2899 animi.
1412 2870 1471 2910 34.
1492 2872 1536 2898 A:
1558 2876 1699 2932 capenas

386 2906 515 2968 givxiigre
535 2904 608 2968 θῑὲὁ.
630 2906 674 2933 A:
696 2914 792 2940 prius.
866 2905 909 2941 37.
926 2906 969 2933 A:
992 2911 1166 2942 postquam.
1240 2906 1283 2934 38.
1302 2905 1366 2934 BC:
1389 2907 1448 2933 luis
1470 2906 1569 2937 deest:
1597 2914 1636 2933 1³.
1653 2906 1697 2932 A:

2001 3236 2017 3353 'hs—⁴⁸·*1
