2017 3353
232 260 369 289 SERMO
397 250 510 306 κως]
739 263 879 294 PRIMA
906 264 1030 296 raas.

234 378 462 417 potestates,
504 381 552 405 ne
584 369 852 405 Antichristus
898 369 1079 405 rideatur
1129 370 1384 417 superextolli
1430 384 1548 418 super

233 427 450 467 Christum,
497 436 538 463 ut
584 436 821 474 potestatem
870 427 1012 463 habeat
1058 427 1294 463 dominandi
1335 437 1549 475 quantum-

233 498 390 534 cunque
429 485 662 521 seculariter
695 494 731 520 et
765 498 855 521 cum
890 486 964 521 hoc
998 486 1114 533 plene
1148 485 1318 521 faciendi
1353 486 1549 534 quidquid

234 556 405 591 persona
439 543 586 578 Christi
632 542 780 586 fecerit.
827 545 933 591 quod
980 553 1036 579 est
1082 556 1239 580 summa
1285 544 1548 591 blasphemia.

199 601 364 639 5Nichil
410 601 514 637 enim
560 601 759 637 sacerdoti
804 610 841 636 et
874 601 1034 638 Christo
1080 603 1213 650 quoad
1258 601 1547 649 plenitudinem

232 658 380 695 vicarie
424 659 634 707 potestatis
678 659 753 694 nisi
794 659 833 694 in
874 659 1053 695 moribus
1093 668 1312 707 sequantur
1345 660 1548 696 Christum

233 717 415 753 similius.
468 718 545 753 Sed
578 730 650 765 pro
690 717 864 753 termino
908 717 1282 765 supererogacionis
1327 719 1551 754 notandum

234 777 341 823 quod
382 775 497 810 multi
538 775 807 823 dedignantur
846 775 989 823 ipsam,
1036 785 1231 824 ponentes
1276 775 1316 811 in
1361 776 1440 812 alio
1484 778 1552 812 sed

233 833 333 869 falso
361 833 623 869 fundamento
648 842 788 870 contra
812 835 1052 881 Apostolum
1088 834 1286 870 dicentem
1321 835 1429 882 quod
1452 835 1550 883 sun-

179 907 217 928 10
234 892 453 927 damentum
499 891 607 926 aliud
649 904 757 928 nemo
797 899 924 941 potest
962 905 1110 941 ponere
1147 900 1285 942 preter
1322 893 1419 928 illud
1451 894 1553 941 quod

228 949 396 997 positum
430 956 497 995 est,
537 949 715 985 Christus
745 950 867 986 lesus.
909 952 957 985 Et
990 959 1081 986 sunt
1115 950 1294 998 bipartiti
1329 952 1548 987 secundum

1764 258 1833 294 301

232 1007 381 1043 scribas
421 1016 457 1043 et
498 1007 722 1054 phariseos:
765 1008 893 1044 scribe
933 1017 1023 1044 sunt
1062 1009 1260 1045 seculares
1301 1009 1448 1051 clerici,
1483 1009 1632 1057 quiThe
1653 1014 1768 1042 scribes
1789 1023 1838 1042 are

232 1065 324 1101 licet
362 1078 443 1101 non
482 1065 560 1101 sint
599 1066 809 1113 potestatis
842 1066 990 1102 Christi
1032 1067 1247 1115 participes
1287 1067 1550 1115 magnificant

232 1123 440 1171 dyabolice
485 1132 746 1171 potestatemj,
801 1124 975 1173 pharisei
1021 1134 1154 1161 autem
1200 1133 1292 1161 sunt
1338 1125 1405 1173 qui
1451 1125 1550 1162 alias

179 1181 337 1229 15leges
388 1182 448 1218 vel
500 1181 743 1218 tradiciones
795 1182 1003 1219 stabiliunt
1056 1196 1176 1231 quam
1230 1192 1321 1219 sunt
1374 1183 1413 1219 in
1464 1184 1549 1231 lege

233 1239 394 1281 Christi,
435 1248 471 1275 et
509 1239 565 1276 sic
603 1253 727 1276 novas
766 1240 980 1289 religiones
1020 1242 1081 1277 vel
1114 1250 1241 1278 sectas
1282 1243 1332 1278 ad
1366 1241 1549 1278 debilita-

233 1297 389 1334 cionem
428 1297 630 1345 religionis
677 1298 892 1335 christiane
938 1299 1210 1335 introducunt.
1257 1302 1304 1335 Et
1348 1299 1414 1335 ille
1457 1309 1548 1336 sunt

231 1355 398 1401 infinite,
433 1364 474 1391 ut
507 1356 793 1404 possessionati
827 1366 863 1393 et
886 1357 1028 1393 fratres
1062 1357 1101 1393 in
1133 1357 1298 1394 nomine
1313 1357 1548 1394 Antichristi

231 1413 492 1450 introducunt
540 1424 668 1451 sectas
711 1428 834 1451 novas
886 1424 1107 1452 asserentes
1158 1416 1389 1464 blaspheme
1441 1418 1548 1464 quod

174 1486 216 1509 20
233 1473 425 1508 excedunt
463 1472 646 1509 ordinem
687 1473 962 1510 christianum.
1005 1476 1053 1509 Et
1093 1483 1226 1522 preter
1264 1474 1359 1510 istas
1398 1474 1459 1510 vix
1492 1474 1548 1510 in-

230 1530 362 1566 venies
406 1543 528 1567 unam
574 1531 775 1567 civitatem
819 1532 880 1568 vel
922 1532 1057 1568 villam
1104 1532 1322 1569 notabilem
1368 1532 1464 1580 quin
1509 1532 1549 1568 in

231 1588 315 1637 ipsa
340 1588 557 1637 recipiatur
579 1598 687 1626 secta
711 1591 883 1638 quedam
908 1590 1182 1633 fraternitatis,
1218 1603 1338 1639 quam
1363 1604 1548 1638 suppono

141 1639 215 1670 ¹³0¹·
232 1648 427 1683 mundum
478 1660 657 1684 noscere.
688 1643 693 1701 Ι
722 1649 874 1684 Contra
925 1661 1046 1697 quam
1092 1649 1224 1696 primo
1270 1662 1394 1696 arguo
1439 1651 1545 1697 quod

232 1705 522 1741 auctorisantes
574 1706 635 1741 rel
679 1707 952 1754 approbantes
995 1706 1265 1743 fraternitates
1316 1706 1547 1743 huiusmodi

175 1763 578 1811 25transgrediuntur
601 1763 733 1811 primo
757 1764 932 1812 primum
959 1766 1193 1801 mandatum
1220 1765 1412 1812 decalogi.
1445 1768 1544 1802 Nam

231 1820 639 1869 proporcionabiliter
682 1831 725 1858 ut
758 1824 863 1859 Deus
908 1822 1098 1870 diligitur,
1144 1836 1214 1859 sua
1259 1824 1318 1859 lex
1356 1824 1416 1859 vel
1455 1823 1546 1871 liga,

231 1881 298 1915 sed
332 1888 516 1916 auctores
550 1880 717 1916 istarum
750 1880 1046 1917 fraternitatum
1082 1881 1171 1929 plus
1206 1881 1375 1929 diligunt
1408 1882 1547 1918 frater-

230 1937 373 1973 nitates
418 1938 478 1974 vel
521 1938 619 1986 ligas
665 1938 837 1975 inaniter
881 1938 1113 1975 humanitus
1153 1939 1386 1976 adinventas
1426 1952 1546 1988 quam

231 1995 399 2043 diligunt
443 1996 733 2033 fraternitatem
780 1997 841 2032 vel
885 1997 1005 2045 ligam
1047 1998 1150 2034 hanc
1189 2010 1310 2046 quarn
1345 2000 1449 2034 Deus
1490 1997 1547 2034 in-

173 2053 371 2099 30stituit‚
418 2066 512 2102 ergo
557 2064 787 2102 preponunt
832 2055 1037 2091 hominem
1084 2056 1268 2092 creatori.
1330 2057 1546 2101 Quomodo

231 2124 323 2159 ergo
363 2111 491 2160 diligit
525 2115 651 2149 Deum
693 2126 736 2149 ex
775 2122 860 2149 toto
900 2113 1119 2160 intellectu,
1155 2127 1197 2150 ex
1230 2123 1315 2150 tota
1347 2114 1427 2150 vita
1461 2127 1547 2151 cor-

230 2171 357 2217 porali
392 2179 429 2206 et
463 2183 504 2206 ex
536 2170 686 2207 viribus
710 2171 806 2217 eius,
831 2184 903 2208 nec
926 2185 1008 2208 non
1032 2185 1074 2208 ex
1098 2181 1182 2208 tota
1215 2181 1360 2215 mente,
1396 2185 1546 2208 memo-

229 2230 356 2264 rando
391 2230 596 2276 quomodo
630 2231 735 2266 Deus
774 2242 974 2266 summam
1008 2230 1128 2278 ligam
1164 2230 1398 2267 dileccionis
1437 2231 1546 2266 insti-

229 2286 303 2322 tuit
343 2295 379 2323 et
419 2287 546 2334 ipsam
581 2288 831 2336 contempnit
871 2288 948 2336 liga
982 2288 1217 2325 tradicionis
1250 2288 1425 2325 hominis
1458 2302 1546 2337 pre-

172 2345 418 2392 35accepta?
453 2345 543 2380 Plus
577 2345 682 2381 enim
715 2347 819 2382 valet
852 2346 931 2394 liga
965 2360 1041 2394 qua
1076 2347 1259 2383 homines
1293 2360 1335 2383 ex
1366 2348 1450 2395 lege
1474 2347 1544 2383 Dei

229 2411 265 2438 et
305 2402 456 2438 unitate
490 2403 635 2439 Christi
676 2416 721 2440 ac
760 2404 924 2441 ecclesie
964 2405 1204 2452 colligantur
1243 2418 1362 2453 quam
1411 2405 1545 2453 aliqua

230 2460 307 2507 liga
340 2460 498 2497 inventa
533 2462 775 2499 humanitus.

298 2594 321 2621 5.
343 2595 387 2623 A:
409 2595 489 2622 enim
511 2595 606 2622 deest.
699 2596 728 2623 6.
750 2597 793 2623 A:
815 2597 844 2624 in
867 2597 961 2625 deest.
1060 2606 1088 2631 t).
1112 2598 1178 2626 BC:
1200 2598 1274 2625 salse
1296 2598 1542 2626 fundamentum.

229 2637 266 2656 12.
288 2630 332 2656 A:
354 2635 380 2656 et
403 2629 510 2656 scribe.
604 2639 641 2665 ¹7-
665 2631 703 2658 11:
726 2631 819 2665 legis:
851 2631 890 2658 ib.
912 2633 955 2659 A:
978 2630 1142 2660 christiane
1163 2633 1256 2660 deest.
1349 2641 1387 2661 21.
1410 2641 1452 2659 22.
1477 2632 1542 2659 BC:

228 2663 299 2698 quin
321 2680 353 2682 —
373 2665 571 2691 fraternitatis
591 2666 686 2693 deest.
760 2666 802 2693 25.
818 2668 846 2693 A
867 2667 895 2693 in
919 2676 1032 2702 marga
1054 2667 1179 2706 Triplex
1201 2673 1415 2702 argumentum
1437 2672 1542 2694 contra

229 2707 324 2725 noxas
352 2704 464 2726 sectas:
497 2699 517 2726 Μ
548 2700 576 2726 iu
609 2709 720 2735 marg:
752 2702 943 2735 Argumenta
970 2707 1075 2729 contra
1103 2703 1306 2729 traternitates
1327 2708 1353 2729 et
1374 2707 1471 2728 sectus
1492 2702 1543 2728 ad-

228 2734 376 2760 inventas.
485 2737 529 2760 ΒΝ.
552 2736 594 2761 A:
619 2735 795 2762 humanitus
817 2736 909 2763 deest.
1018 2745 1064 2768 20.
1087 2737 1157 2764 AB:
1181 2738 1257 2764 hane
1279 2737 1378 2765 deest:
1409 2737 1447 2763 ib.
1472 2737 1492 2762 13
1514 2736 1541 2762 in

228 2776 340 2795 mar-x:
371 2778 388 2795 1.
496 2768 542 2795 30.
576 2770 612 2796 12:
644 2775 796 2798 creature:
827 2770 898 2797 AC:
929 2770 1074 2799 creatore.
1184 2772 1226 2799 32.
1255 2771 1324 2798 AC:
1357 2777 1383 2798 et
1416 2771 1542 2798 xiribus.

227 2803 270 2830 32.
293 2789 333 2830 ¹3⁷3.
357 2803 420 2830 BC:
445 2804 603 2830 memoria.
679 2804 725 2831 36.
748 2805 787 2831 C:
810 2810 836 2832 et
857 2806 999 2834 ecclesie:
1021 2807 1060 2833 ib.
1084 2808 1126 2833 A:
1150 2807 1333 2841 obligantur.

302 2888 404 2919 10.1.
431 2887 511 2918 Cor.
542 2887 599 2926 lll,
631 2898 680 2918 11.

1609 1049 1658 1076 the
1680 1051 1798 1077 secular

1589 1085 1817 1147 istriis-23¹3}

1630 1155 1777 1190 regular&
