<?xml version="1.0" encoding="UTF-8"?>
<!DOCTYPE html PUBLIC "-//W3C//DTD XHTML 1.0 Transitional//EN"
    "http://www.w3.org/TR/xhtml1/DTD/xhtml1-transitional.dtd">
<html xmlns="http://www.w3.org/1999/xhtml" xml:lang="en" lang="en">
 <head>
  <title>
</title>
<meta http-equiv="Content-Type" content="text/html;charset=utf-8" />
  <meta name='ocr-system' content='tesseract 3.04.00' />
  <meta name='ocr-capabilities' content='ocr_page ocr_carea ocr_par ocr_line ocrx_word'/>
</head>
<body>
  <div class='ocr_page' id='page_1' title='image "./iohanniswyclifse0701wycl_0363.png"; bbox 0 0 2017 3353; ppageno 0'>
   <div class='ocr_carea' id='block_1_1' title="bbox 243 251 1035 309">
    <p class='ocr_par' dir='ltr' id='par_1_1' title="bbox 243 251 1035 309">
     <span class='ocr_line' id='line_1_1' title="bbox 243 251 1035 309; baseline 0.006 -18"><span class='ocrx_word' id='word_1_1' title='bbox 243 263 378 291; x_wconf 67' lang='lat' dir='ltr'>smnio</span> <span class='ocrx_word' id='word_1_2' title='bbox 402 251 540 309; x_wconf 55' lang='lat' dir='ltr'>xri-11]</span> <span class='ocrx_word' id='word_1_3' title='bbox 739 264 879 296; x_wconf 75' lang='lat' dir='ltr'>PRIMA</span> <span class='ocrx_word' id='word_1_4' title='bbox 909 265 1035 296; x_wconf 64' lang='lat' dir='ltr'>mas.</span> 
     </span>
    </p>
   </div>
   <div class='ocr_carea' id='block_1_2' title="bbox 708 393 1097 434">
    <p class='ocr_par' dir='ltr' id='par_1_2' title="bbox 708 393 1097 434">
     <span class='ocr_line' id='line_1_2' title="bbox 708 393 1097 434; baseline 0 -1"><span class='ocrx_word' id='word_1_5' title='bbox 708 393 901 433; x_wconf 71' lang='lat' dir='ltr'>SERMO</span> <span class='ocrx_word' id='word_1_6' title='bbox 935 393 1097 434; x_wconf 83' lang='lat' dir='ltr'>XLVII.</span> 
     </span>
    </p>
   </div>
   <div class='ocr_carea' id='block_1_3' title="bbox 1770 257 1839 292">
    <p class='ocr_par' dir='ltr' id='par_1_3' title="bbox 1770 257 1839 292">
     <span class='ocr_line' id='line_1_3' title="bbox 1770 257 1839 292; baseline 0 0"><span class='ocrx_word' id='word_1_7' title='bbox 1770 257 1839 292; x_wconf 83' lang='lat'>311</span> 
     </span>
    </p>
   </div>
   <div class='ocr_carea' id='block_1_4' title="bbox 300 488 1848 556">
    <p class='ocr_par' dir='ltr' id='par_1_4' title="bbox 300 488 1848 556">
     <span class='ocr_line' id='line_1_4' title="bbox 300 488 1848 556; baseline -0.004 -29"><span class='ocrx_word' id='word_1_8' title='bbox 300 492 422 527; x_wconf 72' lang='lat' dir='ltr'>Nemo</span> <span class='ocrx_word' id='word_1_9' title='bbox 451 498 577 540; x_wconf 71' lang='lat' dir='ltr'>potest</span> <span class='ocrx_word' id='word_1_10' title='bbox 612 489 758 526; x_wconf 79' lang='lat' dir='ltr'>duobus</span> <span class='ocrx_word' id='word_1_11' title='bbox 793 488 957 523; x_wconf 74' lang='lat' dir='ltr'>dominis</span> <span class='ocrx_word' id='word_1_12' title='bbox 987 488 1147 524; x_wconf 70' lang='lat' dir='ltr'>servire.</span> <span class='ocrx_word' id='word_1_13' title='bbox 1183 488 1349 524; x_wconf 80' lang='lat' dir='ltr'>Mattbci</span> <span class='ocrx_word' id='word_1_14' title='bbox 1379 490 1464 530; x_wconf 69' lang='lat' dir='ltr'>VI0,</span> <span class='ocrx_word' id='word_1_15' title='bbox 1492 494 1848 556; x_wconf 44' lang='lat' dir='ltr'>24.T¹1istdcic1atralnon</span> 
     </span>
     <span class='ocr_line' id='line_1_5' title="bbox 1530 537 1834 556; baseline 0 -1"><span class='ocrx_word' id='word_1_16' title='bbox 1530 546 1536 551; x_wconf 85' lang='lat'><strong>·</strong></span> <span class='ocrx_word' id='word_1_17' title='bbox 1589 537 1657 555; x_wconf 70' lang='lat' dir='ltr'>mus</span> <span class='ocrx_word' id='word_1_18' title='bbox 1698 537 1727 556; x_wconf 48' lang='lat'>50</span> <span class='ocrx_word' id='word_1_19' title='bbox 1761 537 1834 556; x_wconf 64' lang='grc' dir='ltr'>ἱὶίὶἷῐὶ</span> 
     </span>
    </p>
   </div>
   <div class='ocr_carea' id='block_1_5' title="bbox 155 545 1565 2515">
    <p class='ocr_par' dir='ltr' id='par_1_5' title="bbox 189 545 1564 2168">
     <span class='ocr_line' id='line_1_6' title="bbox 300 545 1559 596; baseline -0.003 -11"><span class='ocrx_word' id='word_1_20' title='bbox 300 550 467 585; x_wconf 79' lang='lat' dir='ltr'>Constat</span> <span class='ocrx_word' id='word_1_21' title='bbox 516 549 622 596; x_wconf 81' lang='lat' dir='ltr'>quod</span> <span class='ocrx_word' id='word_1_22' title='bbox 658 546 838 583; x_wconf 86' lang='lat' dir='ltr'>Christus</span> <span class='ocrx_word' id='word_1_23' title='bbox 882 545 1068 593; x_wconf 77' lang='lat' dir='ltr'>intelligit</span> <span class='ocrx_word' id='word_1_24' title='bbox 1109 547 1155 582; x_wconf 90' lang='lat' dir='ltr'>de</span> <span class='ocrx_word' id='word_1_25' title='bbox 1190 547 1345 581; x_wconf 85' lang='lat' dir='ltr'>duobus</span> <span class='ocrx_word' id='word_1_26' title='bbox 1385 546 1559 582; x_wconf 81' lang='lat' dir='ltr'>dominis</span> 
     </span>
     <span class='ocr_line' id='line_1_7' title="bbox 244 604 1559 652; baseline -0.002 -9"><span class='ocrx_word' id='word_1_27' title='bbox 244 606 455 643; x_wconf 82' lang='lat' dir='ltr'>contrariis</span> <span class='ocrx_word' id='word_1_28' title='bbox 488 619 569 642; x_wconf 86' lang='lat' dir='ltr'>non</span> <span class='ocrx_word' id='word_1_29' title='bbox 603 605 822 641; x_wconf 88' lang='lat' dir='ltr'>secundum</span> <span class='ocrx_word' id='word_1_30' title='bbox 868 612 1070 648; x_wconf 77' lang='lat' dir='ltr'>naturam,</span> <span class='ocrx_word' id='word_1_31' title='bbox 1125 617 1214 640; x_wconf 89' lang='lat' dir='ltr'>cum</span> <span class='ocrx_word' id='word_1_32' title='bbox 1261 604 1385 640; x_wconf 86' lang='lat' dir='ltr'>nichil</span> <span class='ocrx_word' id='word_1_33' title='bbox 1430 612 1559 652; x_wconf 85' lang='lat' dir='ltr'>potest</span> 
     </span>
     <span class='ocr_line' id='line_1_8' title="bbox 210 661 1560 707; baseline -0.003 -5"><span class='ocrx_word' id='word_1_34' title='bbox 210 669 326 701; x_wconf 75' lang='lat' dir='ltr'>Sesse</span> <span class='ocrx_word' id='word_1_35' title='bbox 359 664 415 701; x_wconf 89' lang='lat' dir='ltr'>sic</span> <span class='ocrx_word' id='word_1_36' title='bbox 448 666 532 700; x_wconf 88' lang='lat' dir='ltr'>Deo</span> <span class='ocrx_word' id='word_1_37' title='bbox 566 662 828 707; x_wconf 88' lang='lat' dir='ltr'>contrarium,</span> <span class='ocrx_word' id='word_1_38' title='bbox 883 663 950 698; x_wconf 88' lang='lat' dir='ltr'>sed</span> <span class='ocrx_word' id='word_1_39' title='bbox 991 661 1256 698; x_wconf 82' lang='lat' dir='ltr'>contrarietas</span> <span class='ocrx_word' id='word_1_40' title='bbox 1303 662 1485 698; x_wconf 80' lang='lat' dir='ltr'>consistit</span> <span class='ocrx_word' id='word_1_41' title='bbox 1520 662 1560 698; x_wconf 86' lang='lat' dir='ltr'>in</span> 
     </span>
     <span class='ocr_line' id='line_1_9' title="bbox 244 720 1560 768; baseline -0.002 -9"><span class='ocrx_word' id='word_1_42' title='bbox 244 722 406 759; x_wconf 80' lang='lat' dir='ltr'>racione</span> <span class='ocrx_word' id='word_1_43' title='bbox 459 720 709 766; x_wconf 81' lang='lat' dir='ltr'>dominandi,</span> <span class='ocrx_word' id='word_1_44' title='bbox 763 728 805 756; x_wconf 91' lang='lat' dir='ltr'>ut</span> <span class='ocrx_word' id='word_1_45' title='bbox 859 721 967 768; x_wconf 89' lang='lat' dir='ltr'>quod</span> <span class='ocrx_word' id='word_1_46' title='bbox 1021 721 1143 756; x_wconf 90' lang='lat' dir='ltr'>homo</span> <span class='ocrx_word' id='word_1_47' title='bbox 1196 720 1341 756; x_wconf 84' lang='lat' dir='ltr'>serviat</span> <span class='ocrx_word' id='word_1_48' title='bbox 1386 722 1470 756; x_wconf 93' lang='lat' dir='ltr'>Deo</span> <span class='ocrx_word' id='word_1_49' title='bbox 1523 729 1560 757; x_wconf 89' lang='lat' dir='ltr'>et</span> 
     </span>
     <span class='ocr_line' id='line_1_10' title="bbox 244 778 1560 827; baseline -0.002 -10"><span class='ocrx_word' id='word_1_50' title='bbox 244 789 424 817; x_wconf 83' lang='lat' dir='ltr'>creature</span> <span class='ocrx_word' id='word_1_51' title='bbox 469 779 608 816; x_wconf 87' lang='lat' dir='ltr'>ultime</span> <span class='ocrx_word' id='word_1_52' title='bbox 663 790 739 827; x_wconf 91' lang='lat' dir='ltr'>que</span> <span class='ocrx_word' id='word_1_53' title='bbox 788 786 955 815; x_wconf 87' lang='lat' dir='ltr'>vocatur</span> <span class='ocrx_word' id='word_1_54' title='bbox 1008 790 1243 814; x_wconf 81' lang='lat' dir='ltr'>mammona</span> <span class='ocrx_word' id='word_1_55' title='bbox 1297 787 1354 814; x_wconf 88' lang='lat' dir='ltr'>est</span> <span class='ocrx_word' id='word_1_56' title='bbox 1404 778 1560 815; x_wconf 88' lang='lat' dir='ltr'>veritati</span> 
     </span>
     <span class='ocr_line' id='line_1_11' title="bbox 245 835 1559 884; baseline -0.002 -9"><span class='ocrx_word' id='word_1_57' title='bbox 245 838 493 875; x_wconf 83' lang='lat' dir='ltr'>contrarium</span> <span class='ocrx_word' id='word_1_58' title='bbox 527 845 564 874; x_wconf 89' lang='lat' dir='ltr'>et</span> <span class='ocrx_word' id='word_1_59' title='bbox 596 836 652 874; x_wconf 86' lang='lat' dir='ltr'>sic</span> <span class='ocrx_word' id='word_1_60' title='bbox 671 838 768 881; x_wconf 86' lang='lat' dir='ltr'>Deo,</span> <span class='ocrx_word' id='word_1_61' title='bbox 804 835 1064 884; x_wconf 81' lang='lat' dir='ltr'>intelligendo</span> <span class='ocrx_word' id='word_1_62' title='bbox 1098 835 1207 872; x_wconf 89' lang='lat' dir='ltr'>illam</span> <span class='ocrx_word' id='word_1_63' title='bbox 1232 836 1559 884; x_wconf 88' lang='lat' dir='ltr'>proposicionem</span> 
     </span>
     <span class='ocr_line' id='line_1_12' title="bbox 245 894 1561 944; baseline -0.002 -11"><span class='ocrx_word' id='word_1_64' title='bbox 245 897 284 933; x_wconf 94' lang='lat' dir='ltr'>in</span> <span class='ocrx_word' id='word_1_65' title='bbox 318 909 434 933; x_wconf 88' lang='lat' dir='ltr'>sensu</span> <span class='ocrx_word' id='word_1_66' title='bbox 479 894 706 944; x_wconf 91' lang='lat' dir='ltr'>composito</span> <span class='ocrx_word' id='word_1_67' title='bbox 740 903 777 931; x_wconf 91' lang='lat' dir='ltr'>et</span> <span class='ocrx_word' id='word_1_68' title='bbox 816 894 1076 942; x_wconf 83' lang='lat' dir='ltr'>intelligendo</span> <span class='ocrx_word' id='word_1_69' title='bbox 1115 894 1302 930; x_wconf 89' lang='lat' dir='ltr'>dominos</span> <span class='ocrx_word' id='word_1_70' title='bbox 1348 894 1420 930; x_wconf 85' lang='lat' dir='ltr'>sibi</span> <span class='ocrx_word' id='word_1_71' title='bbox 1468 907 1561 931; x_wconf 90' lang='lat' dir='ltr'>con-</span> 
     </span>
     <span class='ocr_line' id='line_1_13' title="bbox 192 951 1560 1001; baseline -0.001 -12"><span class='ocrx_word' id='word_1_72' title='bbox 192 969 229 989; x_wconf 84' lang='lat'>10</span> <span class='ocrx_word' id='word_1_73' title='bbox 245 954 390 991; x_wconf 84' lang='lat' dir='ltr'>trarios</span> <span class='ocrx_word' id='word_1_74' title='bbox 434 967 480 991; x_wconf 90' lang='lat' dir='ltr'>ac</span> <span class='ocrx_word' id='word_1_75' title='bbox 525 953 784 1001; x_wconf 84' lang='lat' dir='ltr'>intelligendo</span> <span class='ocrx_word' id='word_1_76' title='bbox 830 952 976 989; x_wconf 83' lang='lat' dir='ltr'>servire</span> <span class='ocrx_word' id='word_1_77' title='bbox 1021 951 1258 1000; x_wconf 78' lang='lat' dir='ltr'>legitimum,</span> <span class='ocrx_word' id='word_1_78' title='bbox 1313 961 1421 1000; x_wconf 87' lang='lat' dir='ltr'>patet</span> <span class='ocrx_word' id='word_1_79' title='bbox 1468 965 1560 989; x_wconf 91' lang='lat' dir='ltr'>con-</span> 
     </span>
     <span class='ocr_line' id='line_1_14' title="bbox 246 1010 1557 1059; baseline -0.002 -10"><span class='ocrx_word' id='word_1_80' title='bbox 246 1012 371 1050; x_wconf 78' lang='lat' dir='ltr'>clusio</span> <span class='ocrx_word' id='word_1_81' title='bbox 415 1011 647 1057; x_wconf 79' lang='lat' dir='ltr'>Salvatoris‚</span> <span class='ocrx_word' id='word_1_82' title='bbox 702 1011 796 1059; x_wconf 90' lang='lat' dir='ltr'>quia</span> <span class='ocrx_word' id='word_1_83' title='bbox 841 1010 1044 1058; x_wconf 75' lang='lat' dir='ltr'>diligendo</span> <span class='ocrx_word' id='word_1_84' title='bbox 1084 1010 1139 1046; x_wconf 92' lang='lat' dir='ltr'>sic</span> <span class='ocrx_word' id='word_1_85' title='bbox 1173 1010 1392 1047; x_wconf 91' lang='lat' dir='ltr'>Dominum</span> <span class='ocrx_word' id='word_1_86' title='bbox 1429 1010 1557 1059; x_wconf 87' lang='lat' dir='ltr'>ipsum</span> 
     </span>
     <span class='ocr_line' id='line_1_15' title="bbox 247 1068 1558 1119; baseline -0.003 -11"><span class='ocrx_word' id='word_1_87' title='bbox 247 1072 592 1119; x_wconf 85' lang='lat' dir='ltr'>preponderanter</span> <span class='ocrx_word' id='word_1_88' title='bbox 645 1068 784 1117; x_wconf 82' lang='lat' dir='ltr'>diligit,</span> <span class='ocrx_word' id='word_1_89' title='bbox 846 1077 883 1105; x_wconf 89' lang='lat' dir='ltr'>et</span> <span class='ocrx_word' id='word_1_90' title='bbox 935 1081 1006 1116; x_wconf 88' lang='lat' dir='ltr'>per</span> <span class='ocrx_word' id='word_1_91' title='bbox 1059 1081 1308 1117; x_wconf 86' lang='lat' dir='ltr'>consequens</span> <span class='ocrx_word' id='word_1_92' title='bbox 1361 1069 1558 1118; x_wconf 87' lang='lat' dir='ltr'>reliquum</span> 
     </span>
     <span class='ocr_line' id='line_1_16' title="bbox 246 1126 1560 1175; baseline -0.002 -10"><span class='ocrx_word' id='word_1_93' title='bbox 246 1129 454 1166; x_wconf 85' lang='lat' dir='ltr'>dominum</span> <span class='ocrx_word' id='word_1_94' title='bbox 502 1127 750 1166; x_wconf 87' lang='lat' dir='ltr'>contrarium</span> <span class='ocrx_word' id='word_1_95' title='bbox 795 1127 835 1163; x_wconf 92' lang='lat' dir='ltr'>in</span> <span class='ocrx_word' id='word_1_96' title='bbox 880 1139 1018 1163; x_wconf 85' lang='lat' dir='ltr'>amore</span> <span class='ocrx_word' id='word_1_97' title='bbox 1063 1126 1271 1175; x_wconf 85' lang='lat' dir='ltr'>postponit</span> <span class='ocrx_word' id='word_1_98' title='bbox 1305 1136 1341 1164; x_wconf 91' lang='lat' dir='ltr'>et</span> <span class='ocrx_word' id='word_1_99' title='bbox 1374 1127 1429 1164; x_wconf 92' lang='lat' dir='ltr'>sic</span> <span class='ocrx_word' id='word_1_100' title='bbox 1463 1127 1560 1164; x_wconf 88' lang='lat' dir='ltr'>odit.</span> 
     </span>
     <span class='ocr_line' id='line_1_17' title="bbox 247 1184 1562 1236; baseline -0.001 -13"><span class='ocrx_word' id='word_1_101' title='bbox 247 1190 294 1223; x_wconf 86' lang='lat' dir='ltr'>Et</span> <span class='ocrx_word' id='word_1_102' title='bbox 328 1196 523 1236; x_wconf 85' lang='lat' dir='ltr'>quantum</span> <span class='ocrx_word' id='word_1_103' title='bbox 563 1187 613 1223; x_wconf 87' lang='lat' dir='ltr'>ad</span> <span class='ocrx_word' id='word_1_104' title='bbox 648 1185 930 1231; x_wconf 81' lang='lat' dir='ltr'>ministerium,</span> <span class='ocrx_word' id='word_1_105' title='bbox 985 1197 1075 1221; x_wconf 89' lang='lat' dir='ltr'>cum</span> <span class='ocrx_word' id='word_1_106' title='bbox 1122 1184 1344 1222; x_wconf 86' lang='lat' dir='ltr'>ministeria</span> <span class='ocrx_word' id='word_1_107' title='bbox 1390 1198 1562 1234; x_wconf 90' lang='lat' dir='ltr'>prepon-</span> 
     </span>
     <span class='ocr_line' id='line_1_18' title="bbox 194 1243 1560 1292; baseline -0.001 -12"><span class='ocrx_word' id='word_1_108' title='bbox 194 1245 436 1282; x_wconf 80' lang='lat' dir='ltr'>15derancia</span> <span class='ocrx_word' id='word_1_109' title='bbox 495 1257 634 1282; x_wconf 87' lang='lat' dir='ltr'>eorum</span> <span class='ocrx_word' id='word_1_110' title='bbox 688 1243 766 1280; x_wconf 89' lang='lat' dir='ltr'>sint</span> <span class='ocrx_word' id='word_1_111' title='bbox 828 1243 1043 1288; x_wconf 69' lang='lat' dir='ltr'>contraria,</span> <span class='ocrx_word' id='word_1_112' title='bbox 1108 1251 1217 1291; x_wconf 82' lang='lat' dir='ltr'>patet</span> <span class='ocrx_word' id='word_1_113' title='bbox 1270 1245 1378 1292; x_wconf 88' lang='lat' dir='ltr'>quod</span> <span class='ocrx_word' id='word_1_114' title='bbox 1437 1256 1560 1280; x_wconf 91' lang='lat' dir='ltr'>unum</span> 
     </span>
     <span class='ocr_line' id='line_1_19' title="bbox 247 1302 1560 1349; baseline -0.002 -9"><span class='ocrx_word' id='word_1_115' title='bbox 247 1302 458 1340; x_wconf 85' lang='lat' dir='ltr'>sustinebit</span> <span class='ocrx_word' id='word_1_116' title='bbox 491 1304 626 1340; x_wconf 87' lang='lat' dir='ltr'>fovens</span> <span class='ocrx_word' id='word_1_117' title='bbox 660 1310 697 1339; x_wconf 84' lang='lat' dir='ltr'>et</span> <span class='ocrx_word' id='word_1_118' title='bbox 731 1302 947 1338; x_wconf 88' lang='lat' dir='ltr'>defendens</span> <span class='ocrx_word' id='word_1_119' title='bbox 980 1309 1137 1349; x_wconf 88' lang='lat' dir='ltr'>partem</span> <span class='ocrx_word' id='word_1_120' title='bbox 1171 1314 1284 1338; x_wconf 88' lang='lat' dir='ltr'>suam</span> <span class='ocrx_word' id='word_1_121' title='bbox 1320 1310 1357 1338; x_wconf 92' lang='lat' dir='ltr'>et</span> <span class='ocrx_word' id='word_1_122' title='bbox 1390 1302 1560 1338; x_wconf 87' lang='lat' dir='ltr'>alterum</span> 
     </span>
     <span class='ocr_line' id='line_1_20' title="bbox 247 1359 1562 1411; baseline -0.002 -13"><span class='ocrx_word' id='word_1_123' title='bbox 247 1361 516 1411; x_wconf 87' lang='lat' dir='ltr'>postpositum</span> <span class='ocrx_word' id='word_1_124' title='bbox 571 1373 662 1398; x_wconf 91' lang='lat' dir='ltr'>cum</span> <span class='ocrx_word' id='word_1_125' title='bbox 707 1360 786 1396; x_wconf 88' lang='lat' dir='ltr'>sint</span> <span class='ocrx_word' id='word_1_126' title='bbox 831 1359 1023 1396; x_wconf 89' lang='lat' dir='ltr'>contrarii</span> <span class='ocrx_word' id='word_1_127' title='bbox 1077 1368 1348 1408; x_wconf 87' lang='lat' dir='ltr'>contempnet.</span> <span class='ocrx_word' id='word_1_128' title='bbox 1409 1362 1457 1396; x_wconf 86' lang='lat' dir='ltr'>Et</span> <span class='ocrx_word' id='word_1_129' title='bbox 1507 1359 1562 1396; x_wconf 89' lang='lat' dir='ltr'>sic</span> 
     </span>
     <span class='ocr_line' id='line_1_21' title="bbox 248 1418 1563 1468; baseline -0.002 -12"><span class='ocrx_word' id='word_1_130' title='bbox 248 1419 504 1457; x_wconf 85' lang='lat' dir='ltr'>concluditur</span> <span class='ocrx_word' id='word_1_131' title='bbox 548 1419 656 1468; x_wconf 88' lang='lat' dir='ltr'>quod</span> <span class='ocrx_word' id='word_1_132' title='bbox 701 1418 806 1454; x_wconf 79' lang='lat' dir='ltr'>nulla</span> <span class='ocrx_word' id='word_1_133' title='bbox 851 1425 1033 1454; x_wconf 80' lang='lat' dir='ltr'>creatura</span> <span class='ocrx_word' id='word_1_134' title='bbox 1072 1425 1200 1467; x_wconf 81' lang='lat' dir='ltr'>potest</span> <span class='ocrx_word' id='word_1_135' title='bbox 1232 1418 1316 1454; x_wconf 87' lang='lat' dir='ltr'>Deo</span> <span class='ocrx_word' id='word_1_136' title='bbox 1347 1418 1497 1454; x_wconf 75' lang='lat' dir='ltr'>servire</span> <span class='ocrx_word' id='word_1_137' title='bbox 1529 1425 1563 1454; x_wconf 84' lang='lat' dir='ltr'>et</span> 
     </span>
     <span class='ocr_line' id='line_1_22' title="bbox 247 1475 1563 1528; baseline -0.002 -14"><span class='ocrx_word' id='word_1_138' title='bbox 247 1490 463 1514; x_wconf 82' lang='lat' dir='ltr'>mammone</span> <span class='ocrx_word' id='word_1_139' title='bbox 501 1476 560 1528; x_wconf 88' lang='lat' dir='ltr'>(ut</span> <span class='ocrx_word' id='word_1_140' title='bbox 594 1476 735 1513; x_wconf 87' lang='lat' dir='ltr'>diffuse</span> <span class='ocrx_word' id='word_1_141' title='bbox 768 1475 980 1524; x_wconf 86' lang='lat' dir='ltr'>exponitur</span> <span class='ocrx_word' id='word_1_142' title='bbox 1012 1477 1207 1512; x_wconf 85' lang='lat' dir='ltr'>Sermone</span> <span class='ocrx_word' id='word_1_143' title='bbox 1239 1475 1426 1526; x_wconf 83' lang='lat' dir='ltr'>XXXIX).</span> <span class='ocrx_word' id='word_1_144' title='bbox 1472 1478 1563 1512; x_wconf 93' lang='lat' dir='ltr'>Non</span> 
     </span>
     <span class='ocr_line' id='line_1_23' title="bbox 189 1534 1564 1585; baseline -0.001 -14"><span class='ocrx_word' id='word_1_145' title='bbox 189 1549 232 1571; x_wconf 85' lang='lat'>20</span> <span class='ocrx_word' id='word_1_146' title='bbox 249 1536 446 1585; x_wconf 80' lang='lat' dir='ltr'>(inquam)</span> <span class='ocrx_word' id='word_1_147' title='bbox 508 1544 640 1584; x_wconf 88' lang='lat' dir='ltr'>potest</span> <span class='ocrx_word' id='word_1_148' title='bbox 701 1535 824 1571; x_wconf 89' lang='lat' dir='ltr'>homo</span> <span class='ocrx_word' id='word_1_149' title='bbox 885 1535 1105 1571; x_wconf 90' lang='lat' dir='ltr'>secundum</span> <span class='ocrx_word' id='word_1_150' title='bbox 1168 1543 1354 1571; x_wconf 86' lang='lat' dir='ltr'>naturam</span> <span class='ocrx_word' id='word_1_151' title='bbox 1417 1534 1564 1571; x_wconf 86' lang='lat' dir='ltr'>servire</span> 
     </span>
     <span class='ocr_line' id='line_1_24' title="bbox 249 1592 1562 1641; baseline -0.002 -10"><span class='ocrx_word' id='word_1_152' title='bbox 249 1606 493 1641; x_wconf 85' lang='lat' dir='ltr'>mammone,</span> <span class='ocrx_word' id='word_1_153' title='bbox 548 1607 638 1630; x_wconf 89' lang='lat' dir='ltr'>cum</span> <span class='ocrx_word' id='word_1_154' title='bbox 683 1605 844 1630; x_wconf 91' lang='lat' dir='ltr'>necesse</span> <span class='ocrx_word' id='word_1_155' title='bbox 877 1593 926 1629; x_wconf 91' lang='lat' dir='ltr'>sit</span> <span class='ocrx_word' id='word_1_156' title='bbox 964 1594 1073 1641; x_wconf 89' lang='lat' dir='ltr'>quod</span> <span class='ocrx_word' id='word_1_157' title='bbox 1118 1592 1204 1641; x_wconf 88' lang='lat' dir='ltr'>ipsa</span> <span class='ocrx_word' id='word_1_158' title='bbox 1248 1592 1298 1629; x_wconf 91' lang='lat' dir='ltr'>sit</span> <span class='ocrx_word' id='word_1_159' title='bbox 1341 1594 1562 1629; x_wconf 88' lang='lat' dir='ltr'>secundum</span> 
     </span>
     <span class='ocr_line' id='line_1_25' title="bbox 248 1650 1562 1700; baseline -0.002 -11"><span class='ocrx_word' id='word_1_160' title='bbox 248 1661 436 1689; x_wconf 83' lang='lat' dir='ltr'>naturam</span> <span class='ocrx_word' id='word_1_161' title='bbox 488 1651 684 1700; x_wconf 83' lang='lat' dir='ltr'>superior,</span> <span class='ocrx_word' id='word_1_162' title='bbox 738 1664 874 1698; x_wconf 91' lang='lat' dir='ltr'>ymmo</span> <span class='ocrx_word' id='word_1_163' title='bbox 919 1651 1014 1687; x_wconf 84' lang='lat' dir='ltr'>satis</span> <span class='ocrx_word' id='word_1_164' title='bbox 1060 1659 1117 1687; x_wconf 91' lang='lat' dir='ltr'>est</span> <span class='ocrx_word' id='word_1_165' title='bbox 1160 1660 1203 1687; x_wconf 90' lang='lat' dir='ltr'>ut</span> <span class='ocrx_word' id='word_1_166' title='bbox 1236 1650 1311 1687; x_wconf 90' lang='lat' dir='ltr'>soli</span> <span class='ocrx_word' id='word_1_167' title='bbox 1344 1652 1428 1687; x_wconf 90' lang='lat' dir='ltr'>Deo</span> <span class='ocrx_word' id='word_1_168' title='bbox 1473 1652 1562 1687; x_wconf 92' lang='lat' dir='ltr'>sub-</span> 
     </span>
     <span class='ocr_line' id='line_1_26' title="bbox 248 1709 1562 1758; baseline -0.002 -11"><span class='ocrx_word' id='word_1_169' title='bbox 248 1710 407 1755; x_wconf 86' lang='lat' dir='ltr'>serviat,</span> <span class='ocrx_word' id='word_1_170' title='bbox 440 1723 531 1747; x_wconf 92' lang='lat' dir='ltr'>cum</span> <span class='ocrx_word' id='word_1_171' title='bbox 566 1710 615 1746; x_wconf 91' lang='lat' dir='ltr'>sit</span> <span class='ocrx_word' id='word_1_172' title='bbox 647 1722 720 1758; x_wconf 86' lang='lat' dir='ltr'>par</span> <span class='ocrx_word' id='word_1_173' title='bbox 753 1709 903 1757; x_wconf 81' lang='lat' dir='ltr'>angelis</span> <span class='ocrx_word' id='word_1_174' title='bbox 937 1709 977 1745; x_wconf 91' lang='lat' dir='ltr'>in</span> <span class='ocrx_word' id='word_1_175' title='bbox 1010 1717 1167 1746; x_wconf 88' lang='lat' dir='ltr'>natura.</span> <span class='ocrx_word' id='word_1_176' title='bbox 1202 1710 1250 1745; x_wconf 85' lang='lat' dir='ltr'>Et</span> <span class='ocrx_word' id='word_1_177' title='bbox 1283 1717 1479 1758; x_wconf 88' lang='lat' dir='ltr'>quantum</span> <span class='ocrx_word' id='word_1_178' title='bbox 1513 1710 1562 1746; x_wconf 85' lang='lat' dir='ltr'>ad</span> 
     </span>
     <span class='ocr_line' id='line_1_27' title="bbox 249 1767 1562 1816; baseline -0.002 -11"><span class='ocrx_word' id='word_1_179' title='bbox 249 1768 461 1806; x_wconf 78' lang='lat' dir='ltr'>servicium</span> <span class='ocrx_word' id='word_1_180' title='bbox 515 1767 693 1805; x_wconf 89' lang='lat' dir='ltr'>caritatis</span> <span class='ocrx_word' id='word_1_181' title='bbox 736 1780 818 1804; x_wconf 88' lang='lat' dir='ltr'>non</span> <span class='ocrx_word' id='word_1_182' title='bbox 870 1776 1025 1813; x_wconf 75' lang='lat' dir='ltr'>nature,</span> <span class='ocrx_word' id='word_1_183' title='bbox 1078 1775 1188 1815; x_wconf 87' lang='lat' dir='ltr'>patet</span> <span class='ocrx_word' id='word_1_184' title='bbox 1233 1779 1277 1803; x_wconf 90' lang='lat' dir='ltr'>ex</span> <span class='ocrx_word' id='word_1_185' title='bbox 1320 1767 1562 1816; x_wconf 89' lang='lat' dir='ltr'>Apocalypsi</span> 
     </span>
     <span class='ocr_line' id='line_1_28' title="bbox 193 1825 1563 1876; baseline -0.001 -14"><span class='ocrx_word' id='word_1_186' title='bbox 193 1830 231 1862; x_wconf 80' lang='lat'>25</span> <span class='ocrx_word' id='word_1_187' title='bbox 250 1828 456 1876; x_wconf 90' lang='lat' dir='ltr'>quomodo</span> <span class='ocrx_word' id='word_1_188' title='bbox 501 1826 664 1874; x_wconf 81' lang='lat' dir='ltr'>angelus</span> <span class='ocrx_word' id='word_1_189' title='bbox 709 1825 805 1862; x_wconf 88' lang='lat' dir='ltr'>dicit</span> <span class='ocrx_word' id='word_1_190' title='bbox 849 1838 889 1862; x_wconf 92' lang='lat' dir='ltr'>se</span> <span class='ocrx_word' id='word_1_191' title='bbox 922 1837 1006 1862; x_wconf 90' lang='lat' dir='ltr'>esse</span> <span class='ocrx_word' id='word_1_192' title='bbox 1050 1838 1287 1862; x_wconf 80' lang='lat' dir='ltr'>conservum</span> <span class='ocrx_word' id='word_1_193' title='bbox 1320 1825 1493 1862; x_wconf 86' lang='lat' dir='ltr'>Johanni</span> <span class='ocrx_word' id='word_1_194' title='bbox 1526 1834 1563 1862; x_wconf 88' lang='lat' dir='ltr'>et</span> 
     </span>
     <span class='ocr_line' id='line_1_29' title="bbox 248 1885 1563 1932; baseline -0.002 -10"><span class='ocrx_word' id='word_1_195' title='bbox 248 1886 416 1922; x_wconf 85' lang='lat' dir='ltr'>fratrum</span> <span class='ocrx_word' id='word_1_196' title='bbox 461 1897 640 1921; x_wconf 84' lang='lat' dir='ltr'>suorum.</span> <span class='ocrx_word' id='word_1_197' title='bbox 694 1886 741 1920; x_wconf 87' lang='lat' dir='ltr'>Et</span> <span class='ocrx_word' id='word_1_198' title='bbox 786 1892 895 1932; x_wconf 86' lang='lat' dir='ltr'>patet</span> <span class='ocrx_word' id='word_1_199' title='bbox 940 1892 1135 1932; x_wconf 87' lang='lat' dir='ltr'>quantum</span> <span class='ocrx_word' id='word_1_200' title='bbox 1182 1885 1303 1920; x_wconf 91' lang='lat' dir='ltr'>homo</span> <span class='ocrx_word' id='word_1_201' title='bbox 1349 1885 1563 1932; x_wconf 79' lang='lat' dir='ltr'>degenerat</span> 
     </span>
     <span class='ocr_line' id='line_1_30' title="bbox 248 1941 1564 1990; baseline -0.002 -10"><span class='ocrx_word' id='word_1_202' title='bbox 248 1943 456 1981; x_wconf 90' lang='lat' dir='ltr'>serviendo</span> <span class='ocrx_word' id='word_1_203' title='bbox 490 1943 545 1980; x_wconf 92' lang='lat' dir='ltr'>sic</span> <span class='ocrx_word' id='word_1_204' title='bbox 568 1951 711 1979; x_wconf 89' lang='lat' dir='ltr'>nature</span> <span class='ocrx_word' id='word_1_205' title='bbox 743 1941 893 1988; x_wconf 73' lang='lat' dir='ltr'>infime,</span> <span class='ocrx_word' id='word_1_206' title='bbox 928 1954 1004 1990; x_wconf 89' lang='lat' dir='ltr'>que</span> <span class='ocrx_word' id='word_1_207' title='bbox 1037 1941 1127 1978; x_wconf 91' lang='lat' dir='ltr'>ideo</span> <span class='ocrx_word' id='word_1_208' title='bbox 1161 1941 1347 1979; x_wconf 88' lang='lat' dir='ltr'>ordinata</span> <span class='ocrx_word' id='word_1_209' title='bbox 1381 1951 1437 1978; x_wconf 90' lang='lat' dir='ltr'>est</span> <span class='ocrx_word' id='word_1_210' title='bbox 1471 1955 1564 1978; x_wconf 91' lang='lat' dir='ltr'>con-</span> 
     </span>
     <span class='ocr_line' id='line_1_31' title="bbox 249 2000 1562 2049; baseline -0.002 -10"><span class='ocrx_word' id='word_1_211' title='bbox 249 2001 398 2039; x_wconf 87' lang='lat' dir='ltr'>culcari</span> <span class='ocrx_word' id='word_1_212' title='bbox 445 2003 494 2038; x_wconf 87' lang='lat' dir='ltr'>ab</span> <span class='ocrx_word' id='word_1_213' title='bbox 540 2000 716 2047; x_wconf 83' lang='lat' dir='ltr'>homine,</span> <span class='ocrx_word' id='word_1_214' title='bbox 769 2008 812 2036; x_wconf 88' lang='lat' dir='ltr'>ut</span> <span class='ocrx_word' id='word_1_215' title='bbox 856 2009 937 2037; x_wconf 86' lang='lat' dir='ltr'>tam</span> <span class='ocrx_word' id='word_1_216' title='bbox 983 2001 1203 2037; x_wconf 86' lang='lat' dir='ltr'>secundum</span> <span class='ocrx_word' id='word_1_217' title='bbox 1251 2013 1396 2049; x_wconf 89' lang='lat' dir='ltr'>corpus</span> <span class='ocrx_word' id='word_1_218' title='bbox 1442 2013 1562 2049; x_wconf 87' lang='lat' dir='ltr'>quam</span> 
     </span>
     <span class='ocr_line' id='line_1_32' title="bbox 249 2058 1563 2098; baseline -0.002 -1"><span class='ocrx_word' id='word_1_219' title='bbox 249 2060 426 2098; x_wconf 87' lang='lat' dir='ltr'>animam</span> <span class='ocrx_word' id='word_1_220' title='bbox 460 2060 509 2096; x_wconf 90' lang='lat' dir='ltr'>sit</span> <span class='ocrx_word' id='word_1_221' title='bbox 541 2068 638 2096; x_wconf 91' lang='lat' dir='ltr'>nota</span> <span class='ocrx_word' id='word_1_222' title='bbox 671 2071 754 2095; x_wconf 90' lang='lat' dir='ltr'>esse</span> <span class='ocrx_word' id='word_1_223' title='bbox 797 2058 1036 2095; x_wconf 85' lang='lat' dir='ltr'>naturaliter</span> <span class='ocrx_word' id='word_1_224' title='bbox 1080 2058 1153 2095; x_wconf 90' lang='lat' dir='ltr'>sibi</span> <span class='ocrx_word' id='word_1_225' title='bbox 1198 2058 1460 2095; x_wconf 77' lang='lat' dir='ltr'>subserviens.</span> <span class='ocrx_word' id='word_1_226' title='bbox 1515 2060 1563 2094; x_wconf 88' lang='lat' dir='ltr'>Et</span> 
     </span>
     <span class='ocr_line' id='line_1_33' title="bbox 191 2117 1564 2168; baseline -0.002 -13"><span class='ocrx_word' id='word_1_227' title='bbox 191 2122 234 2155; x_wconf 85' lang='lat'>30</span> <span class='ocrx_word' id='word_1_228' title='bbox 249 2118 339 2155; x_wconf 92' lang='lat' dir='ltr'>ideo</span> <span class='ocrx_word' id='word_1_229' title='bbox 364 2118 459 2155; x_wconf 86' lang='lat' dir='ltr'>dicit</span> <span class='ocrx_word' id='word_1_230' title='bbox 481 2118 699 2166; x_wconf 86' lang='lat' dir='ltr'>Apostolus</span> <span class='ocrx_word' id='word_1_231' title='bbox 730 2118 838 2166; x_wconf 87' lang='lat' dir='ltr'>quod</span> <span class='ocrx_word' id='word_1_232' title='bbox 861 2117 1033 2153; x_wconf 78' lang='lat' dir='ltr'>avaricia</span> <span class='ocrx_word' id='word_1_233' title='bbox 1067 2117 1114 2153; x_wconf 82' lang='lat' dir='ltr'>sit</span> <span class='ocrx_word' id='word_1_234' title='bbox 1131 2117 1351 2168; x_wconf 71' lang='lat' dir='ltr'>ydolorum</span> <span class='ocrx_word' id='word_1_235' title='bbox 1385 2117 1564 2163; x_wconf 70' lang='lat' dir='ltr'>servitus,</span> 
     </span>
    </p>

    <p class='ocr_par' dir='ltr' id='par_1_6' title="bbox 155 2174 1565 2515">
     <span class='ocr_line' id='line_1_34' title="bbox 155 2174 1562 2225; baseline -0.002 -11"><span class='ocrx_word' id='word_1_236' title='bbox 155 2177 158 2180; x_wconf 52' lang='lat'><em>⁴</em></span> <span class='ocrx_word' id='word_1_237' title='bbox 249 2186 286 2214; x_wconf 88' lang='lat' dir='ltr'>et</span> <span class='ocrx_word' id='word_1_238' title='bbox 319 2189 389 2225; x_wconf 90' lang='lat' dir='ltr'>per</span> <span class='ocrx_word' id='word_1_239' title='bbox 427 2188 676 2225; x_wconf 86' lang='lat' dir='ltr'>consequens</span> <span class='ocrx_word' id='word_1_240' title='bbox 715 2175 845 2212; x_wconf 89' lang='lat' dir='ltr'>omnis</span> <span class='ocrx_word' id='word_1_241' title='bbox 884 2187 1026 2211; x_wconf 81' lang='lat' dir='ltr'>avarus</span> <span class='ocrx_word' id='word_1_242' title='bbox 1065 2183 1121 2211; x_wconf 88' lang='lat' dir='ltr'>est</span> <span class='ocrx_word' id='word_1_243' title='bbox 1160 2175 1333 2211; x_wconf 87' lang='lat' dir='ltr'>idolatra</span> <span class='ocrx_word' id='word_1_244' title='bbox 1372 2174 1562 2218; x_wconf 69' lang='lat' dir='ltr'>infidelis:</span> 
     </span>
     <span class='ocr_line' id='line_1_35' title="bbox 249 2233 1565 2283; baseline -0.002 -12"><span class='ocrx_word' id='word_1_245' title='bbox 249 2244 285 2272; x_wconf 88' lang='lat' dir='ltr'>et</span> <span class='ocrx_word' id='word_1_246' title='bbox 318 2236 368 2271; x_wconf 86' lang='lat' dir='ltr'>ad</span> <span class='ocrx_word' id='word_1_247' title='bbox 392 2233 788 2283; x_wconf 77' lang='lat' dir='ltr'>expergefaciendum</span> <span class='ocrx_word' id='word_1_248' title='bbox 814 2233 993 2270; x_wconf 90' lang='lat' dir='ltr'>animum</span> <span class='ocrx_word' id='word_1_249' title='bbox 1018 2233 1206 2279; x_wconf 79' lang='lat' dir='ltr'>hominis,</span> <span class='ocrx_word' id='word_1_250' title='bbox 1239 2246 1288 2270; x_wconf 92' lang='lat' dir='ltr'>ne</span> <span class='ocrx_word' id='word_1_251' title='bbox 1311 2233 1420 2281; x_wconf 82' lang='lat' dir='ltr'>gravi</span> <span class='ocrx_word' id='word_1_252' title='bbox 1445 2234 1565 2270; x_wconf 86' lang='lat' dir='ltr'>corde</span> 
     </span>
     <span class='ocr_line' id='line_1_36' title="bbox 249 2291 1563 2339; baseline -0.002 -9"><span class='ocrx_word' id='word_1_253' title='bbox 249 2293 422 2330; x_wconf 86' lang='lat' dir='ltr'>declinet</span> <span class='ocrx_word' id='word_1_254' title='bbox 454 2294 503 2329; x_wconf 85' lang='lat' dir='ltr'>ad</span> <span class='ocrx_word' id='word_1_255' title='bbox 537 2301 698 2339; x_wconf 70' lang='lat' dir='ltr'>terram,</span> <span class='ocrx_word' id='word_1_256' title='bbox 754 2291 955 2328; x_wconf 87' lang='lat' dir='ltr'>ordinavit</span> <span class='ocrx_word' id='word_1_257' title='bbox 988 2293 1093 2328; x_wconf 88' lang='lat' dir='ltr'>Deus</span> <span class='ocrx_word' id='word_1_258' title='bbox 1138 2291 1212 2328; x_wconf 88' lang='lat' dir='ltr'>sibi</span> <span class='ocrx_word' id='word_1_259' title='bbox 1256 2291 1563 2335; x_wconf 88' lang='lat' dir='ltr'>vicissitudines,</span> 
     </span>
     <span class='ocr_line' id='line_1_37' title="bbox 249 2350 1562 2397; baseline -0.002 -10"><span class='ocrx_word' id='word_1_260' title='bbox 249 2364 354 2388; x_wconf 87' lang='lat' dir='ltr'>nunc</span> <span class='ocrx_word' id='word_1_261' title='bbox 387 2360 547 2388; x_wconf 90' lang='lat' dir='ltr'>noctem</span> <span class='ocrx_word' id='word_1_262' title='bbox 581 2363 687 2387; x_wconf 89' lang='lat' dir='ltr'>nunc</span> <span class='ocrx_word' id='word_1_263' title='bbox 722 2350 840 2397; x_wconf 82' lang='lat' dir='ltr'>diem,</span> <span class='ocrx_word' id='word_1_264' title='bbox 887 2362 992 2386; x_wconf 90' lang='lat' dir='ltr'>nunc</span> <span class='ocrx_word' id='word_1_265' title='bbox 1026 2350 1209 2397; x_wconf 87' lang='lat' dir='ltr'>hyemem</span> <span class='ocrx_word' id='word_1_266' title='bbox 1243 2362 1349 2386; x_wconf 88' lang='lat' dir='ltr'>nunc</span> <span class='ocrx_word' id='word_1_267' title='bbox 1383 2358 1562 2390; x_wconf 78' lang='lat' dir='ltr'>estatem,</span> 
     </span>
     <span class='ocr_line' id='line_1_38' title="bbox 193 2407 1564 2456; baseline -0.001 -11"><span class='ocrx_word' id='word_1_268' title='bbox 193 2411 232 2445; x_wconf 77' lang='lat'>35</span> <span class='ocrx_word' id='word_1_269' title='bbox 250 2419 287 2446; x_wconf 91' lang='lat' dir='ltr'>et</span> <span class='ocrx_word' id='word_1_270' title='bbox 319 2422 425 2446; x_wconf 88' lang='lat' dir='ltr'>nunc</span> <span class='ocrx_word' id='word_1_271' title='bbox 459 2410 644 2446; x_wconf 89' lang='lat' dir='ltr'>morbum</span> <span class='ocrx_word' id='word_1_272' title='bbox 678 2421 785 2445; x_wconf 89' lang='lat' dir='ltr'>nunc</span> <span class='ocrx_word' id='word_1_273' title='bbox 818 2407 1044 2448; x_wconf 78' lang='lat' dir='ltr'>sanitatem,</span> <span class='ocrx_word' id='word_1_274' title='bbox 1084 2416 1127 2443; x_wconf 92' lang='lat' dir='ltr'>ut</span> <span class='ocrx_word' id='word_1_275' title='bbox 1167 2420 1210 2444; x_wconf 86' lang='lat' dir='ltr'>ex</span> <span class='ocrx_word' id='word_1_276' title='bbox 1243 2409 1426 2456; x_wconf 81' lang='lat' dir='ltr'>placente</span> <span class='ocrx_word' id='word_1_277' title='bbox 1459 2407 1564 2456; x_wconf 89' lang='lat' dir='ltr'>posi-</span> 
     </span>
     <span class='ocr_line' id='line_1_39' title="bbox 250 2466 1565 2515; baseline -0.002 -11"><span class='ocrx_word' id='word_1_278' title='bbox 250 2468 330 2504; x_wconf 84' lang='lat' dir='ltr'>tivo</span> <span class='ocrx_word' id='word_1_279' title='bbox 364 2467 589 2504; x_wconf 89' lang='lat' dir='ltr'>consideret</span> <span class='ocrx_word' id='word_1_280' title='bbox 623 2466 904 2504; x_wconf 86' lang='lat' dir='ltr'>excellenciam</span> <span class='ocrx_word' id='word_1_281' title='bbox 939 2466 1063 2515; x_wconf 88' lang='lat' dir='ltr'>patris</span> <span class='ocrx_word' id='word_1_282' title='bbox 1097 2466 1155 2502; x_wconf 89' lang='lat' dir='ltr'>sui</span> <span class='ocrx_word' id='word_1_283' title='bbox 1190 2474 1227 2503; x_wconf 91' lang='lat' dir='ltr'>et</span> <span class='ocrx_word' id='word_1_284' title='bbox 1246 2468 1373 2503; x_wconf 89' lang='lat' dir='ltr'>Deum</span> <span class='ocrx_word' id='word_1_285' title='bbox 1408 2466 1475 2515; x_wconf 89' lang='lat' dir='ltr'>qui</span> <span class='ocrx_word' id='word_1_286' title='bbox 1509 2474 1565 2502; x_wconf 90' lang='lat' dir='ltr'>est</span> 
     </span>
    </p>
   </div>
   <div class='ocr_carea' id='block_1_6' title="bbox 249 2576 1564 2856">
    <p class='ocr_par' dir='ltr' id='par_1_7' title="bbox 249 2576 1564 2856">
     <span class='ocr_line' id='line_1_40' title="bbox 319 2576 1563 2612; baseline -0.002 -6"><span class='ocrx_word' id='word_1_287' title='bbox 319 2588 344 2607; x_wconf 83' lang='lat'>2.</span> <span class='ocrx_word' id='word_1_288' title='bbox 367 2578 433 2607; x_wconf 85' lang='lat' dir='ltr'>BC:</span> <span class='ocrx_word' id='word_1_289' title='bbox 455 2578 619 2606; x_wconf 84' lang='lat' dir='ltr'>Dominica</span> <span class='ocrx_word' id='word_1_290' title='bbox 639 2578 705 2606; x_wconf 79' lang='lat' dir='ltr'>XV.</span> <span class='ocrx_word' id='word_1_291' title='bbox 806 2577 831 2606; x_wconf 87' lang='lat'>3.</span> <span class='ocrx_word' id='word_1_292' title='bbox 852 2579 897 2605; x_wconf 89' lang='lat' dir='ltr'>A:</span> <span class='ocrx_word' id='word_1_293' title='bbox 919 2577 1076 2606; x_wconf 87' lang='lat' dir='ltr'>intellexit.</span> <span class='ocrx_word' id='word_1_294' title='bbox 1180 2577 1205 2606; x_wconf 85' lang='lat'>5.</span> <span class='ocrx_word' id='word_1_295' title='bbox 1226 2579 1255 2605; x_wconf 94' lang='lat' dir='ltr'>A</span> <span class='ocrx_word' id='word_1_296' title='bbox 1274 2578 1304 2605; x_wconf 92' lang='lat' dir='ltr'>in</span> <span class='ocrx_word' id='word_1_297' title='bbox 1326 2585 1440 2612; x_wconf 64' lang='lat' dir='ltr'>marg:</span> <span class='ocrx_word' id='word_1_298' title='bbox 1462 2576 1563 2604; x_wconf 86' lang='lat' dir='ltr'>Nichil</span> 
     </span>
     <span class='ocr_line' id='line_1_41' title="bbox 258 2611 1564 2649; baseline -0.002 -8"><span class='ocrx_word' id='word_1_299' title='bbox 258 2619 352 2642; x_wconf 45' lang='lat' dir='ltr'>‘otest</span> <span class='ocrx_word' id='word_1_300' title='bbox 371 2622 437 2641; x_wconf 87' lang='lat' dir='ltr'>esse</span> <span class='ocrx_word' id='word_1_301' title='bbox 456 2614 520 2641; x_wconf 84' lang='lat' dir='ltr'>Deo</span> <span class='ocrx_word' id='word_1_302' title='bbox 541 2613 740 2640; x_wconf 81' lang='lat' dir='ltr'>contrarium.</span> <span class='ocrx_word' id='word_1_303' title='bbox 820 2621 849 2649; x_wconf 79' lang='lat'>9.</span> <span class='ocrx_word' id='word_1_304' title='bbox 872 2621 913 2640; x_wconf 88' lang='lat'>10.</span> <span class='ocrx_word' id='word_1_305' title='bbox 934 2614 979 2640; x_wconf 87' lang='lat' dir='ltr'>A:</span> <span class='ocrx_word' id='word_1_306' title='bbox 1001 2612 1045 2640; x_wconf 84' lang='lat' dir='ltr'>sic</span> <span class='ocrx_word' id='word_1_307' title='bbox 1065 2613 1248 2640; x_wconf 85' lang='lat' dir='ltr'>contrarios.</span> <span class='ocrx_word' id='word_1_308' title='bbox 1322 2620 1364 2639; x_wconf 88' lang='lat'>10.</span> <span class='ocrx_word' id='word_1_309' title='bbox 1384 2613 1428 2639; x_wconf 88' lang='lat' dir='ltr'>A:</span> <span class='ocrx_word' id='word_1_310' title='bbox 1451 2611 1564 2638; x_wconf 73' lang='lat' dir='ltr'>servire</span> 
     </span>
     <span class='ocr_line' id='line_1_42' title="bbox 262 2646 1564 2683; baseline -0.002 -7"><span class='ocrx_word' id='word_1_311' title='bbox 262 2650 391 2676; x_wconf 76' lang='lat' dir='ltr'>iberum.</span> <span class='ocrx_word' id='word_1_312' title='bbox 466 2647 503 2675; x_wconf 77' lang='lat'>13.</span> <span class='ocrx_word' id='word_1_313' title='bbox 526 2648 562 2675; x_wconf 71' lang='lat' dir='ltr'>ss:</span> <span class='ocrx_word' id='word_1_314' title='bbox 585 2648 664 2681; x_wconf 70' lang='lat' dir='ltr'>adit:</span> <span class='ocrx_word' id='word_1_315' title='bbox 685 2648 724 2674; x_wconf 88' lang='lat' dir='ltr'>ib.</span> <span class='ocrx_word' id='word_1_316' title='bbox 741 2648 762 2674; x_wconf 84' lang='grc' dir='ltr'><em>Β</em></span> <span class='ocrx_word' id='word_1_317' title='bbox 784 2648 813 2675; x_wconf 90' lang='lat' dir='ltr'>in</span> <span class='ocrx_word' id='word_1_318' title='bbox 836 2655 949 2683; x_wconf 62' lang='lat' dir='ltr'>marg:</span> <span class='ocrx_word' id='word_1_319' title='bbox 973 2647 1113 2683; x_wconf 82' lang='lat' dir='ltr'>Qualiter</span> <span class='ocrx_word' id='word_1_320' title='bbox 1134 2655 1223 2674; x_wconf 87' lang='lat' dir='ltr'>nemo</span> <span class='ocrx_word' id='word_1_321' title='bbox 1245 2647 1308 2674; x_wconf 87' lang='lat' dir='ltr'>Deo</span> <span class='ocrx_word' id='word_1_322' title='bbox 1331 2651 1430 2681; x_wconf 83' lang='lat' dir='ltr'>potest</span> <span class='ocrx_word' id='word_1_323' title='bbox 1451 2646 1564 2673; x_wconf 74' lang='lat' dir='ltr'>serxire</span> 
     </span>
     <span class='ocr_line' id='line_1_43' title="bbox 250 2681 1562 2718; baseline -0.003 -7"><span class='ocrx_word' id='word_1_324' title='bbox 250 2690 277 2711; x_wconf 85' lang='lat' dir='ltr'>et</span> <span class='ocrx_word' id='word_1_325' title='bbox 298 2691 485 2711; x_wconf 79' lang='lat' dir='ltr'>mammone.</span> <span class='ocrx_word' id='word_1_326' title='bbox 544 2691 584 2718; x_wconf 82' lang='lat'>¹9-</span> <span class='ocrx_word' id='word_1_327' title='bbox 606 2684 649 2710; x_wconf 81' lang='lat' dir='ltr'>A:</span> <span class='ocrx_word' id='word_1_328' title='bbox 672 2691 815 2709; x_wconf 79' lang='lat' dir='ltr'>sermone</span> <span class='ocrx_word' id='word_1_329' title='bbox 834 2682 902 2709; x_wconf 90' lang='lat' dir='ltr'>VII.</span> <span class='ocrx_word' id='word_1_330' title='bbox 958 2690 1004 2710; x_wconf 81' lang='lat'>20.</span> <span class='ocrx_word' id='word_1_331' title='bbox 1026 2682 1092 2710; x_wconf 87' lang='lat' dir='ltr'>BC:</span> <span class='ocrx_word' id='word_1_332' title='bbox 1116 2682 1284 2709; x_wconf 81' lang='lat' dir='ltr'>secundum</span> <span class='ocrx_word' id='word_1_333' title='bbox 1307 2686 1447 2708; x_wconf 83' lang='lat' dir='ltr'>naturam</span> <span class='ocrx_word' id='word_1_334' title='bbox 1469 2681 1562 2708; x_wconf 73' lang='lat' dir='ltr'>deest.</span> 
     </span>
     <span class='ocr_line' id='line_1_44' title="bbox 250 2715 1563 2751; baseline -0.002 -6"><span class='ocrx_word' id='word_1_335' title='bbox 250 2727 292 2746; x_wconf 83' lang='lat'>22.</span> <span class='ocrx_word' id='word_1_336' title='bbox 315 2720 359 2746; x_wconf 87' lang='lat' dir='ltr'>A:</span> <span class='ocrx_word' id='word_1_337' title='bbox 380 2718 478 2745; x_wconf 65' lang='lat' dir='ltr'>factus</span> <span class='ocrx_word' id='word_1_338' title='bbox 499 2722 553 2744; x_wconf 74' lang='lat' dir='ltr'>est.</span> <span class='ocrx_word' id='word_1_339' title='bbox 646 2725 692 2751; x_wconf 78' lang='lat'>24.</span> <span class='ocrx_word' id='word_1_340' title='bbox 714 2718 758 2744; x_wconf 84' lang='lat' dir='ltr'>A:</span> <span class='ocrx_word' id='word_1_341' title='bbox 780 2726 815 2744; x_wconf 88' lang='lat' dir='ltr'>ex</span> <span class='ocrx_word' id='word_1_342' title='bbox 836 2717 929 2744; x_wconf 84' lang='lat' dir='ltr'>deest.</span> <span class='ocrx_word' id='word_1_343' title='bbox 1020 2717 1064 2745; x_wconf 84' lang='lat'>25.</span> <span class='ocrx_word' id='word_1_344' title='bbox 1085 2718 1132 2744; x_wconf 84' lang='lat' dir='ltr'>A:</span> <span class='ocrx_word' id='word_1_345' title='bbox 1154 2725 1185 2743; x_wconf 85' lang='lat' dir='ltr'>se</span> <span class='ocrx_word' id='word_1_346' title='bbox 1206 2716 1300 2743; x_wconf 80' lang='lat' dir='ltr'>deest.</span> <span class='ocrx_word' id='word_1_347' title='bbox 1383 2715 1430 2743; x_wconf 84' lang='lat'>26.</span> <span class='ocrx_word' id='word_1_348' title='bbox 1453 2715 1493 2743; x_wconf 86' lang='lat' dir='ltr'>C:</span> <span class='ocrx_word' id='word_1_349' title='bbox 1515 2724 1563 2742; x_wconf 77' lang='lat' dir='ltr'>ex-</span> 
     </span>
     <span class='ocr_line' id='line_1_45' title="bbox 249 2749 1562 2787; baseline -0.003 -7"><span class='ocrx_word' id='word_1_350' title='bbox 249 2758 382 2787; x_wconf 54' lang='lat' dir='ltr'>acuerat.</span> <span class='ocrx_word' id='word_1_351' title='bbox 458 2760 501 2787; x_wconf 80' lang='lat'>27.</span> <span class='ocrx_word' id='word_1_352' title='bbox 524 2752 562 2779; x_wconf 65' lang='lat' dir='ltr'>B:</span> <span class='ocrx_word' id='word_1_353' title='bbox 585 2756 692 2779; x_wconf 84' lang='lat' dir='ltr'>nature</span> <span class='ocrx_word' id='word_1_354' title='bbox 713 2752 741 2779; x_wconf 89' lang='lat' dir='ltr'>in</span> <span class='ocrx_word' id='word_1_355' title='bbox 764 2752 832 2779; x_wconf 84' lang='lat' dir='ltr'>fine.</span> <span class='ocrx_word' id='word_1_356' title='bbox 896 2759 944 2787; x_wconf 81' lang='lat'>29.</span> <span class='ocrx_word' id='word_1_357' title='bbox 967 2751 1006 2779; x_wconf 91' lang='lat' dir='ltr'>C:</span> <span class='ocrx_word' id='word_1_358' title='bbox 1029 2751 1067 2779; x_wconf 89' lang='lat' dir='ltr'>sit</span> <span class='ocrx_word' id='word_1_359' title='bbox 1087 2759 1159 2778; x_wconf 88' lang='lat' dir='ltr'>non.</span> <span class='ocrx_word' id='word_1_360' title='bbox 1222 2749 1268 2778; x_wconf 82' lang='lat'>30.</span> <span class='ocrx_word' id='word_1_361' title='bbox 1290 2751 1334 2777; x_wconf 82' lang='lat' dir='ltr'>A:</span> <span class='ocrx_word' id='word_1_362' title='bbox 1356 2750 1487 2777; x_wconf 76' lang='lat' dir='ltr'>avaricia</span> <span class='ocrx_word' id='word_1_363' title='bbox 1508 2755 1562 2777; x_wconf 74' lang='lat' dir='ltr'>est.</span> 
     </span>
     <span class='ocr_line' id='line_1_46' title="bbox 250 2784 1562 2822; baseline -0.003 -7"><span class='ocrx_word' id='word_1_364' title='bbox 250 2789 288 2817; x_wconf 63' lang='lat'>31.</span> <span class='ocrx_word' id='word_1_365' title='bbox 311 2789 332 2815; x_wconf 78' lang='lat' dir='ltr'><strong>B</strong></span> <span class='ocrx_word' id='word_1_366' title='bbox 354 2787 382 2815; x_wconf 88' lang='lat' dir='ltr'>in</span> <span class='ocrx_word' id='word_1_367' title='bbox 406 2795 519 2822; x_wconf 55' lang='lat' dir='ltr'>marg:</span> <span class='ocrx_word' id='word_1_368' title='bbox 542 2787 603 2814; x_wconf 82' lang='lat' dir='ltr'>Cur</span> <span class='ocrx_word' id='word_1_369' title='bbox 624 2787 841 2821; x_wconf 80' lang='lat' dir='ltr'>temporalium</span> <span class='ocrx_word' id='word_1_370' title='bbox 863 2786 1024 2814; x_wconf 81' lang='lat' dir='ltr'>distinccio</span> <span class='ocrx_word' id='word_1_371' title='bbox 1045 2791 1089 2813; x_wconf 78' lang='lat' dir='ltr'>est</span> <span class='ocrx_word' id='word_1_372' title='bbox 1110 2785 1260 2812; x_wconf 81' lang='lat' dir='ltr'>ordinata.</span> <span class='ocrx_word' id='word_1_373' title='bbox 1352 2784 1394 2812; x_wconf 82' lang='lat'>33.</span> <span class='ocrx_word' id='word_1_374' title='bbox 1418 2784 1483 2812; x_wconf 79' lang='lat' dir='ltr'>ssC:</span> <span class='ocrx_word' id='word_1_375' title='bbox 1505 2785 1562 2812; x_wconf 81' lang='lat' dir='ltr'>sibi</span> 
     </span>
     <span class='ocr_line' id='line_1_47' title="bbox 251 2819 1493 2856; baseline -0.003 -5"><span class='ocrx_word' id='word_1_376' title='bbox 251 2825 345 2852; x_wconf 74' lang='lat' dir='ltr'>deest.</span> <span class='ocrx_word' id='word_1_377' title='bbox 420 2821 461 2850; x_wconf 71' lang='lat'>35.</span> <span class='ocrx_word' id='word_1_378' title='bbox 485 2822 524 2849; x_wconf 77' lang='lat' dir='ltr'>C:</span> <span class='ocrx_word' id='word_1_379' title='bbox 547 2827 574 2849; x_wconf 87' lang='lat' dir='ltr'>et</span> <span class='ocrx_word' id='word_1_380' title='bbox 594 2822 686 2849; x_wconf 73' lang='lat' dir='ltr'>deest.</span> <span class='ocrx_word' id='word_1_381' title='bbox 761 2820 804 2850; x_wconf 81' lang='lat'>35.</span> <span class='ocrx_word' id='word_1_382' title='bbox 827 2820 873 2848; x_wconf 80' lang='lat'>36.</span> <span class='ocrx_word' id='word_1_383' title='bbox 895 2822 939 2848; x_wconf 87' lang='lat' dir='ltr'>A:</span> <span class='ocrx_word' id='word_1_384' title='bbox 962 2821 1073 2856; x_wconf 79' lang='lat' dir='ltr'>posito.</span> <span class='ocrx_word' id='word_1_385' title='bbox 1138 2820 1184 2848; x_wconf 57' lang='lat' dir='ltr'>ji.</span> <span class='ocrx_word' id='word_1_386' title='bbox 1207 2819 1247 2847; x_wconf 93' lang='lat' dir='ltr'>C:</span> <span class='ocrx_word' id='word_1_387' title='bbox 1269 2819 1493 2847; x_wconf 79' lang='lat' dir='ltr'>extollenciam.</span> 
     </span>
    </p>
   </div>
   <div class='ocr_carea' id='block_1_7' title="bbox 323 2892 1415 2938">
    <p class='ocr_par' dir='ltr' id='par_1_8' title="bbox 323 2892 1415 2938">
     <span class='ocr_line' id='line_1_48' title="bbox 323 2892 1415 2938; baseline -0.003 -11"><span class='ocrx_word' id='word_1_388' title='bbox 323 2906 350 2928; x_wconf 88' lang='lat'>2.</span> <span class='ocrx_word' id='word_1_389' title='bbox 379 2895 429 2927; x_wconf 91' lang='lat' dir='ltr'>Cf.</span> <span class='ocrx_word' id='word_1_390' title='bbox 460 2893 615 2938; x_wconf 64' lang='lat' dir='ltr'>wycnrs</span> <span class='ocrx_word' id='word_1_391' title='bbox 642 2896 808 2926; x_wconf 79' lang='lat' dir='ltr'>Sermons</span> <span class='ocrx_word' id='word_1_392' title='bbox 836 2896 855 2926; x_wconf 94' lang='grc'>1.</span> <span class='ocrx_word' id='word_1_393' title='bbox 883 2905 910 2927; x_wconf 88' lang='lat' dir='ltr'>c.</span> <span class='ocrx_word' id='word_1_394' title='bbox 939 2895 961 2936; x_wconf 87' lang='lat'>1,</span> <span class='ocrx_word' id='word_1_395' title='bbox 990 2894 1042 2926; x_wconf 74' lang='lat'>36.</span> <span class='ocrx_word' id='word_1_396' title='bbox 1118 2893 1171 2925; x_wconf 76' lang='lat'>30.</span> <span class='ocrx_word' id='word_1_397' title='bbox 1199 2892 1288 2937; x_wconf 81' lang='lat' dir='ltr'>Eph.</span> <span class='ocrx_word' id='word_1_398' title='bbox 1317 2893 1357 2932; x_wconf 87' lang='lat' dir='ltr'>V,</span> <span class='ocrx_word' id='word_1_399' title='bbox 1387 2893 1415 2925; x_wconf 88' lang='grc'>5.</span> 
     </span>
    </p>
   </div>
   <div class='ocr_carea' id='block_1_8' title="bbox 1610 563 1818 626">
    <p class='ocr_par' dir='ltr' id='par_1_9' title="bbox 1610 563 1818 626">
     <span class='ocr_line' id='line_1_49' title="bbox 1610 563 1818 591; baseline 0 -1"><span class='ocrx_word' id='word_1_400' title='bbox 1610 563 1638 590; x_wconf 88' lang='lat' dir='ltr'>in</span> <span class='ocrx_word' id='word_1_401' title='bbox 1660 563 1708 590; x_wconf 80' lang='lat' dir='ltr'>the</span> <span class='ocrx_word' id='word_1_402' title='bbox 1730 572 1818 591; x_wconf 80' lang='lat' dir='ltr'>sense</span> 
     </span>
     <span class='ocr_line' id='line_1_50' title="bbox 1636 598 1790 626; baseline 0 -1"><span class='ocrx_word' id='word_1_403' title='bbox 1636 598 1790 626; x_wconf 82' lang='lat' dir='ltr'>intended.</span> 
     </span>
    </p>
   </div>
   <div class='ocr_carea' id='block_1_9' title="bbox 1591 2063 1843 2231">
    <p class='ocr_par' dir='ltr' id='par_1_10' title="bbox 1591 2063 1843 2231">
     <span class='ocr_line' id='line_1_51' title="bbox 1644 2063 1789 2091; baseline -0.007 0"><span class='ocrx_word' id='word_1_404' title='bbox 1644 2063 1712 2091; x_wconf 86' lang='lat' dir='ltr'>God</span> <span class='ocrx_word' id='word_1_405' title='bbox 1735 2064 1789 2091; x_wconf 75' lang='lat' dir='ltr'>lias</span> 
     </span>
     <span class='ocr_line' id='line_1_52' title="bbox 1641 2098 1788 2126; baseline 0.014 -2"><span class='ocrx_word' id='word_1_406' title='bbox 1641 2098 1788 2126; x_wconf 81' lang='lat' dir='ltr'>ordained</span> 
     </span>
     <span class='ocr_line' id='line_1_53' title="bbox 1606 2134 1810 2172; baseline 0 -12"><span class='ocrx_word' id='word_1_407' title='bbox 1606 2134 1756 2172; x_wconf 25' lang='lat' dir='ltr'>*changes</span> <span class='ocrx_word' id='word_1_408' title='bbox 1776 2134 1810 2161; x_wconf 86' lang='lat' dir='ltr'>of</span> 
     </span>
     <span class='ocr_line' id='line_1_54' title="bbox 1591 2173 1843 2196; baseline 0 -1"><span class='ocrx_word' id='word_1_409' title='bbox 1591 2173 1680 2195; x_wconf 81' lang='lat' dir='ltr'>times</span> <span class='ocrx_word' id='word_1_410' title='bbox 1701 2173 1731 2195; x_wconf 88' lang='lat' dir='ltr'>to</span> <span class='ocrx_word' id='word_1_411' title='bbox 1753 2177 1843 2196; x_wconf 80' lang='lat' dir='ltr'>ronse</span> 
     </span>
     <span class='ocr_line' id='line_1_55' title="bbox 1601 2203 1832 2231; baseline 0 0"><span class='ocrx_word' id='word_1_412' title='bbox 1601 2203 1697 2231; x_wconf 81' lang='lat' dir='ltr'>men’s</span> <span class='ocrx_word' id='word_1_413' title='bbox 1718 2203 1832 2231; x_wconf 79' lang='lat' dir='ltr'>mincis.</span> 
     </span>
    </p>
   </div>
  </div>
 </body>
</html>
