2017 3353
190 249 267 286 382

186 950 316 976 Prelates
337 953 450 977 cannot

208 985 295 1011 make
316 993 355 1019 up
376 984 424 1011 for

185 1019 366 1054 defrauding
380 1019 460 1046 their

220 1053 351 1087 subiects
372 1054 406 1081 of

198 1089 335 1123 spiritual
359 1089 440 1124 help.

774 262 996 295 JOHANNIS
1016 263 1199 295 WYCLIF'
1218 263 1472 296 SERMONUM
1507 250 1658 308 [SEPMO
1679 261 1785 288 LVIII-

479 368 585 403 salus
628 368 714 404 huic
752 369 884 404 domui
913 370 1028 418 facta
1066 377 1134 417 est,
1172 369 1381 418 supposito
1427 370 1534 418 quod
1579 378 1710 406 rector
1749 377 1786 406 et

472 425 686 473 parrochia
719 425 757 462 in
791 426 867 463 fide
900 426 1141 464 imitatorius
1175 427 1279 464 filius
1311 427 1360 463 sit
1392 427 1548 464 Zachei.

530 484 607 519 Sed
647 484 818 521 finaliter
857 484 1039 522 Christus
1084 487 1329 534 respondens
1375 484 1645 533 indignacioni
1689 497 1786 533 ypo-

473 540 664 577 critarum
717 541 942 590 pharisaice
996 543 1051 580 sic
1104 543 1324 591 subiungit:
1379 544 1485 580 Venit
1537 543 1632 579 enim
1675 543 1788 592 filius

473 599 636 635 hominis
674 612 835 648 querere
873 608 907 637 et
944 602 1093 637 salvum
1127 603 1270 651 facere
1308 602 1409 650 quod
1446 601 1632 651 perierat.
1686 602 1820 638 Cum5

474 666 607 693 autem
632 659 679 694 de
703 659 788 695 celo
812 659 1015 695 descendit
1038 660 1087 696 ad
1111 661 1358 708 querendum
1381 671 1496 695 ovem
1515 658 1786 703 centesimam,

473 724 582 763 patet
607 717 714 764 quod
739 716 874 753 debuit
899 717 1199 754 communicare
1223 730 1312 754 cum
1328 717 1510 765 gentibus
1533 718 1582 753 ad
1604 717 1786 762 salutem,

474 786 645 822 quarum
689 784 827 822 typum
873 774 973 823 gerit
1018 775 1090 812 iste
1129 776 1320 812 Zacheus.
1367 776 1442 811 Sed
1489 783 1648 823 oportet
1692 783 1786 810 tunc

474 833 580 880 quod
606 833 706 868 adeo
731 832 863 880 previe
897 832 1136 881 instigentur
1162 842 1198 870 et
1223 846 1313 870 cum
1338 833 1498 870 Christo
1532 832 1786 881 singulariter

475 889 678 927 meritorie
712 900 940 939 operentur.
1806 905 1844 928 10

532 948 648 985 Circa
681 950 756 986 hoc
790 948 1036 997 evangelium
1077 948 1282 985 dubitatur
1315 950 1520 998 quomodo
1559 947 1786 997 prepositus

473 1005 691 1054 spiritualis
737 1016 919 1043 teneatur
963 1006 1003 1042 in
1041 1006 1300 1043 fraudacione
1345 1007 1523 1055 suffragii
1566 1005 1785 1054 spiritualis

473 1065 744 1101 subiectorum
784 1065 879 1113 ipsis
918 1065 1146 1110 restituere:
1187 1074 1223 1101 et
1261 1065 1417 1102 videtur
1460 1066 1568 1113 quod
1613 1078 1693 1101 non
1737 1063 1786 1100 sit

472 1123 674 1171 possibile,
721 1123 814 1172 quia
859 1132 1214 1172 quantumcunque
1259 1132 1389 1171 potest
1435 1122 1622 1159 subiectis
1673 1121 1786 1158 mini-

473 1191 598 1218 strare
639 1181 823 1227 sufficiat,
865 1183 981 1218 debet
1027 1182 1101 1217 hoc
1142 1193 1213 1228 pro
1254 1181 1388 1217 debito
1433 1181 1538 1217 illius
1576 1179 1841 1229 temporis,15

474 1252 566 1288 ergo
606 1253 686 1276 non
724 1239 764 1276 in
802 1240 878 1276 hoc
917 1238 1112 1276 satisfacit
1150 1252 1222 1286 pro
1262 1239 1330 1275 illo
1364 1238 1499 1275 debito
1532 1238 1670 1287 priori.
1704 1240 1785 1274 Nec

474 1297 638 1334 dubium
672 1297 769 1346 quin
800 1311 880 1335 non
918 1297 1044 1346 possit
1077 1296 1304 1333 satisfacere
1344 1309 1387 1333 ex
1419 1299 1527 1333 nuda
1565 1296 1785 1333 collacione

473 1356 771 1404 temporalium,
789 1369 880 1393 cum
896 1355 1102 1405 spirituale
1123 1354 1357 1403 suffragium
1382 1355 1560 1391 debitum
1584 1354 1784 1391 infinitum

474 1414 625 1450 excedit
658 1413 902 1451 numismata
934 1414 974 1450 in
1005 1414 1153 1450 valore.

533 1475 737 1518 Quantum
770 1473 820 1509 ad
852 1471 970 1509 istam
1005 1471 1282 1508 difficultatem
1316 1482 1389 1519 ego
1421 1484 1502 1507 non
1533 1470 1648 1507 video
1688 1483 1785 1519 quo·
1801 1485 1842 1506 20

476 1532 596 1566 modo
641 1543 684 1566 ex
728 1530 1000 1578 condignitate
1053 1528 1182 1565 meriti
1232 1528 1436 1576 peccantis
1487 1528 1609 1565 deleri
1659 1527 1785 1577 possit

473 1590 740 1637 quodcunque
763 1597 985 1636 peccatum,
1020 1600 1109 1624 cum
1133 1587 1183 1623 ad
1216 1586 1536 1623 satisfaccionem
1569 1585 1786 1635 requiritur

473 1646 606 1693 gracia
650 1646 825 1691 infinita:
872 1645 1055 1694 specialis
1099 1654 1233 1681 tamen
1279 1654 1336 1681 est
1380 1645 1489 1682 racio
1539 1643 1785 1681 difficultatis

474 1704 764 1741 satisfaccionis
797 1704 836 1740 in
861 1703 1059 1752 spirituali
1083 1702 1288 1751 preposito
1319 1700 1379 1755 (ut
1412 1711 1521 1751 patet
1555 1715 1597 1739 ex
1631 1702 1785 1750 dictis);

473 1762 563 1798 ideo
597 1762 773 1799 securius
812 1771 849 1799 et
889 1761 1028 1798 melius
1060 1762 1162 1798 foret
1200 1769 1382 1798 curatum
1415 1774 1496 1797 non
1534 1760 1787 1808 singulariter
1803 1764 1843 1796 25

474 1820 538 1856 isti
562 1821 726 1857 ecclesie
750 1822 817 1857 sed
841 1820 914 1856 toti
938 1819 1177 1867 generaliter
1202 1818 1389 1856 militanti
1409 1817 1573 1856 ecclesie
1597 1817 1786 1866 obligari3

473 1888 568 1914 tunc
601 1878 705 1915 enim
738 1892 819 1915 non
852 1887 984 1926 posset
1017 1877 1271 1926 particularis
1299 1877 1466 1914 ecclesia
1498 1877 1547 1913 ab
1581 1888 1626 1913 eo
1659 1875 1786 1913 racio-

474 1949 564 1973 nem
619 1936 783 1985 exigere,
837 1936 928 1972 licet
980 1945 1145 1984 peccata
1190 1935 1353 1984 propria
1405 1935 1543 1971 dolens
1594 1947 1616 1970 a
1666 1933 1786 1982 digno

474 1994 672 2043 spirituali
707 1993 928 2030 ministerio
961 1993 1085 2042 ipsius
1119 1993 1283 2030 ecclesie
1306 1995 1356 2030 ad
1385 2002 1542 2041 tempus
1573 1991 1784 2029 vacaverit.

429 2083 433 2086 .
475 2052 665 2098 Quamvis
710 2052 815 2089 enim
861 2052 951 2089 talis
996 2064 1166 2100 peccans
1211 2051 1425 2088 iniuriatur
1469 2050 1630 2087 cuilibet
1675 2049 1786 2086 fratri
1803 2052 1844 2085 30

474 2123 558 2156 suo,
604 2119 739 2147 tamen
782 2111 1041 2158 postmodum
1081 2109 1328 2146 satisfaciens
1367 2111 1450 2145 Deo
1494 2121 1566 2157 per
1608 2107 1784 2155 graciam

474 2168 666 2205 satisfacit
718 2168 844 2205 eciam
897 2167 1134 2216 generaliter
1186 2167 1363 2213 ecclesie,
1423 2179 1512 2203 cum
1566 2166 1784 2202 secundum

474 2228 623 2262 nudam
658 2227 783 2274 legem
819 2225 996 2263 caritatis
1029 2225 1223 2274 generalis
1257 2226 1384 2261 fuerat
1417 2223 1628 2271 obligatus.
1664 2224 1784 2259 Modo

475 2293 607 2320 autem
641 2284 792 2332 obligat
825 2297 864 2320 se
898 2283 1012 2320 aliter
1035 2283 1288 2331 singulariter
1321 2291 1358 2319 et
1390 2280 1692 2318 infundabiliter
1721 2280 1785 2317 isti

474 2341 600 2390 plebi:
646 2342 735 2378 ideo
778 2341 936 2378 videtur
975 2342 1081 2390 quod
1120 2341 1270 2388 obligat
1313 2352 1353 2376 se
1393 2341 1441 2376 ad
1480 2338 1840 2388 proprietatem,35

475 2412 565 2436 cum
610 2408 745 2436 tamen
788 2412 869 2435 non
913 2399 962 2435 sit
1005 2411 1268 2447 personarum
1313 2397 1500 2446 accepcio
1552 2397 1591 2433 in
1634 2396 1785 2445 legibus

544 2544 568 2572 3.
590 2546 634 2572 A:
657 2545 784 2572 finaliter
805 2552 886 2579 ergo.
943 2544 969 2571 S.
992 2543 1113 2571 BCDE:
1136 2552 1284 2579 quorum:
1306 2544 1346 2571 ib.
1363 2543 1420 2571 ista
1441 2543 1533 2570 deest.
1596 2550 1624 2578 9.
1646 2542 1688 2569 D:
1710 2541 1785 2568 adeo

477 2580 654 2615 penitencie.
755 2588 795 2606 10.
819 2579 857 2607 C:
885 2583 1090 2613 comparetur.
1188 2587 1220 2606 11.
1244 2580 1262 2604 Η
1286 2578 1314 2605 111
1337 2587 1449 2613 marg:
1479 2577 1607 2613 Questio
1628 2576 1785 2614 quomodo

476 2614 644 2649 spiritualis
665 2619 802 2641 teneatur
824 2614 996 2642 restituere:
1018 2614 1042 2640 l)
1064 2614 1093 2640 in
1116 2622 1228 2649 marg:
1251 2613 1404 2642 Dubium:
1426 2613 1449 2639 E
1470 2613 1498 2639 in
1521 2620 1633 2647 marg-t
1657 2611 1785 2646 Questio

478 2649 568 2676 utilis.
661 2658 691 2683 ¹4
724 2649 818 2676 CDE:
843 2653 911 2684 post
933 2648 1094 2678 subiectis:
1123 2648 1160 2675 B:
1184 2652 1252 2683 post
1273 2648 1405 2674 correxit
1425 2648 1453 2674 in
1478 2651 1592 2681 potest:
1620 2647 1663 2673 A:
1687 2649 1787 2680 potest

476 2684 575 2712 deest:
597 2684 665 2718 plus
686 2683 839 2710 subiectis.
906 2683 1002 2718 1213:
1025 2683 1185 2710 sufficiant.
1251 2687 1291 2709 io.
1314 2683 1354 2709 C:
1377 2682 1530 2709 satisfecit.
1599 2689 1636 2715 17-
1660 2681 1701 2707 A:
1718 2688 1783 2718 'non

475 2718 569 2744 deest.
642 2726 688 2745 20.
710 2718 731 2745 B
752 2718 781 2745 in
804 2726 915 2753 marg:
939 2717 1079 2746 Solueio:
1101 2718 1124 2744 E
1144 2717 1172 2743 111
1196 2725 1308 2751 marg:
1329 2716 1517 2751 Responsio:
1539 2716 1578 2742 ib.
1595 2717 1637 2742 A:
1660 2715 1695 2741 ad
1718 2719 1783 2741 ista.

476 2753 518 2780 25.
540 2753 563 2779 E
583 2753 612 2779 in
636 2761 747 2787 marg:
770 2753 859 2779 Nota.
933 2752 978 2780 28.
1001 2752 1039 2779 C:
1062 2752 1175 2779 delens.
1250 2759 1296 2786 29.
1318 2752 1361 2778 A:
1385 2751 1527 2778 vacuerit.
1601 2748 1782 2787 32-34..A:

476 2787 599 2814 ecclesie
618 2803 651 2805 —
671 2787 901 2814 iniundabiliter
921 2787 1013 2813 deest.
1070 2786 1111 2813 33.
1133 2787 1175 2813 A:
1197 2786 1363 2821 generalis:
1386 2785 1423 2812 B:
1445 2785 1576 2812 correxit
1596 2784 1783 2819 generaliter.

475 2820 516 2848 35.
535 2822 556 2848 B
572 2822 599 2848 in
617 2830 728 2856 marg:
751 2822 942 2848 Infundabile
963 2826 1007 2848 est
1026 2830 1091 2848 esse
1113 2821 1243 2855 aliquem
1266 2821 1432 2855 obligatum
1454 2818 1610 2853 tamquam
1633 2819 1668 2845 ad
1691 2826 1783 2844 unam

476 2856 611 2890 plebem:
634 2856 655 2882 13
671 2856 699 2883 111
717 2865 810 2891 marg.
828 2864 918 2883 manu
935 2857 987 2883 al.:
1010 2855 1147 2882 Minister
1167 2855 1336 2890 spiritualis
1356 2855 1508 2889 obligatur
1529 2855 1597 2888 plus
1619 2852 1782 2880 universali

477 2891 601 2918 ecclesie
621 2899 713 2925 quam
735 2892 920 2926 particulari.
