2017 3353
220 270 298 315 354

262 1142 447 1171 Absolution

266 1179 344 1205 troni
366 1178 440 1204 t'ault

273 1214 331 1240 and
354 1213 432 1240 from

249 1248 456 1283 punishment.

256 2254 322 2282 The
344 2257 465 2280 serxant

240 2290 310 2315 who
332 2288 418 2315 owed
440 2292 487 2314 ten

227 2323 379 2350 thousand
394 2323 501 2349 talents

270 2357 403 2392 signities
424 2365 460 2383 an

252 2392 367 2427 eirtlily
390 2392 477 2419 ruler.

807 279 1029 311 JOHANNIS
1048 280 1230 312 WYCLIF
1251 280 1508 313 SERMONUM
1564 266 1715 325 [SERMO
1738 277 1815 304 LIV·

507 386 611 421 Luce
634 386 736 431 V110‚
752 399 826 433 47:
857 387 928 421 (lui
949 387 1072 423 minus
1095 387 1302 423 dimittitur
1324 387 1447 423 minus
1471 387 1612 437 diligit,
1636 386 1691 422 sic
1715 388 1823 434 quod

505 443 659 490 peccati
684 443 865 480 dimissio
898 453 935 480 et
967 444 1106 481 salvati
1142 445 1308 481 dileccio
1339 446 1674 492 correspondent:
1709 453 1745 480 et
1769 444 1823 480 sic

506 502 619 537 beate
652 501 792 549 virgini
827 501 990 539 dimissa
1023 512 1114 538 sunt
1148 503 1284 540 omnia
1318 512 1483 551 peccata
1518 502 1708 547 libidinis,
1749 515 1824 550 que

506 571 549 595 ex
573 568 716 596 natura
741 559 886 596 infecta
914 569 1049 607 posset
1075 561 1340 606 committere,
1376 561 1467 597 licet
1492 561 1560 597 illa
1585 559 1719 596 onmia
1743 573 1823 596 non

507 617 679 654 fuerunt.
697 619 773 653 Sed
791 617 1030 655 dimittendo
1053 618 1162 655 illam
1180 619 1485 655 contencionem
1509 618 1646 666 logicis
1671 627 1823 654 certum
1843 622 1857 653 5

506 674 662 711 videtur
696 677 802 723 quod
837 676 1014 712 admisso
1047 677 1116 713 tali
1152 679 1272 713 modo
1305 676 1495 725 loquendi
1530 685 1696 724 peccata
1730 676 1826 712 talia

507 733 696 781 equivoce
731 733 1000 770 dimittuntur.
1036 737 1247 771 Peccatum
1283 735 1387 771 enim
1422 735 1544 782 lapsis
1575 744 1668 770 tunc
1694 733 1825 769 dimit·
1846 761 1906 792 FO]

513 790 622 829 titur,
653 786 657 843 Ι
687 792 849 839 quando
884 791 1027 827 desinit
1061 805 1131 840 per
1165 792 1412 840 posicionem
1440 794 1486 828 de
1510 791 1683 840 presenti
1709 801 1745 828 et
1770 800 1826 827 est
1847 784 1923 837 1812:

507 848 733 894 dimissum,
777 851 938 897 quando
972 850 1115 886 desinit
1148 863 1218 898 per
1251 850 1523 887 remocionem
1558 852 1605 886 de
1638 849 1825 898 presenti,

506 906 607 942 sicut
641 906 793 942 dictum
843 916 900 943 est
946 909 992 943 de
1038 908 1200 944 homine
1246 909 1440 945 moriente
1486 917 1521 944 et
1567 917 1748 953 mortuo;
1790 916 1885 944 etio

508 964 669 1000 difficile
714 964 868 1001 videtur
921 965 1087 1003 fundare
1132 968 1239 1015 quod
1285 966 1439 1015 peccati
1485 966 1664 1003 dimissio
1708 966 1757 1002 sit
1788 978 1825 1001 -a

507 1032 673 1070 peccato
708 1035 972 1070 preservamo.

565 1082 640 1116 Sed
676 1080 840 1117 dimisso
875 1082 949 1118 hoc
983 1082 1105 1118 dubio
1138 1081 1293 1118 videtur
1326 1083 1434 1131 quod
1468 1082 1598 1118 omnis
1621 1081 1827 1118 absolucio

507 1151 528 1175 a
562 1140 679 1186 culpa
711 1138 761 1175 sit
794 1139 1000 1176 absolucio
1034 1153 1055 1176 a
1089 1152 1191 1188 pena
1224 1149 1260 1176 et
1294 1149 1469 1183 econtra,
1502 1141 1563 1176 vel
1584 1141 1723 1176 saltem
1754 1139 1827 1175 sibi

509 1206 647 1233 mutuo
681 1199 1008 1245 correspondent,
1044 1211 1134 1234 cum
1168 1211 1286 1234 nemo
1311 1198 1410 1235 citra
1434 1198 1638 1234 Christum
1664 1198 1827 1246 punitur
1849 1201 1883 1233 15

507 1255 582 1291 nisi
607 1264 762 1303 peccet3
797 1265 833 1291 et
866 1256 921 1292 sic
955 1256 1057 1293 sicut
1091 1266 1299 1304 peccatum
1335 1256 1494 1303 dyaboli
1524 1256 1678 1294 transit,
1714 1255 1768 1291 sic
1792 1264 1827 1291 et

509 1327 623 1361 pena,
656 1327 737 1349 non
770 1322 905 1349 tamen
940 1314 1102 1362 proprie
1136 1324 1192 1350 est
1225 1314 1445 1357 absolucio,
1482 1327 1570 1351 cum
1606 1314 1692 1362 ipsa
1723 1314 1827 1350 dicat

509 1372 778 1419 integritatem
811 1373 964 1419 generis
998 1385 1019 1409 a
1053 1385 1130 1421 qua
1163 1373 1250 1421 quis
1284 1372 1503 1409 absolvitur
1536 1385 1619 1409 esse
1652 1384 1725 1420 pro
1756 1384 1827 1407 suo

509 1439 704 1478 tempore,
740 1438 776 1466 et
808 1430 863 1467 sic
895 1432 1000 1466 Deus
1041 1440 1214 1467 reservat
1252 1430 1325 1467 sibi
1367 1431 1657 1479 proprietatem
1698 1430 1826 1466 absol-

510 1488 625 1524 vendi
658 1501 680 1524 a
712 1500 828 1536 pena,
875 1488 966 1524 licet
1012 1489 1281 1525 communicet
1328 1489 1517 1536 equivoce
1561 1501 1633 1524 suo
1678 1487 1827 1523 vicario
1845 1503 1886 1524 20

511 1554 751 1593 potestatem
786 1547 1017 1583 absolvendi
1051 1560 1073 1583 a
1107 1548 1236 1594 culpa.

1002 1683 1194 1724 SERMO
1231 1685 1333 1724 LIV.

572 1780 704 1816 Simile
717 1787 772 1816 est
788 1792 950 1829 regnum
967 1779 1136 1815 celorum
1148 1779 1293 1814 homini
1306 1779 1404 1829 regi.
1416 1777 1749 1827 Mattheixvllw,
1762 1787 1782 1812 2
1793 1777 1826 1813 3.

573 1840 684 1874 Patet
717 1850 761 1874 ex
794 1837 908 1873 dictis
940 1838 1047 1885 quod
1082 1849 1247 1887 regnum
1272 1837 1455 1881 celorum,
1491 1837 1566 1872 hoc
1600 1844 1669 1881 est,
1705 1835 1828 1871 eccle-

514 1895 571 1932 sia
605 1895 803 1932 catholica
837 1896 1030 1943 figuratur
1063 1908 1132 1943 per
1157 1894 1359 1931 Christum
1391 1896 1518 1930 Deum
1553 1903 1589 1930 et
1623 1892 1827 1930 hominem
1845 1897 1885 1930 25

515 1963 634 2002 caput
668 1953 771 1999 eius;
810 1953 865 1989 sic
911 1953 1014 1989 enim
1051 1966 1136 1988 mos
1170 1961 1226 1989 est
1259 1951 1454 2000 scripture
1487 1964 1629 1988 vocare
1667 1963 1828 1999 genera-

515 2012 670 2048 cionem
704 2012 764 2048 vel
797 2011 906 2048 aliud
939 2011 1159 2059 quidqtiam
1195 2010 1463 2058 compositum
1498 2023 1567 2058 per
1606 2009 1688 2045 eius
1722 2008 1828 2056 prin-

516 2069 678 2118 cipium.
726 2071 858 2106 Homo
899 2069 1018 2117 igitur
1057 2081 1121 2105 rex
1155 2068 1335 2104 Christus
1367 2070 1477 2104 Jesus
1511 2067 1566 2104 sic
1600 2066 1829 2103 eternaliter

514 2129 596 2164 vult
629 2140 778 2176 ponere
810 2127 1014 2164 racionem
1040 2126 1300 2174 multiplicem
1337 2139 1426 2162 cum
1462 2124 1717 2161 universitate
1749 2136 1828 2160 ser-

515 2199 654 2222 vorum
695 2198 858 2222 suorum
901 2194 937 2222 et
975 2184 1201 2233 specialiter
1240 2197 1330 2220 cum
1371 2183 1545 2228 homine,
1585 2182 1664 2219 sive
1697 2182 1827 2230 ipsum
1845 2187 1887 2218 30

515 2244 667 2280 salvare
711 2243 881 2280 voluerit
924 2244 983 2279 vel
1029 2244 1261 2290 dampnare.
1315 2241 1429 2277 Ponit
1475 2241 1578 2277 enim
1624 2240 1827 2276 racionem

517 2314 605 2338 cum
647 2301 808 2337 homine
847 2301 1197 2349 quocienscunque
1236 2312 1379 2347 penam
1419 2300 1477 2335 vel
1516 2298 1715 2347 premium
1755 2297 1828 2333 sibi

517 2359 713 2407 aptaverit
752 2372 824 2407 pro
865 2360 1014 2395 labore.
1055 2360 1141 2394 Hoc
1180 2367 1313 2394 autem
1355 2356 1426 2393 erit
1459 2356 1499 2392 in
1539 2355 1648 2392 finali
1681 2354 1829 2391 iudicio

518 2426 855 2453 consummatum.
906 2418 1009 2452 l'nus
1040 2424 1165 2452 autem
1200 2416 1349 2451 oblutus
1387 2415 1450 2463 qui
1481 2415 1638 2450 debebat
1675 2413 1829 2449 Christo

518 2476 645 2511 decem
691 2474 810 2510 millia
855 2475 1085 2510 talentorum
1126 2482 1182 2509 est
1222 2472 1359 2508 mundi
1398 2481 1627 2520 potentatus
1667 2470 1734 2519 qui
1772 2470 1830 2505 in-
1847 2474 1886 2508 35

588 2608 612 2636 ’3.
636 2609 680 2636 A:
703 2608 828 2635 liberius
850 2616 917 2642 qne.
1016 2607 1043 2634 ti.
1068 2607 1131 2633 1¹1th
1153 2607 1320 2637 adinissio;
1351 2606 1390 2633 ib.
1413 2607 1439 2632 :X
1462 2606 1488 2632 in
1513 2614 1626 2640 marg:
1649 2603 1828 2641 Responsio.

520 2644 643 2670 Peccata
664 2643 811 2678 equixoce
832 2642 1038 2669 dimittuntur.
1072 2642 1113 2668 lle
1136 2642 1315 2668 remissione
1338 2645 1531 2675 peccatorum
1560 2646 1586 2666 et
1614 2638 1828 2673 indulgenciis,

520 2682 590 2704 nota
611 2686 704 2712 supra
725 2678 873 2705 Sermone
895 2677 1003 2704 XLVI.
1068 2685 1093 2711 7.
1116 2676 1182 2703 BC:
1205 2678 1342 2711 lapsum:
1365 2675 1403 2702 ib.
1425 2676 1468 2702 A:
1491 2680 1562 2702 tnnc
1583 2675 1676 2701 deest.
1742 2671 1778 2699 1¹3.
1801 2673 1829 2698 A

519 2713 548 2739 in
578 2721 690 2747 marga
721 2711 889 2739 Absolueio
916 2720 931 2738 a
958 2712 1046 2745 culpa
1074 2716 1099 2737 et
1127 2711 1284 2738 absolueio
1310 2719 1325 2737 a
1353 2718 1428 2744 pena
1455 2714 1483 2736 et
1509 2714 1642 2736 econtra.
1726 2715 1763 2741 17.
1784 2707 1829 2733 A:

528 2747 644 2781 sroprie
666 2747 717 2774 sed
739 2746 909 2773 absolucio.
995 2747 1034 2772 18.
1056 2746 1100 2772 A:
1122 2745 1150 2772 in
1173 2754 1243 2780 qno.
1329 2753 1372 2773 22.
1395 2745 1460 2771 sstj:
1483 2745 1509 2771 in
1534 2752 1646 2777 marga
1670 2741 1829 2768 bmniniea

521 2782 620 2814 .'x11;
644 2781 682 2808 C:
706 2786 776 2816 post
792 2781 963 2808 Trinitatis.
1014 2780 1056 2807 25.
1074 2781 1118 2806 A:
1140 2780 1288 2807 catholica
1309 2780 1462 2815 signatur:
1484 2779 1524 2805 ib.
1542 2779 1579 2804 3:
1600 2786 1657 2812 que
1673 2777 1828 2811 liguratur.

520 2816 566 2843 eti.
590 2816 654 2843 BC:
684 2815 726 2843 sic
747 2816 852 2843 eciam.
926 2816 971 2842 25.
994 2814 1058 2841 BC:
1079 2814 1166 2841 Jesus
1188 2815 1281 2841 deest.
1355 2814 1393 2842 31.
1417 2814 1481 2841 BC:
1503 2813 1582 2839 enim
1606 2812 1700 2838 deest.

596 2910 646 2930 22⁷.
674 2899 726 2931 Cf.
747 2898 911 2941 Wyclif's
941 2899 1107 2929 Sermons
1134 2898 1186 2929 ed.
1216 2898 1259 2939 by
1286 2897 1418 2929 Arnold
1447 2897 1468 2937 Ι,
1496 2895 1547 2935 54.
