2017 3353
174 279 244 314 108
749 280 971 313 JOHANNIS
991 277 1174 310 WYCLIF
1201 275 1460 308 SERMONUM
1507 259 1659 318 [SERMO
1680 269 1759 297 xvi.

219 398 292 438 ,The
314 399 377 438 first
454 390 614 427 tativam
661 397 699 424 et
736 386 969 423 nutritivam
1015 384 1269 420 informativa
1311 380 1491 429 precedit
1528 380 1566 415 in
1609 378 1761 424 ordine,

195 434 407 502 ὃὲἶξξζᾚιῖᾖρ
454 449 510 485 sic
542 448 578 484 in
614 457 783 493 corpore
816 443 982 480 ecclesie
1020 442 1177 478 videtur
1214 441 1321 488 quod
1363 438 1493 487 prima
1526 437 1609 474 eius
1642 436 1762 473 infor-

190 504 422 566 }Eggcgfifsaittlff
455 506 586 543 macio
620 506 736 541 debet
768 514 854 540 esse
888 501 927 537 in
960 501 1110 537 semine
1143 498 1234 535 fidei
1268 499 1375 546 quod
1409 506 1467 533 est
1488 497 1653 532 verbum
1677 493 1763 530 Dei.

166 574 185 601 i.
218 582 243 600 e.
273 574 323 600 the
352 574 439 601 word
456 566 547 601 Ideo
587 564 662 600 ista
701 560 895 609 parabola
934 569 992 596 est
1031 571 1052 595 a
1085 556 1233 594 curatis
1266 565 1303 592 et
1342 569 1363 592 a
1396 554 1549 591 cunctis
1582 552 1766 588 fidelibus

237 608 369 636 ofGod.
456 621 732 670 principaliter
775 618 1030 655 attendenda.
1084 617 1185 652 Nam
1234 614 1358 650 virtus
1406 613 1445 648 in
1492 613 1567 648 hoc
1615 609 1799 646 semine5

457 681 588 729 primo
628 678 818 715 informat
856 675 958 712 filios
991 674 1064 711 Dei
1100 673 1139 710 in
1179 672 1268 725 fide,
1302 681 1344 708 ut
1376 670 1536 707 veniant
1568 669 1684 717 plene
1717 668 1767 704 ad

456 737 642 786 patriam.
683 738 788 772 Inter
826 743 1000 782 quatuor
1043 740 1176 769 autem
1221 730 1403 767 saciones
1448 741 1546 776 quas
1585 726 1767 763 Christus

456 796 520 833 hic
553 794 738 844 exprimit
771 801 913 840 quarta
946 800 1005 828 est
1028 790 1285 827 solummodo
1316 788 1432 824 laude
1456 786 1586 835 digna.
1624 784 1767 829 Quoad

459 854 695 902 quiditatem
741 859 874 888 autern
919 849 1037 886 huius
1080 846 1189 884 verbi
1234 854 1343 894 patet
1387 846 1494 893 quod
1539 843 1669 891 ipsum
1711 850 1770 878 est

458 911 725 960 personaliter
746 910 909 945 verbum
935 907 1020 954 Dei,
1051 915 1088 942 et
1121 906 1210 942 ideo
1244 903 1452 952 apostolus
1486 901 1603 950 elegit
1637 899 1767 948 predi·
1787 908 1827 931 10

459 983 549 1007 care
588 970 627 1005 in
666 967 817 1016 populo
857 966 1066 1002 dominum
1101 965 1234 1000 Jesum
1273 962 1490 1014 Christum>
1530 972 1609 996 non
1642 967 1770 1006 trage-

459 1028 545 1065 dias
579 1027 659 1063 sive
693 1024 909 1070 comedias‚
943 1036 1023 1060 non
1056 1022 1213 1058 lucrum
1252 1019 1538 1068 temporalium
1569 1016 1769 1065 quesitum

459 1087 518 1123 vel
542 1086 680 1122 laudes
703 1082 913 1120 hominum
933 1082 999 1118 sed
1018 1081 1150 1129 ipsum
1171 1078 1382 1115 dominum
1401 1079 1533 1113 Jesum
1551 1075 1769 1112 Christum.

175 1154 255 1183 Seed
278 1154 385 1193 falling
407 1153 445 1189 by
519 1143 712 1189 Quamvis
747 1150 880 1178 autem
914 1141 989 1176 hoc
1023 1151 1158 1175 semen
1192 1137 1241 1174 sit
1264 1135 1585 1173 substancialiter
1607 1134 1770 1169 verbum

195 1190 246 1216 me
268 1188 420 1225 ways1d0;
461 1202 546 1249 Dei,
582 1210 639 1238 est
672 1210 806 1237 tamen
839 1199 1059 1235 secundum
1094 1195 1297 1233 racionem
1333 1193 1611 1241 multipliciter
1644 1190 1771 1228 varia-
1791 1189 1827 1221 15

462 1270 560 1297 tum.
607 1261 648 1295 In
687 1258 817 1307 prima
858 1265 991 1294 autem
1034 1263 1208 1303 quatuor
1239 1252 1446 1290 sacionum
1481 1263 1606 1287 semen
1640 1249 1773 1286 cecidit

460 1331 568 1355 secus
600 1318 713 1354 viam.
750 1315 852 1361 Quia
885 1323 976 1351 sunt
1009 1313 1113 1350 enim
1144 1311 1329 1349 nonnulli
1352 1310 1408 1347 sic
1432 1308 1514 1345 triti
1538 1317 1575 1345 et
1598 1306 1773 1344 indurati

463 1375 735 1424 temptacione
769 1373 918 1410 diaboli
952 1373 1059 1420 quod
1092 1372 1255 1407 verbum
1280 1369 1353 1406 Dei
1385 1380 1465 1404 non
1498 1366 1603 1415 capit
1634 1365 1673 1401 in
1697 1364 1773 1401 illis

463 1436 532 1472 sed
565 1434 700 1471 statim
735 1440 951 1469 evacuatur
983 1430 1141 1467 cautela
1175 1427 1323 1464 diaboli
1363 1425 1430 1474 qui
1464 1435 1630 1473 propter
1661 1422 1773 1471 agili-

464 1502 587 1530 tatem
623 1502 658 1528 et
693 1490 955 1528 subtilitatem
990 1497 1158 1525 vocatur
1188 1486 1351 1522 volucer
1383 1483 1469 1521 celi.
1791 1489 1833 1511 20

200 1562 310 1589 onthe
332 1561 420 1593 rock;
522 1550 704 1587 Secunda
743 1547 940 1584 maneries
978 1544 1204 1582 seminandi
1245 1553 1303 1580 est
1339 1555 1458 1592 supra
1490 1549 1659 1591 petram,
1698 1540 1774 1574 hoc

464 1619 536 1657 est,
570 1621 639 1645 cor
671 1605 979 1655 quomodolibet
1012 1604 1256 1647 induratum,
1292 1602 1360 1637 sed
1395 1599 1556 1636 racione
1581 1597 1772 1635 commix-

464 1667 589 1705 eionis
624 1664 790 1702 materIe
823 1672 981 1711 petrose
1015 1661 1158 1698 crescit
1190 1660 1239 1697 ad
1274 1668 1444 1706 tempus,
1478 1665 1617 1693 natum
1642 1665 1775 1692 tamen

463 1725 568 1762 aruit
608 1724 646 1760 in
686 1735 890 1771 processu,
935 1720 1028 1768 quia
1066 1732 1145 1755 non
1185 1719 1355 1755 habebat
1393 1718 1603 1752 humorem
1644 1712 1775 1762 gracie

464 1783 684 1820 secundum
730 1793 850 1828 quam
897 1777 1153 1815 fructificaret
1197 1775 1312 1812 bonis
1356 1773 1558 1822 operibus.
1605 1767 1830 1820 Oportet25

465 1841 569 1878 enim
604 1839 871 1876 humilitatem
907 1850 950 1873 ex
982 1836 1192 1884 fragilitate
1226 1833 1355 1870 carnis
1380 1839 1616 1879 conceptam
1641 1828 1776 1866 fructi—

468 1900 589 1936 feram
624 1907 770 1934 terram
806 1894 1081 1932 seminabilem
1116 1903 1353 1940 temperare.

188 1974 301 2001 among
321 1966 440 1993 thorus.
524 1957 667 1993 Tereia
702 1954 899 1991 maneries
933 1962 1035 1989 terre
1069 1951 1125 1988 sic
1158 1960 1238 1987 sate
1272 1958 1330 1986 est
1361 1950 1525 1985 verbum
1559 1947 1630 1983 Dei
1669 1947 1776 1993 quod

468 2016 601 2052 cecidit
633 2015 731 2050 inter
761 2013 903 2063 spinas,
942 2020 985 2047 ut
1024 2011 1183 2057 quando
1226 2008 1275 2044 sit
1307 2006 1533 2055 predicacio
1567 2005 1604 2041 in
1638 2004 1776 2040 mundi

468 2072 751 2117 sollicitudine,
798 2069 951 2106 diviciis
996 2078 1031 2105 et
1072 2067 1202 2104 carnis
1241 2064 1512 2112 voluptatibus
1556 2060 1834 2109 occupatiS.3o

467 2135 516 2169 Et
550 2139 681 2167 exorte
715 2129 812 2166 tales
845 2127 956 2175 spine
990 2125 1186 2163 suffocant
1219 2125 1389 2160 fructum
1415 2122 1536 2158 verbi.
1570 2122 1684 2157 Unde
1717 2132 1775 2155 se-

469 2190 644 2227 cundum
669 2189 831 2223 beatum
856 2184 1093 2233 Gregorium
1121 2182 1257 2219 mundi
1283 2181 1418 2217 divicie
1440 2181 1525 2216 hinc
1547 2186 1637 2216 sunt
1658 2178 1776 2227 spine,

468 2248 554 2297 quia
593 2245 873 2296 cogitacionum
906 2255 1065 2279 suarum
1094 2240 1365 2290 puncciom'bus
1399 2246 1559 2273 mentem
1592 2237 1777 2279 lacerant,

468 2314 506 2343 et
550 2317 632 2341 cum
684 2315 799 2351 usque
848 2302 899 2337 ad
943 2307 1143 2349 peccatum
1185 2298 1432 2347 pertrahunt,
1482 2295 1590 2344 quasi
1637 2294 1778 2344 inflicto

470 2364 627 2400 vulnere
659 2367 870 2397 cruentant.
905 2362 973 2395 Est
1006 2366 1139 2394 autem
1164 2354 1442 2392 inconstancia
1476 2354 1515 2389 in
1538 2352 1614 2389 hiis
1639 2351 1833 2399 spinis,35

470 2421 562 2470 quia
607 2421 655 2456 ad
703 2420 842 2454 horam
890 2426 1039 2453 stantes
1084 2428 1173 2451 cum
1220 2413 1382 2450 homine
1421 2420 1512 2448 sunt
1551 2410 1708 2458 fragiles
1742 2419 1778 2446 et

540 2563 564 2581 2.
586 2555 630 2581 A:
658 2554 739 2589 quod
769 2553 933 2588 primarius
954 2550 1148 2578 informacio.
1261 2557 1289 2579 4.
1312 2549 1356 2574 A:
1378 2552 1406 2573 et
1432 2545 1561 2573 cunctis.
1688 2552 1712 2578 7.
1735 2545 1779 2570 A:

471 2591 622 2617 raciones.
751 2589 777 2613 S.
799 2589 843 2614 A:
864 2586 1057 2620 exprimitur.
1190 2592 1218 2618 ι).
1240 2581 1305 2609 BC:
1328 2587 1429 2608 autem
1450 2581 1544 2607 deest.
1676 2587 1718 2606 lo.
1740 2579 1779 2605 13:

472 2632 616 2659 persona.
690 2630 723 2649 11.
745 2623 788 2648 A:
811 2630 874 2649 non
897 2621 1048 2655 tragedias
1065 2635 1093 2639 —-
1110 2618 1270 2646 Christum
1291 2618 1385 2644 deest.
1444 2624 1484 2648 14-
1506 2614 1545 2641 B:
1567 2619 1668 2641 autem
1685 2613 1779 2640 deest.

473 2661 508 2687 15.
530 2660 575 2686 A:
596 2657 767 2685 secundum
790 2657 948 2684 racionem
971 2654 1156 2682 secundum.
1250 2660 1291 2687 ¹7-
1313 2652 1356 2678 A:
1379 2650 1459 2677 enim
1481 2649 1573 2681 nulli;
1612 2648 1652 2675 ib.
1675 2646 1715 2674 C:
1737 2648 1780 2674 sic

471 2695 546 2721 ceci.
611 2700 649 2719 21.
670 2693 697 2719 A
712 2691 742 2718 in
758 2699 873 2726 marg:
894 2698 919 2717 2.
984 2690 1026 2717 23.
1049 2690 1092 2716 A:
1110 2687 1242 2724 peciose.
1307 2686 1347 2714 25.
1369 2686 1413 2713 A:
1434 2684 1619 2712 fortificaret.
1685 2683 1731 2709 28.
1753 2685 1780 2709 A

472 2730 501 2755 in
523 2736 638 2762 marg:
661 2725 686 2754 3.
737 2733 782 2762 29.
805 2726 849 2753 A:
872 2725 997 2761 quando
1019 2724 1058 2751 fit.
1121 2723 1167 2751 30.
1189 2724 1233 2750 A:
1255 2719 1485 2752 voluntatibus;
1506 2718 1546 2746 ib.
1570 2719 1591 2744 B
1612 2717 1641 2744 in
1663 2724 1776 2752 marga

474 2763 589 2791 Divicie
608 2761 739 2798 qualiter
759 2760 859 2796 spinis
879 2763 1110 2794 comparantur.
1197 2755 1245 2790 34.
1266 2756 1309 2784 A:
1331 2754 1482 2788 inflictus;
1507 2753 1547 2780 B:
1568 2756 1780 2780 cruentantur.

542 2858 595 2889 32.
622 2854 781 2934 &gregorii
819 2853 853 2886 in
881 2854 1081 2895 Evangelia,
1119 2851 1177 2883 lib.
1207 2852 1230 2883 1.
1269 2851 1372 2882 Hom.
1406 2849 1480 2880 XV.
1513 2847 1606 2890 Opp.
1642 2853 1727 2878 tom.
1756 2846 1779 2885 l,

472 2914 550 2947 pag.
580 2914 620 2944 14
669 2925 677 2934 .
