2017 3353
226 266 362 295 sunno
384 256 484 310 xm]
739 268 877 300 PRIMA
907 267 1032 299 PARs.
1777 261 1827 305 87

226 375 515 413 confirmentur
547 374 586 410 in
620 373 696 410 fide
729 373 949 410 divinitatis
975 373 1124 409 Christi
1149 386 1192 409 ex
1214 373 1298 409 viso
1326 373 1536 417 miraculo,
1570 380 1719 421 Tempest
1741 391 1804 409 was

226 442 263 470 et
307 446 350 470 ex
395 431 647 468 dormicione
696 443 767 468 sua
815 444 907 468 vera
951 440 988 467 et
1032 443 1114 467 non
1166 430 1258 467 ficta
1306 431 1536 468 humanitas
1590 417 1790 479 Osffiffiffi'fflym

225 492 475 536 ostendatur,
515 499 553 527 et
591 489 716 526 tercio
768 498 811 526 ut
857 490 1002 526 doceat
1040 501 1114 525 nos
1149 488 1282 536 ipsum
1316 501 1458 537 rogare
1498 489 1537 525 in

226 559 408 597 tempore
442 547 692 585 necessitatis
724 559 770 584 ac
803 549 915 596 quod
948 548 1000 583 ob
1034 547 1233 583 defectum
1259 546 1351 583 fidei
1385 547 1537 583 solum-

192 608 350 644 §modo
391 606 671 643 formidamus.
711 605 781 642 Illa
815 605 921 642 enim
964 614 1023 642 est
1062 604 1219 653 preciSa
1253 617 1374 642 causa
1415 617 1538 652 quare

224 665 421 701 Dominus
473 664 624 701 dormit
671 663 800 700 nobis.
848 664 940 700 Ideo
989 663 1198 711 discipulis
1249 662 1540 699 suscitantibus

221 725 356 760 Jesum
405 732 526 771 atque
570 721 816 758 dicentibus:
858 722 1024 758 Domine
1073 721 1184 757 salva
1231 733 1311 765 nos,
1351 721 1539 770 perimus,

224 781 430 830 signanter
460 779 602 817 adicit:
642 780 747 823 Quid
778 780 904 815 timidi
934 780 1022 816 estis
1054 779 1202 816 modice
1223 779 1353 829 fidei?

284 842 407 876 Erant
440 847 573 876 autem
614 837 780 886 quidam
822 849 963 874 eorum
998 837 1089 874 fidei
1123 837 1296 883 modice,
1336 837 1538 873 credendo

172 911 210 934 10
227 910 324 946 pure
357 897 442 934 eius
483 895 776 933 humanitatem
818 896 878 932 vel
912 896 1033 932 nimis
1075 894 1239 932 remisse
1278 895 1361 931 eius
1395 894 1539 931 divini-

225 964 360 992 tatem.
406 956 507 992 Nam
555 955 587 991 si
632 954 807 1002 perfecte
847 955 1057 991 crederent
1097 953 1228 1001 ipsum
1271 965 1356 990 esse
1394 955 1537 999 Deum,

224 1013 432 1050 novissent
471 1025 561 1049 eum
597 1024 696 1061 eque
738 1024 855 1060 posse
888 1012 1027 1049 fecisse
1061 1011 1257 1049 miracula
1295 1011 1537 1048 dormiendo

224 1071 327 1108 sicut
370 1071 588 1120 vigilando,
634 1083 725 1107 cum
770 1083 854 1107 non
899 1070 1161 1107 sensualitate
1206 1070 1277 1106 sed
1329 1069 1539 1106 divinitate

224 1143 300 1177 que
332 1142 414 1166 non
449 1137 581 1178 potest
604 1127 730 1176 sopiri
754 1128 846 1165 fecit
869 1127 1079 1165 miracula.
1110 1130 1158 1165 Et
1181 1136 1291 1176 patet
1326 1127 1536 1175 responsio

170 1189 271 1225 15ad
321 1188 430 1225 illam
485 1186 736 1235 questionem
790 1186 939 1223 Psalm.
997 1187 1152 1233 XL1110,
1212 1186 1283 1222 23:
1335 1186 1538 1236 Exsurge,

222 1258 341 1295 quare
372 1245 581 1289 obdormis,
604 1245 779 1282 Domine.
807 1246 913 1280 Deus
945 1243 1051 1280 enim
1080 1257 1161 1280 non
1185 1243 1335 1280 dormit
1364 1242 1538 1280 homini—

223 1307 296 1341 bus
343 1303 420 1341 nisi
468 1313 634 1352 propter
681 1302 881 1340 defectum
927 1302 1019 1338 fidei
1065 1303 1201 1351 quoad
1241 1302 1388 1350 ipsum.
1460 1303 1537 1338 Sed

223 1363 327 1399 sicut
373 1362 526 1410 virgam
570 1360 804 1409 vigilantem
845 1360 1035 1397 continue
1076 1360 1191 1409 erigit
1229 1360 1310 1396 suis
1351 1360 1536 1396 fidelibus

222 1420 482 1469 castigandis,
530 1419 585 1456 sic
626 1431 769 1456 manus
814 1418 1034 1456 adiutrices
1072 1418 1284 1467 vigilanter
1323 1418 1457 1466 dirigit
1497 1418 1537 1454 in

166 1479 353 1528 zoipsum
389 1478 661 1515 credentibus.

279 1540 328 1574 Et
373 1546 483 1585 patet
527 1537 636 1585 quod
687 1535 861 1584 apostoli
914 1548 995 1572 non
1041 1536 1267 1572 debuerunt
1313 1534 1453 1571 timere
1497 1535 1536 1570 in

221 1595 369 1632 Christi
404 1595 627 1643 presencia,
662 1607 754 1630 cum
790 1594 935 1630 debent
969 1593 1071 1630 scire
1105 1593 1257 1630 nullam
1303 1602 1533 1629 creaturam

221 1666 338 1701 posse
372 1662 514 1690 contra
546 1652 631 1689 eius
670 1651 969 1699 beneplacitum
1004 1652 1257 1699 simpliciter,
1291 1664 1363 1688 nec
1402 1650 1534 1698 ipsum

222 1725 336 1760 posse
369 1711 538 1748 deficere
572 1711 612 1747 in
635 1724 676 1748 se
708 1710 978 1758 sperantibus,
1013 1719 1049 1746 et
1071 1710 1222 1746 videbit
1255 1710 1294 1745 in
1329 1709 1533 1755 meditate,

164 1775 203 1807 25
221 1779 328 1817 patet
376 1771 485 1818 quod
531 1768 784 1817 impossibile
837 1777 894 1804 est
947 1781 1193 1817 quemquam
1244 1780 1410 1815 peccare
1459 1767 1534 1803 nisi

221 1828 397 1864 defectus
432 1827 523 1863 fidei
558 1827 618 1863 vel
652 1827 738 1863 eius
779 1825 996 1862 modicitas
1034 1826 1085 1862 sit
1118 1826 1157 1862 in
1197 1838 1331 1864 causa.
1366 1827 1467 1861 Nam
1502 1825 1532 1861 si

220 1886 310 1934 quis
350 1885 588 1934 peccaverit,
644 1884 704 1921 vel
749 1885 846 1920 fides
885 1883 924 1920 in
970 1884 1059 1932 ipso
1101 1884 1233 1921 deficit
1265 1884 1325 1920 vel
1359 1883 1532 1929 vacillat,

221 1944 316 1992 quia
361 1943 617 1992 impossibile
664 1952 723 1980 est
767 1955 1014 1991 quemquam
1061 1954 1229 1990 peccare
1269 1942 1344 1978 nisi
1379 1943 1531 1977 bonum

219 2002 294 2038 sibi
329 2002 556 2047 intenderit,
591 2003 659 2037 sed
693 2000 943 2048 impossibile
976 2010 1035 2037 est
1067 2002 1176 2049 quod
1210 2009 1252 2036 ut
1284 2000 1340 2037 sic
1380 2002 1531 2036 bonum

162 2065 203 2096 ’ἕο
219 2060 292 2097 sibi
328 2059 496 2107 eveniat,
532 2073 626 2108 ergo
661 2060 700 2096 in
734 2068 931 2107 quantum
966 2068 1104 2107 peccat
1137 2059 1176 2095 in
1210 2059 1287 2095 fide
1320 2058 1466 2095 deficit.

276 2119 482 2162 Similiter,
518 2119 558 2155 in
599 2126 795 2167 quantum
836 2117 927 2166 quis
968 2127 1117 2165 peccat,
1159 2117 1358 2154 deformat
1390 2117 1530 2153 volun-

218 2186 341 2214 tatem
389 2190 503 2213 suam
551 2175 747 2213 voluntati
799 2175 941 2221 divine,
986 2185 1023 2212 et
1062 2175 1100 2211 in
1142 2184 1339 2224 quantum
1391 2185 1530 2222 peccat

218 2244 386 2283 apparet
419 2234 495 2271 sibi
529 2234 779 2271 voluntatem
816 2247 929 2270 suam
963 2233 1164 2271 voluntati
1200 2233 1332 2269 divine
1372 2233 1530 2269 confor-

218 2293 330 2339 mari,
389 2306 478 2329 cum
526 2292 781 2340 impossibile
827 2292 877 2328 sit
921 2292 1075 2328 homini
1127 2291 1345 2340 quicquam
1403 2291 1530 2328 facere

161 2355 200 2387 35
217 2350 290 2387 nisi
326 2361 519 2399 appareat
553 2349 627 2388 sibi
660 2352 828 2396 bonum,
852 2363 946 2398 ergo
972 2350 1011 2385 in
1036 2359 1232 2399 quantum
1268 2350 1358 2398 quis
1392 2358 1531 2397 peccat

215 2409 340 2445 credit
372 2409 566 2458 implicite
598 2410 709 2457 quod
741 2418 799 2445 est
831 2408 997 2445 omnino
1031 2408 1070 2444 in
1102 2408 1179 2444 fide
1212 2408 1394 2445 deficere.

273 2467 480 2516 Similiter,
504 2480 623 2504 nemo
646 2468 793 2504 faceret
815 2479 915 2514 opus
939 2466 1094 2514 aliquid
1117 2475 1281 2514 propter
1303 2467 1412 2514 quod
1430 2466 1530 2502 foret

216 2525 515 2562 racionabiliter
561 2538 582 2562 a
626 2527 711 2562 Deo
749 2524 975 2573 culpabilis,
1016 2524 1093 2561 nisi
1132 2524 1172 2560 in
1211 2524 1288 2561 fide
1321 2524 1528 2569 deficeret3

282 2667 308 2686 2.
329 2659 351 2686 B
372 2659 401 2686 in
423 2666 538 2694 marg.:
560 2659 701 2688 Christus
722 2667 816 2698 quare
837 2660 993 2688 dormivit.
1044 2659 1068 2688 5.
1091 2659 1132 2688 C:
1153 2667 1289 2699 sompno
1309 2659 1527 2687 formidamus.

213 2704 241 2730 9.
259 2694 325 2722 BC:
348 2699 450 2722 autem
472 2695 566 2722 deest.
624 2703 663 2722 ιο.
687 2694 727 2722 C:
749 2702 852 2722 minus
874 2695 1013 2722 remisse.
1072 2702 1109 2722 12.
1124 2695 1169 2722 A:
1191 2694 1355 2722 mirabilia.
1430 2694 1466 2722 ¹5.
1482 2695 1527 2721 A:

212 2730 456 2757 conclusionem.
477 2730 589 2757 Psalm.
617 2738 648 2756 se
675 2730 755 2756 uitur
781 2730 899 2756 lacuna.
1008 2733 1030 2756 B
1052 2729 1083 2757 in
1113 2737 1228 2763 marg.z
1258 2729 1340 2756 Deus
1368 2729 1528 2764 quomodo

214 2765 351 2792 dormire
370 2764 494 2792 dicitur.
566 2772 613 2799 24.
636 2764 655 2790 B
694 2773 701 2790 ε
731 2768 759 2791 et
789 2764 903 2792 videbit
931 2765 959 2791 in
991 2765 1134 2792 meditate
1164 2765 1265 2796 deest;
1319 2764 1358 2791 ib.
1380 2763 1469 2791 codd.
1496 2763 1527 2790 in

214 2798 354 2831 meditat;
382 2799 612 2827 modicitatem?
642 2800 684 2826 lb.
704 2799 725 2826 B
758 2799 786 2826 in
815 2807 931 2833 marg:
960 2799 1057 2826 Nemo
1089 2804 1193 2834 peccat
1224 2799 1281 2826 nisi
1303 2799 1339 2825 de
1360 2803 1476 2833 quanto
1497 2798 1526 2824 in

213 2833 271 2861 fide
291 2833 392 2861 deficit
413 2835 456 2861 vel
478 2835 610 2862 vacillat.
683 2834 730 2861 26.
752 2835 779 2861 A
801 2836 829 2861 in
852 2842 968 2868 marg:
988 2834 1068 2862 Nota
1097 2839 1157 2861 tres
1184 2834 1337 2861 raciones.
1412 2832 1457 2859 28.
1480 2834 1525 2860 A:

213 2869 377 2903 quicquam
392 2879 399 2902 ς
416 2868 443 2896 Α
464 2869 495 2896 in
516 2877 631 2903 marga
655 2877 674 2895 r.
721 2867 766 2895 30.
791 2869 815 2895 Α
838 2868 866 2895 iu
890 2876 1007 2898 mara:
1029 2877 1054 2896 2.
1095 2866 1133 2896 31}
1160 2869 1202 2895 ss:
1224 2868 1379 2896 diformat.
1420 2866 1460 2894 33.
1481 2867 1525 2894 A:

213 2902 360 2931 voluntati
381 2904 509 2931 domini.
565 2904 611 2939 37.
631 2905 660 2931 A
680 2903 711 2931 in
731 2911 845 2937 marg:
870 2902 894 2930 3.
916 2903 983 2932 BC:
1005 2904 1084 2932 sicut
1104 2911 1212 2937 nem0;
1270 2903 1308 2930 ib.
1331 2903 1376 2930 A:
1398 2902 1523 2937 aliquid.

1563 486 1743 520 strengthen
1764 487 1815 514 the

1564 522 1711 555 apostles’
1731 521 1817 549 saith.

1564 846 1670 874 Defect
1690 846 1725 874 of
1741 845 1815 874 saith

1583 882 1696 909 caused
1717 881 1796 909 their

1652 916 1727 951 sear,

1578 1793 1612 1812 as
1633 1785 1654 1812 it
1674 1792 1785 1812 causes

1625 1820 1663 1847 all
1685 1819 1745 1847 sin.
