2017 3353
213 1149 354 1189 Mystical

151 1192 297 1219 meaning
319 1184 354 1212 of
372 1184 422 1211 the

214 1220 349 1247 miracle.

733 280 957 313 JOHANNIS
974 279 1159 312 wvcmr
1186 277 1444 310 SERMONUM
1523 264 1680 319 [sermo
1695 273 1748 302 x1.

437 389 610 437 losopho
644 395 777 424 teneat
809 387 883 423 iste
907 393 1081 431 sanctus,
1117 393 1153 420 et
1177 384 1233 420 sic
1257 383 1463 432 signanter
1485 392 1522 419 et
1546 383 1748 419 subtiliter

437 460 481 484 ex
513 446 704 484 instinctu
738 444 903 493 spiritus
937 442 1067 479 sancti
1100 441 1197 478 dicit
1220 454 1367 491 aquarn
1393 441 1429 477 in
1449 440 1574 489 ydriis
1598 441 1746 477 factum

436 505 588 542 vinum.
653 503 846 549 Quamvis
886 501 992 538 enim
1027 500 1076 538 sit
1108 512 1245 536 verum
1281 500 1390 548 quod
1423 512 1528 548 aqua
1560 499 1611 536 sit
1643 499 1749 535 facta

436 563 587 609 vinum,
642 562 746 598 sicut
791 573 891 596 uxor
935 560 1037 595 Loth
1084 558 1303 595 secundum
1351 570 1499 605 corpus
1544 567 1602 594 est
1642 557 1748 594 facta

437 630 569 659 statua
601 620 710 666 salis,
745 628 879 656 tamen
913 617 1133 654 secundum
1169 616 1335 651 modum
1368 615 1559 664 loquendi
1592 615 1781 655 Aristo-5

436 679 526 716 telis
559 679 629 727 qui
664 687 821 714 motum
855 675 1060 724 specificat
1094 687 1115 710 a
1148 673 1323 710 termino
1355 675 1404 710 ad
1439 685 1557 721 quem
1591 682 1634 709 ut
1672 672 1747 709 fine

438 747 572 774 motus
606 735 814 776 naturalis,
850 734 1057 782 signanter
1088 741 1256 769 notatur
1289 731 1474 768 miraculi
1508 730 1624 767 huius
1659 743 1747 778 per-

436 795 562 832 feccio
598 807 619 831 a
652 793 826 831 termino
865 793 915 828 ad
956 803 1089 842 quem⁷
1129 803 1220 826 cum
1266 798 1358 837 post
1404 801 1551 836 aquam
1598 788 1748 826 dicitur

436 854 586 890 factum
626 852 776 888 vinum.
816 849 962 887 Faccio
998 848 1103 885 enim
1138 847 1395 896 specificatur
1427 856 1464 884 et
1497 846 1748 883 contrahitur

437 913 486 949 ad
520 911 657 947 vinum
692 918 884 956 tanquam
910 907 1128 944 terminum
1153 905 1376 942 meliorem.
1410 907 1459 942 Et
1485 905 1541 941 sic
1565 904 1747 953 quamvis
1766 919 1805 940 10

437 969 614 1018 quelibet
659 965 943 1004 substancialis
983 964 1114 1001 forma
1146 963 1196 1000 sit
1240 963 1502 1000 accidentalis
1548 962 1747 999 materiali

438 1027 625 1073 esseneie,
660 1034 793 1062 tamen
827 1025 956 1061 forma
989 1021 1249 1060 accidentalis
1297 1021 1556 1069 specificatur
1587 1022 1637 1057 ad
1669 1020 1748 1057 for-

439 1098 543 1122 mam
569 1096 646 1133 que
678 1082 910 1131 specialiter
947 1081 1094 1118 accidit
1126 1080 1205 1116 enti
1239 1088 1343 1116 actu.
1378 1080 1455 1116 Sed
1478 1078 1646 1115 dimisso
1670 1078 1748 1116 isto

437 1156 555 1180 sensu
600 1141 884 1190 philosophico
929 1139 1217 1176 attendendum
1260 1147 1318 1174 est
1352 1138 1402 1174 ad
1435 1137 1558 1174 alium
1587 1150 1746 1174 sensum

438 1201 642 1238 misticum
668 1199 904 1237 dulciorem.
929 1200 1031 1235 Nam
1055 1198 1131 1233 hoc
1155 1196 1304 1233 factum
1321 1195 1469 1232 Christi
1493 1195 1746 1232 enucleatum
1767 1198 1803 1230 15

437 1258 675 1308 profundius
709 1257 879 1294 includit
911 1266 953 1293 ut
998 1255 1187 1292 nucleum
1234 1266 1375 1290 sensus
1422 1253 1602 1290 misticos
1648 1266 1748 1300 quos

437 1318 502 1354 hic
535 1330 616 1353 non
648 1315 874 1353 sufficimus
908 1315 1112 1362 indagare,
1157 1324 1248 1349 cum
1288 1312 1419 1359 signat
1451 1320 1580 1348 totum
1615 1312 1745 1347 zelum

437 1375 631 1412 trinitatis
665 1375 714 1411 ad
747 1386 871 1422 genus
904 1374 1129 1409 humanum
1163 1383 1281 1418 quem
1316 1369 1498 1407 Christus
1546 1369 1585 1406 in
1619 1369 1747 1406 incar-

438 1433 607 1470 nacione
640 1431 794 1478 habuit,
840 1440 884 1468 ut
916 1431 1047 1479 ipsum
1081 1428 1303 1477 perficeret.
1368 1429 1442 1464 Iste
1476 1440 1569 1476 ergo
1602 1427 1747 1475 nupcie

439 1492 598 1539 signant
644 1490 799 1527 mistice
844 1487 1194 1537 dispensacionem
1229 1485 1376 1523 Christi
1421 1486 1568 1522 factam
1604 1485 1643 1521 in
1676 1498 1748 1522 sua
1764 1497 1806 1520 20

438 1549 722 1586 incarnacione
746 1560 834 1584 curn
861 1555 997 1583 sancta
1031 1544 1223 1590 ecclesia;
1256 1553 1293 1581 et
1326 1544 1529 1592 signanter
1561 1543 1750 1580 dicuntur

438 1608 540 1645 facte
586 1608 624 1643 in
658 1607 796 1643 Chana
829 1604 993 1651 Galilee,
1039 1603 1135 1652 quia
1168 1603 1306 1639 Chana
1350 1614 1427 1649 que
1460 1602 1750 1649 interpretatur

439 1665 637 1702 emulacio
669 1664 729 1700 vel
762 1662 951 1710 zelotipia
983 1662 1115 1710 signat
1146 1660 1275 1696 zelum
1310 1672 1426 1707 quem
1473 1660 1639 1696 verbum
1673 1659 1747 1695 Dei

439 1723 580 1760 habuit
603 1724 652 1760 ad
677 1734 866 1769 sponsam
891 1733 1005 1757 suam
1030 1718 1263 1765 ecclesiam;
1298 1726 1334 1754 et
1357 1717 1510 1754 Galilea
1533 1730 1609 1765 que
1628 1717 1748 1754 inter-

441 1790 623 1830 pretatur
670 1788 759 1817 rota
791 1778 992 1825 volubilis,
1037 1777 1170 1825 signat
1212 1775 1251 1812 in
1288 1775 1457 1812 ecclesia
1489 1783 1638 1812 statum
1672 1774 1803 1821 vie‚25

440 1853 530 1876 curn
554 1848 721 1888 propter
752 1849 932 1874 amorem
966 1848 1084 1885 quem
1125 1833 1265 1871 habuit
1298 1835 1349 1870 ad
1381 1841 1560 1870 sanctam
1589 1829 1594 1884 Ι
1624 1833 1749 1870 eccle·
1793 1825 1875 1887 1:0¹3}

440 1898 540 1934 siam
574 1897 664 1934 fecit
697 1908 738 1933 se
772 1908 862 1932 cum
896 1894 983 1942 ipsa
1017 1892 1185 1930 ecclesia
1216 1891 1426 1928 viatorem.
1470 1892 1581 1928 Jesus
1614 1899 1746 1928 autem
1798 1881 1858 1914 ¹49

440 1956 514 1993 fuit
561 1955 600 1991 in
646 1955 734 2002 ipsa
783 1951 1101 2001 desponsacione
1135 1950 1326 1987 divinitus
1360 1959 1396 1986 et
1431 1949 1587 1986 mistice
1621 1958 1750 1986 mater

440 2027 523 2051 sua.
558 2012 799 2049 Miraculum
829 2019 963 2048 autem
988 2009 1118 2057 signat
1150 2008 1360 2057 quomodo
1385 2007 1628 2044 tradiciones
1652 2007 1748 2055 legis

440 2071 583 2109 veteris
616 2083 692 2118 que
726 2071 991 2106 servabantur
1023 2068 1061 2104 in
1096 2067 1208 2104 duris
1232 2065 1433 2114 lapidibus
1458 2075 1495 2102 et
1519 2065 1749 2101 substancia
1765 2071 1806 2102 30

440 2142 567 2178 aquea
601 2128 868 2175 infrigidante‚
910 2136 946 2163 et
979 2126 1233 2174 opprimente
1265 2136 1388 2172 genus
1428 2123 1605 2159 fidelium
1639 2135 1750 2159 verse

440 2197 533 2224 sunt
576 2187 611 2222 in
656 2187 787 2237 iugum
834 2197 951 2221 suave
982 2192 1016 2220 et
1049 2197 1142 2220 onus
1175 2184 1256 2220 leve
1287 2181 1500 2218 destructis
1533 2180 1749 2229 legalibus;

441 2255 478 2282 et
524 2246 599 2281 hoc
644 2253 702 2280 est
748 2242 876 2279 maius
929 2242 1168 2278 miraculum
1222 2252 1341 2288 quam
1396 2239 1470 2276 fuit
1516 2239 1615 2275 illud
1668 2251 1748 2286 quo

442 2303 623 2339 Christus
658 2314 828 2350 aqueam
864 2300 1135 2337 substanciam
1177 2298 1269 2335 fecit
1314 2297 1464 2333 vinum.
1527 2298 1628 2333 Nam
1673 2297 1747 2332 hoc

440 2362 575 2397 vinum
600 2359 830 2407 specialiter
859 2358 1055 2403 calefacit,
1080 2357 1243 2394 letificat
1266 2364 1303 2391 et
1325 2356 1412 2392 lene
1435 2354 1529 2391 facit
1550 2354 1748 2402 gignendo
1765 2359 1806 2393 35

441 2421 569 2455 bonos
603 2417 782 2465 spiritus,
815 2416 920 2452 ultra
952 2417 1029 2452 hoc
1057 2416 1164 2463 quod
1186 2413 1280 2451 facit
1303 2425 1407 2462 aqua
1431 2412 1749 2449 ceremoniarum

442 2475 692 2513 condicionis
746 2474 932 2522 opposite
986 2474 1024 2509 in
1073 2472 1195 2510 veteri
1249 2478 1490 2508 testamento
1538 2471 1597 2517 (ut
1642 2478 1751 2517 patet

440 2536 526 2571 Act.
560 2535 660 2581 XV).
725 2532 913 2569 Senarius
949 2541 1082 2568 autem
1123 2542 1311 2567 vasorum
1346 2528 1525 2576 predicte
1558 2539 1660 2575 aque
1693 2536 1751 2563 est

442 2592 614 2628 circulus
662 2590 817 2627 annalis
851 2601 930 2637 quo
963 2588 1153 2626 continue
1186 2596 1318 2636 patres
1362 2586 1460 2635 legis
1492 2585 1635 2622 veteris
1668 2585 1749 2621 fue-

511 2733 531 2753 1.
553 2724 593 2753 C:
616 2729 644 2752 et
659 2725 753 2752 deest.
815 2722 842 2751 8.
865 2722 935 2750 BC:
955 2730 1025 2750 cum
1042 2723 1138 2756 prius,
1201 2731 1229 2758 ς).
1246 2721 1285 2748 B:
1301 2721 1413 2748 factam
1428 2720 1543 2748 vinum.
1617 2726 1659 2752 14.
1676 2719 1704 2745 A
1719 2718 1748 2746 in

442 2768 557 2795 marg:
580 2760 698 2787 Sensus
720 2758 872 2786 misticus.
959 2766 999 2792 17·
1020 2759 1068 2784 A:
1090 2758 1176 2787 hinc:
1215 2757 1256 2784 ib.
1284 2757 1332 2783 At
1353 2756 1452 2783 zelus:
1527 2753 1568 2781 18.
1589 2754 1632 2780 A:
1654 2761 1748 2816 guam

442 2794 604 2856 ςὴΐίὃῃῐιςς
625 2795 676 2856 ἰὲ8
689 2795 735 2856 AA:
748 2793 1018 2856 ·i¹i:licsieiisti³⁴cione9'
1040 2793 1096 2854 A3³5
1108 2792 1397 2854 pfffisserisststuangr.
1406 2791 1464 2851 Alb
1478 2787 1748 2856 sxtamgnzddffif

440 2837 702 2926 ἓξῃξὲἐήεῃᾴοεῖι-
748 2848 755 2855 .
801 2862 815 2890 3
841 2883 847 2888 .
864 2860 943 2889 ΒΕΑ
964 2847 1048 2895 quod
1071 2846 1173 2894 deest}
1193 2835 1231 2887 Bp:
1254 2861 1334 2888 fecit.
1405 2845 1411 2857 ’
1426 2844 1475 2894 37.⁴
1501 2831 1570 2885 BCg:
1596 2844 1747 2892 appositei

459 2907 487 2934 9.
542 2908 549 2925 ε
578 2906 680 2925 amma
695 2906 731 2925 is.
