2017 3353
204 287 338 316 samio
359 277 425 335 Lt]
714 292 851 324 PRIMA
881 293 1004 325 PARS.

1731 292 1801 337 341

203 405 382 445 peccata.
413 396 490 433 Alii
523 406 655 434 autem
691 400 910 436 secundum
945 399 1039 448 quid
1074 400 1283 437 remittunt
1310 402 1520 450 (quantum
1551 413 1664 440 Others
1684 414 1800 449 forgiw

204 455 243 491 in
276 454 373 502 ipsis
412 456 486 502 est)
529 467 621 492 suas
654 456 821 494 iniurias
859 466 896 493 et
928 467 1084 506 ponunt
1117 458 1156 494 in
1196 472 1318 495 manu
1351 460 1422 496 Dei
1455 463 1522 497 ab·

204 512 452 549 solucionem
499 513 747 562 simpliciter.
794 515 978 552 Christus
1023 525 1157 552 autem
1197 529 1286 553 cum
1327 517 1377 554 sit
1416 520 1521 555 Deus

203 571 424 607 secundum
465 571 770 616 humanitatem,
817 573 984 609 remittit
1030 586 1121 610 suas
1162 574 1328 611 iniurias
1368 588 1413 612 ac
1453 588 1521 612 sue

169 628 381 674 5ecclesie,
427 631 648 666 secundum
694 630 942 667 divinitatem
983 640 1117 668 autem
1156 632 1323 669 remittit
1368 633 1520 682 simpli—

202 686 312 729 citer,
354 699 444 722 cum
477 687 525 723 sit
557 688 682 723 omnia
721 689 757 724 in
796 689 981 735 omnibus,
1020 689 1241 727 iustificans
1274 690 1443 739 impium
1484 701 1521 728 et

203 744 352 782 faciens
390 744 521 792 ipsum
562 747 729 782 reddere
762 748 845 783 Deo
886 756 922 783 et
954 747 1028 783 toti
1062 748 1228 785 ecclesie
1261 751 1368 797 quod
1402 762 1519 786 suum

203 811 272 839 est.
314 802 362 838 Et
401 803 472 838 hec
512 803 621 839 racio
661 817 785 852 quare
823 805 913 841 talis
948 805 1187 843 iustificacio
1221 816 1279 843 est
1312 809 1395 843 Deo
1428 821 1520 856 pro-

202 860 289 909 pria
314 860 416 896 sicut
439 869 475 896 et
499 873 520 897 a
543 861 719 909 peccatis
743 862 800 899 sic
824 864 1042 900 absolvere.
1081 865 1195 900 Unde
1220 864 1322 901 sicut
1346 866 1520 913 apostoli

149 932 187 953 10
202 931 283 955 non
317 918 668 956 communicarunt
692 933 782 956 cum
807 921 968 958 Christo
1001 922 1041 958 in
1074 922 1342 959 suscitacione
1378 924 1517 960 Lazari

203 977 267 1024 (de
301 989 379 1024 qua
401 977 594 1013 Johannis
618 979 716 1023 XIO),
744 980 811 1015 sed
845 988 937 1027 post
970 980 1279 1016 suscitacionem
1321 982 1520 1030 complete

202 1035 349 1071 factam
383 1046 453 1082 per
485 1034 617 1082 ipsum
651 1037 830 1084 precepit
863 1037 918 1073 eis
951 1046 993 1074 ut
1026 1050 1116 1074 eum
1150 1039 1364 1085 solverent,
1391 1039 1447 1076 sic
1480 1039 1521 1076 in

202 1092 462 1129 absolucione
518 1093 754 1141 simpliciter
809 1095 942 1131 nullus
1001 1095 1242 1132 christianus
1295 1109 1385 1133 cum
1436 1099 1520 1134 Deo

203 1150 489 1196 communicat,
537 1164 627 1187 cum
678 1151 763 1200 ipse
807 1153 971 1201 proprie
1016 1154 1071 1190 sic
1121 1153 1312 1191 iustificat
1358 1157 1519 1203 quando

149 1212 184 1244 15
201 1209 345 1257 placet,
363 1210 431 1244 sed
455 1210 522 1245 dat
545 1210 740 1257 apostolis
757 1220 793 1247 et
817 1223 956 1247 eorum
979 1211 1080 1248 veris
1103 1211 1262 1249 vicariis
1277 1222 1519 1260 potestatem

203 1267 382 1303 solvendi
421 1269 555 1315 quoad
601 1267 841 1315 ligacionem
881 1270 1047 1306 ecclesie
1086 1270 1297 1307 militantis
1337 1280 1374 1307 et
1418 1271 1520 1308 iudi-

203 1325 321 1361 candi
361 1324 663 1362 absolucionem
702 1326 940 1375 simpliciter
979 1329 1113 1376 quoad
1151 1330 1278 1364 Deum
1320 1338 1357 1365 et
1396 1330 1519 1366 eccle-

203 1382 303 1419 siam
337 1383 673 1431 triumphantem3
708 1393 745 1420 et
777 1385 853 1421 hoc
876 1386 1023 1422 habent
1046 1387 1276 1423 sacerdotes
1308 1387 1390 1423 veri
1414 1387 1519 1424 Petri

201 1440 338 1477 vicarii
382 1441 487 1477 ultra
532 1441 811 1479 remissionem
856 1444 1076 1491 laycorum,
1126 1453 1434 1493 verumptamen
1479 1446 1518 1482 in

145 1513 186 1534 20
201 1498 278 1535 ista
317 1499 444 1547 figura
482 1512 563 1536 non
602 1501 718 1536 debet
755 1501 907 1537 attendi
946 1501 986 1538 in
1024 1510 1110 1538 toto
1150 1502 1385 1549 similitudo,
1425 1503 1518 1552 quia

201 1566 295 1593 tunc
310 1561 409 1593 >*non
432 1566 535 1593 esset
558 1557 697 1606 figura.
730 1560 845 1596 Unde
869 1559 971 1596 sicut
996 1560 1178 1597 Christus
1201 1574 1283 1597 non
1306 1561 1518 1598 assistente

201 1615 363 1652 homine
396 1615 462 1664 qui
496 1616 666 1652 solveret
700 1618 895 1653 Lazarum
930 1619 979 1654 ab
1012 1617 1159 1654 institis
1192 1618 1325 1667 ipsum
1365 1620 1518 1656 solvere

199 1673 328 1710 noluit
373 1686 446 1721 pro
491 1673 768 1721 complecione
813 1675 1010 1721 miraculi,
1065 1676 1120 1712 sic
1172 1689 1254 1713 non
1306 1677 1517 1714 assistente

199 1731 335 1780 aliquo
374 1743 467 1768 vero
507 1731 655 1767 Christi
698 1732 849 1769 vicario
894 1742 931 1769 et
970 1735 1054 1770 Deo
1100 1734 1342 1771 miraculose
1386 1737 1517 1772 absol-

144 1794 183 1826 25
198 1798 314 1826 vente
346 1789 563 1826 contritum
596 1801 687 1826 vere
719 1790 836 1827 solvit
868 1791 1085 1840 ligamenta
1118 1794 1252 1841 quoad
1291 1794 1515 1830 ecclesiam.

1590 458 1622 475 as
1643 448 1763 482 against

1576 483 1774 510 themselves:

1579 518 1683 544 Clu-ist
1704 519 1774 553 only

1606 552 1739 585 stu-gives

1583 587 1761 623 absolutely.

1564 1165 1631 1193 Tllc
1654 1166 1774 1205 priesl'b

1615 1206 1680 1235 part
1704 1210 1731 1227 ιιι

1579 1236 1763 1263 absolution.

257 1847 297 1884 Si
330 1857 463 1884 autem
497 1847 725 1896 quicunque
759 1850 960 1895 sacerdos,
996 1850 1123 1887 eciam
1147 1852 1352 1887 Romanus
1385 1852 1517 1899 ponti-
1542 1868 1588 1894 ΝΟ
1611 1868 1704 1903 psit->1
1726 1870 1795 1895 who

199 1906 270 1951 fex,
310 1919 393 1942 non
432 1905 481 1941 sit
515 1905 664 1942 Christi
696 1906 882 1957 vicarius,
917 1910 1122 1957 sequendo
1155 1908 1287 1957 ipsum
1322 1909 1362 1945 in
1396 1910 1517 1946 mori-

1533 1902 1607 1930 cloes
1629 1908 1680 1930 not
1702 1904 1805 1930 follow

1556 1937 1662 1964 Christ
1682 1939 1710 1965 in
1733 1939 1784 1966 life

200 1966 273 2000 bus
307 1973 344 2000 et
376 1965 563 2000 habendo
586 1963 777 2001 noticiam
804 1966 983 2003 solvendi
1013 1967 1230 2003 contritum
1256 1967 1517 2004 conformiter
1553 1973 1607 1999 has
1630 1981 1734 2012 pru-ver
1754 1974 1788 2001 οῖ’

198 2022 394 2059 voluntati
428 2021 571 2068 divine,
605 2031 700 2059 tunc
723 2036 803 2060 non
828 2024 947 2060 habet
975 2033 1216 2072 potestatem
1250 2025 1305 2062 sic
1338 2026 1517 2062 solvendi

143 2084 272 2117 ‘jonec
305 2079 402 2117 alias
436 2080 564 2117 claves
599 2080 776 2125 ecclesie,
810 2090 852 2117 ut
882 2082 1030 2118 Christi
1062 2083 1247 2129 vicarius,
1282 2096 1372 2120 cum
1407 2083 1515 2121 racio

200 2139 298 2175 falsa
340 2151 421 2175 non
465 2138 616 2175 stabilit
661 2139 740 2175 tale
785 2139 1051 2176 ministerium
1098 2141 1138 2176 in
1181 2142 1350 2189 prelato.
1396 2144 1445 2178 Et
1484 2141 1515 2178 si

199 2197 417 2245 replicatur
462 2197 570 2244 quod
617 2197 798 2234 Christus
850 2198 1029 2247 precepit
1073 2196 1287 2247 apostolis
1318 2202 1514 2236 Lazarum

199 2256 351 2292 solvere
391 2263 427 2290 et
465 2266 536 2302 per
575 2267 822 2304 consequens
863 2256 945 2293 eius
984 2256 1123 2293 vicarii
1161 2258 1306 2294 debent
1345 2271 1515 2306 propor-

200 2312 397 2349 cionabile
421 2312 599 2348 officium
625 2313 827 2350 misticum
858 2315 1108 2363 exsupplere:
1152 2315 1305 2352 utinam
1340 2316 1515 2364 pharisei

142 2372 181 2407 35
199 2373 249 2408 ad
282 2371 488 2407 racionem
528 2370 645 2408 istam
686 2373 939 2409 attenderent
972 2375 1179 2421 quomodo
1211 2374 1392 2410 Christus
1426 2387 1513 2422 pre—

199 2428 303 2477 cepit
336 2431 453 2465 Petro
487 2437 523 2464 et
556 2428 596 2464 in
629 2430 716 2478 ipso
750 2429 832 2467 eius
864 2431 1023 2468 vicariis
1055 2431 1167 2480 sequi
1201 2432 1331 2480 ipsum
1373 2441 1409 2468 et
1442 2434 1513 2468 sub

198 2488 364 2524 obtentu
402 2499 470 2523 sue
509 2486 739 2525 dileccionis
777 2501 941 2537 pascere
980 2502 1072 2526 oves
1111 2503 1214 2527 suas.
1254 2492 1342 2527 Hoc
1380 2499 1512 2527 autem

268 2687 293 2714 7.
314 2679 358 2706 A:
379 2688 459 2706 eum.
551 2687 579 2715 9.
600 2681 646 2707 A:
667 2684 695 2707 et
715 2680 809 2707 deest.
903 2689 943 2708 10.
966 2681 1033 2709 BC:
1054 2682 1294 2709 communicant.
1384 2680 1510 2719 ‚132150

197 2714 408 2747 absolverent3
439 2714 479 2741 ib.
498 2714 519 2740 Β
540 2714 569 2741 in
591 2723 704 2749 marg:
726 2715 759 2741 In
782 2715 981 2743 absolucione
1002 2716 1183 2751 simpliciter
1204 2717 1305 2743 nullus
1325 2715 1512 2754 christianus

197 2749 403 2775 communicat
426 2757 495 2776 cum
516 2749 598 2783 De03
628 2749 668 2776 ib.
690 2750 734 2776 A:
756 2750 858 2777 nullus
879 2750 973 2778 deest.
1083 2760 1124 2785 14.
1146 2752 1188 2778 A:
1212 2759 1271 2777 non
1292 2755 1510 2777 communicat.

198 2783 234 2810 15.
258 2782 321 2810 BC:
352 2792 435 2815 verta
465 2783 505 2810 ib.
528 2784 549 2810 B
571 2784 600 2810 in
622 2792 736 2819 marga
763 2784 854 2811 Nota.
887 2785 969 2819 Quid
991 2785 1103 2812 habent
1123 2787 1297 2813 sacerdotes
1319 2785 1396 2811 ultra
1416 2785 1511 2823 laicos

197 2818 225 2845 in
247 2817 436 2845 absolvendo
458 2822 485 2844 et
507 2819 701 2846 remittendo.
802 2826 848 2846 20.
870 2820 914 2846 A:
937 2820 987 2847 illa
1008 2820 1114 2847 finum.
1223 2828 1266 2847 22.
1289 2820 1327 2846 ss:
1350 2820 1508 2846 insumus.

195 2852 241 2879 28.
261 2853 306 2879 A:
327 2852 356 2879 in
378 2852 537 2886 habcudog
558 2853 598 2880 ib.
614 2854 643 2880 A
663 2853 692 2880 in
715 2862 828 2887 marga
849 2853 940 2881 Nota.
1015 2841 1060 2882 εἷ.
1077 2862 1123 2884 20.
1145 2856 1188 2882 A:
1211 2854 1377 2881 contritum
1398 2870 1431 2891 —·
1451 2855 1511 2881 sol-

197 2887 284 2914 vendi
306 2887 400 2914 deest.
492 2886 531 2914 31.
552 2889 596 2915 A:
618 2896 677 2914 non
700 2888 794 2915 deest.
885 2889 931 2923 34.
954 2890 998 2916 A:
1019 2887 1154 2917 officium
1178 2889 1306 2916 iusticie.
1398 2888 1444 2916 30.
1466 2890 1509 2916 A:

195 2922 259 2950 eius
280 2922 373 2950 deest.

1607 2008 1736 2043 loosmg.
