2017 3353
116 289 188 326 152
695 296 918 329 JOHANNIS
946 294 1130 328 wrcmr
1158 295 1417 329 SERMONUM
1446 282 1596 339 [SERMO
1619 293 1711 321 xxn.

398 411 521 439 tatem
555 415 631 451 que
664 411 825 451 superat
858 414 977 438 omne
1010 410 1168 450 tempus
1202 401 1316 438 dicit:
1353 402 1443 452 Ego
1475 415 1574 450 smn,
1606 411 1714 451 post-

398 473 550 509 ponens
583 460 679 497 illud
712 459 929 509 posterius:
964 460 1054 510 Ego
1075 460 1164 508 fui;
1195 459 1250 496 sic
1281 459 1384 496 enim
1414 461 1714 508 preponderans

397 519 579 556 ordinem
624 527 764 555 nature
808 517 938 554 ordini
983 517 1230 554 condicionis
1285 519 1458 554 humane
1502 520 1716 566 respondet

398 577 508 625 prius
542 579 591 613 ad
625 577 722 612 illud
745 578 922 613 secundo
952 575 1173 624 quesitum3
1208 577 1315 624 quod
1341 584 1397 612 est
1420 577 1716 624 ponderancius

400 644 436 671 et
479 634 677 683 posterius
722 636 772 671 ad
815 634 913 670 illud
951 633 1083 682 primo
1122 634 1334 682 quesitum,
1374 633 1414 670 in
1453 635 1529 671 hoc
1569 636 1749 671 docensz'>

400 695 507 742 quod
559 692 694 729 utilius
753 693 803 729 ad
860 691 1073 729 utilitatem
1129 691 1293 729 ecclesie
1346 701 1402 728 est
1454 692 1716 741 principalius

398 751 639 787 faciendum.

111 806 385 876 Ἶζῖὴῐῗὲἐῖἓὲάὦι
457 811 504 845 Et
558 821 600 845 ex
651 808 727 845 isto
780 816 887 845 textu
940 807 1151 845 considero
1203 809 1311 856 quod
1361 817 1717 857 quantumcunque

111 860 164 903 ‘us
187 877 364 904 tosntllom.
400 868 589 915 longevus
627 867 739 903 fuero
778 875 814 902 et
852 868 901 903 ab
940 866 1101 903 ineunte
1141 875 1244 903 etate
1283 879 1372 903 cum
1413 866 1717 915 quibuscunque

401 924 633 961 doctoribus
676 925 867 961 studuero
910 924 970 961 vix
1014 924 1210 961 sufficiam
1249 924 1501 972 superficiem
1547 924 1775 961 istorum1o

400 985 613 1020 verborum
654 982 800 1019 Christi
840 982 1048 1031 attingere.
1086 985 1187 1019 Nam
1228 982 1343 1019 facile
1382 991 1438 1019 est
1477 982 1584 1019 fideli
1624 996 1717 1020 con-

402 1041 534 1090 cipere
579 1042 786 1089 quomodo
830 1042 1034 1078 Abraham
1082 1040 1281 1087 exultavit,
1325 1049 1369 1076 ut
1411 1040 1562 1077 videret
1613 1041 1717 1078 diem

403 1098 550 1136 Christi
595 1098 826 1135 humanitus
871 1108 907 1135 et
951 1100 1053 1148 quod
1092 1099 1192 1135 videt
1229 1107 1264 1135 et
1301 1099 1463 1149 gavisus
1500 1106 1565 1135 est.
1618 1100 1716 1136 Cum

402 1157 506 1194 enim
541 1156 590 1193 sit
623 1158 672 1194 ad
704 1156 958 1205 propositum
994 1157 1138 1205 duplex
1168 1156 1280 1202 visio,
1315 1155 1466 1193 scilicet
1499 1157 1720 1205 corporalis

400 1217 461 1252 vel
493 1214 679 1261 ocularis,
715 1228 791 1263 que
824 1224 879 1252 est
911 1215 1169 1252 solummodo
1193 1216 1241 1251 de
1263 1215 1450 1263 presenti,
1475 1224 1512 1251 et
1536 1215 1720 1252 mentalis
1741 1219 1776 1251 15

401 1275 461 1310 vel
495 1272 587 1309 fidei
611 1285 687 1321 que
712 1282 768 1309 est
793 1274 839 1309 de
865 1282 1220 1321 quantumcunque
1242 1273 1520 1321 temporaliter
1543 1273 1719 1319 distanti,

402 1340 511 1381 patet
545 1332 652 1380 quod
684 1332 888 1368 Abraham
929 1330 1128 1377 exultavit,
1169 1340 1211 1367 ut
1243 1330 1283 1367 in
1316 1331 1392 1367 fide
1424 1330 1575 1367 videret
1615 1331 1720 1368 diem

403 1389 550 1426 Christi
585 1398 621 1426 et
654 1391 761 1438 quod
784 1388 913 1438 ipsam
938 1389 1091 1426 viderat
1121 1398 1157 1426 et
1179 1390 1390 1437 gaudebat.
1424 1391 1526 1426 Nam
1552 1388 1713 1426 Genesis

401 1449 525 1484 XXIIO
561 1447 711 1484 dictum
743 1457 800 1484 est
829 1447 922 1484 sibi:
956 1448 997 1484 In
1026 1448 1166 1484 semine
1194 1455 1257 1484 tuo
1286 1448 1555 1484 benedicentur
1586 1460 1715 1484 onmes

400 1513 534 1556 gentes
577 1513 702 1551 terre;
745 1514 781 1542 et
824 1505 863 1541 in
914 1505 1040 1553 figura
1088 1505 1209 1541 trium
1253 1506 1485 1553 angelorum
1531 1505 1716 1553 cognovit
1733 1518 1776 1540 20

401 1563 610 1601 Trinitatis
658 1562 879 1600 misterium
925 1565 1021 1600 Gen.
1066 1565 1198 1609 XVIII,
1256 1573 1292 1600 et
1349 1576 1419 1611 per
1471 1576 1717 1612 consequens

401 1624 534 1658 Jesum
569 1621 791 1667 Christum3
825 1635 962 1669 ymmo
994 1621 1034 1658 in
1071 1621 1282 1658 oblacione
1322 1621 1391 1657 filii
1429 1621 1488 1657 sui
1526 1621 1623 1658 vidit
1660 1621 1717 1657 in-

404 1679 655 1717 carnacionis
694 1679 936 1725 misterium3
985 1689 1021 1716 et
1060 1679 1115 1716 sic
1155 1680 1447 1716 humanitatem
1487 1679 1634 1716 Christi
1679 1679 1718 1716 in

404 1739 481 1775 fide
518 1738 616 1775 vidit
655 1737 844 1774 continue
881 1739 949 1774 sed
988 1747 1153 1775 remote.
1188 1739 1264 1774 Sed
1297 1737 1498 1774 infinitum
1538 1737 1720 1786 superior

404 1806 523 1846 atque
555 1796 740 1833 subtilior
773 1809 910 1833 sensus
943 1805 999 1833 est
1031 1796 1071 1832 in
1098 1796 1227 1832 verbis
1262 1796 1348 1833 aliis
1372 1808 1489 1844 quem
1513 1809 1653 1844 parum
1680 1795 1719 1832 in
1736 1797 1776 1830 25

403 1855 463 1892 via
497 1864 655 1903 gustare
687 1854 921 1891 sufficimus.
962 1855 1146 1890 Tulernnt
1169 1867 1266 1905 ergo
1299 1854 1394 1891 dicti
1415 1854 1529 1890 Judei
1560 1855 1720 1904 lapides,

404 1921 443 1949 ut
481 1913 516 1949 in
555 1914 676 1963 ipsum
721 1913 889 1949 iacerent
925 1922 1132 1961 tamquam
1179 1912 1398 1949 hereticum
1443 1912 1719 1960 lapidandum,

403 1972 470 2007 sed
508 1972 618 2008 Jesus
655 1971 853 2007 abscondit
889 1984 929 2007 se
967 1978 1002 2006 et
1039 1971 1158 2007 exivit
1192 1971 1237 2007 de
1269 1971 1423 2020 templo,
1455 1971 1600 2006 Judeos
1632 1983 1720 2018 per-

405 2029 599 2065 cuciendo
633 2028 789 2075 acrisia,
825 2042 914 2065 cum
948 2028 1157 2065 videbatur
1181 2030 1298 2076 plane
1332 2041 1352 2065 a
1386 2028 1466 2064 suis
1500 2027 1718 2076 discipulis,

115 2084 485 2146 mTEtzgngfflffistnon
523 2100 545 2124 a
584 2086 859 2124 sacerdotibus
898 2086 953 2123 sic
992 2086 1149 2123 cecatis.
1190 2089 1232 2123 In
1265 2088 1340 2123 hoc
1373 2095 1509 2122 tamen
1541 2086 1719 2122 fecerunt
1736 2088 1777 2120 30

158 2154 352 2189 wasinegal.
406 2154 546 2182 contra
590 2145 773 2182 ordinem
819 2144 914 2192 legis
958 2157 1039 2189 sue,
1092 2144 1185 2193 quia
1230 2144 1269 2180 in
1313 2144 1566 2192 lapidacione
1616 2145 1718 2180 blas-

405 2203 541 2252 phemi
573 2205 805 2251 precederet
838 2202 1047 2239 accusacio
1080 2202 1254 2249 testium,
1289 2201 1493 2250 deposicio
1518 2211 1554 2238 et
1577 2201 1718 2238 iudicis

405 2261 674 2298 sentenciacio
726 2263 773 2297 de
822 2261 1040 2309 lapidando
1091 2269 1198 2297 extra
1242 2260 1442 2297 civitatem
1499 2260 1557 2307 (ut
1608 2268 1718 2308 patet

407 2321 496 2356 Lev.
529 2320 688 2367 XXIV);
722 2319 797 2368 ipsi
831 2328 965 2356 autem
989 2319 1200 2355 voluerunt
1228 2317 1409 2366 lapidare
1433 2330 1522 2354 eum
1557 2318 1596 2354 in
1628 2319 1717 2354 loco

405 2385 544 2414 sancto
588 2378 695 2425 quod
740 2386 824 2413 erat
867 2376 1050 2413 illicitum
1101 2376 1227 2413 eciam
1273 2378 1320 2412 de
1363 2376 1558 2413 convicto.
1605 2377 1719 2413 Unde
1735 2379 1775 2412 35

404 2434 545 2471 Joiada
583 2434 758 2483 pontifex
796 2434 888 2471 fecit
910 2434 1111 2471 Athaliam
1145 2434 1249 2471 trahi
1283 2443 1390 2471 extra
1422 2442 1533 2482 septa
1565 2433 1717 2482 templi,

406 2502 620 2541 antequam
668 2493 876 2529 occidatur
919 2495 976 2540 (ut
1016 2500 1124 2540 patet
1162 2494 1211 2529 IV
1250 2494 1342 2540 Reg.
1381 2494 1463 2539 XI).
1504 2494 1552 2528 Et
1590 2491 1718 2528 simile

407 2551 522 2587 huius
554 2551 643 2599 fuge
675 2550 869 2587 naturalis
903 2550 1049 2587 Christi
1082 2550 1227 2586 dicitur
1261 2552 1366 2587 Luce
1399 2552 1460 2586 IV.

476 2693 502 2712 2.
525 2684 563 2712 C:
587 2685 663 2712 sicut
684 2685 775 2711 enim.
831 2684 856 2712 3.
879 2684 917 2711 C:
939 2684 1110 2719 questionis
1131 2685 1272 2711 humane.
1328 2693 1357 2718 4.
1380 2683 1445 2711 BC:
1468 2683 1602 2710 secundo
1623 2683 1717 2710 deest.

408 2720 436 2747 Γ).
458 2719 524 2747 BC:
546 2719 765 2755 principaliter.
806 2727 839 2746 11.
862 2718 927 2746 BC:
949 2719 1133 2753 contingere.
1174 2727 1215 2752 ¹4·
1236 2720 1280 2746 A:
1303 2719 1379 2749 sint:
1401 2718 1440 2745 ib.
1457 2719 1501 2744 A:
1526 2718 1598 2744 dnm
1620 2717 1716 2746 visio:

406 2756 433 2782 A
449 2755 477 2781 in
496 2762 608 2788 marg:
631 2754 743 2789 duplex
758 2753 852 2781 visio:
875 2754 896 2780 Β
912 2754 940 2780 in
963 2761 1075 2787 manen:
1093 2753 1181 2780 Vis-io
1197 2754 1319 2788 duplex,
1336 2753 1507 2787 corporalis
1522 2757 1550 2778 et
1565 2752 1715 2778 mentalis.

409 2789 449 2816 16.
479 2789 543 2816 BC:
571 2794 719 2826 tempore.
795 2784 900 2823 19.'A:
928 2793 979 2814 tuo
1006 2793 1060 2815 ete.
1142 2796 1188 2815 20.
1210 2789 1252 2815 A:
1275 2788 1369 2822 figura
1389 2787 1440 2814 tali
1461 2787 1638 2821 angelornm
1661 2791 1715 2813 etc.

407 2824 450 2851 25.
473 2823 537 2850 BC:
565 2823 706 2850 subtnior
726 2822 894 2850 sentencia:
922 2823 961 2849 ib.
983 2823 1027 2849 A:
1055 2831 1145 2858 qnam
1199 2831 1259 2849 nre.
1414 2829 1458 2856 27.
1479 2822 1522 2848 A:
1551 2821 1715 2855 lapidibus,

409 2858 471 2885 sed.
557 2866 603 2893 29.
625 2857 690 2885 BC:
713 2858 801 2892 plane
822 2858 915 2884 deest.
1008 2856 1052 2884 30.
1076 2857 1140 2884 BC:
1162 2856 1207 2883 lli
1228 2857 1296 2883 hoc.
1382 2855 1427 2890 34.
1450 2857 1493 2883 A:
1516 2856 1626 2883 XXII.:
1650 2855 1714 2882 BC:

409 2897 507 2919 antem
530 2892 622 2919 deest.
719 2891 761 2921 35.
783 2891 829 2919 313.
845 2893 889 2918 A:
911 2892 1037 2918 Numeri
1059 2891 1165 2918 Joiada
1186 2891 1349 2926 pomifero.
1450 2889 1495 2917 36.
1519 2889 1558 2917 C:
1581 2890 1716 2926 pontifex

409 2927 502 2954 deest.
577 2926 619 2962 37.
641 2927 684 2954 A:
706 2927 749 2953 IV
768 2926 838 2961 Περ.
860 2934 884 2953 2.
959 2926 1003 2954 38.
1024 2927 1068 2954 A:
1091 2926 1159 2961 fuge
1180 2925 1353 2953 racionalis.
