2017 3353
175 597 250 628 Fol.

176 642 250 674 155⁸

216 918 254 940 10

218 1199 252 1231 if>

215 2070 257 2103 30

271 274 406 303 smnio
428 262 552 320 xxiii]
788 273 929 305 PRIMA
959 272 1087 305 PARS.
1797 263 1870 309 157

270 397 312 421 ex
358 384 584 420 iuramento
630 381 789 417 notorio
835 390 871 417 et
918 379 1119 429 premissis
1173 379 1323 425 legibus
1376 387 1583 425 tamquam

269 443 448 478 infideles
482 450 517 477 et
552 439 699 487 periuri
733 439 923 486 sacrilege
957 436 1255 485 condempnati,
1282 444 1318 472 et
1347 448 1416 483 per
1449 447 1584 471 conse-

270 513 407 548 quens,
442 512 531 535 cum
568 510 673 546 papa
705 497 755 532 sit
788 496 1022 533 universalis
1052 495 1251 537 dominus,
1286 495 1433 530 nedum
1467 506 1586 540 super

269 568 395 594 totam
431 555 689 593 habitabilem
724 556 792 591 sed
825 567 944 603 super
976 563 1104 591 totum
1146 554 1378 589 thesaurum
1421 550 1586 587 ecclesie

269 614 566 663 triumphantis,
597 610 600 666 J
630 625 673 650 ex
706 612 977 649 immensitate
1007 611 1066 648 sui
1099 610 1257 659 imperii
1281 609 1379 645 nulli
1403 609 1484 657 regi
1519 608 1585 657 qui

269 672 563 710 contravenerit
608 671 725 708 liceat
769 671 941 719 amplius
987 665 1200 710 dominari,
1247 669 1314 704 sed
1359 667 1586 716 quicunque

269 732 323 768 eis
345 731 484 768 faverit
506 731 566 767 vel
581 730 949 778 quomodocunque
974 726 1220 764 consenserit
1242 726 1291 762 sit
1316 724 1586 762 excommuni-

269 799 380 826 catus
413 791 462 826 ad
497 796 594 837 quot
628 786 862 824 milliarium
899 785 1137 823 distanciam
1178 784 1338 820 libuerit
1382 784 1587 831 undequa-

270 862 358 897 que.
384 846 431 883 Et
455 847 572 883 istam
598 844 842 882 sentenciam
868 844 1156 881 infundabilem
1183 842 1333 879 diaboli
1358 841 1587 890 quicunque

270 905 526 954 temptaverit
577 904 816 952 impugnare
868 903 917 939 sit
978 901 1189 945 hereticus,
1242 900 1493 937 scismaticus
1552 907 1588 935 et

269 965 525 1012 blasphemus
565 972 603 999 et
642 970 932 1011 consequenter
972 973 1093 1009 quam
1139 959 1217 996 cito
1264 957 1411 1006 poterit
1459 966 1588 994 morte

270 1021 502 1070 turpissima
536 1022 867 1068 condempnatus.

327 1083 375 1116 Et
420 1088 614 1128 quantum
660 1081 710 1115 ad
762 1077 969 1127 propriam
1015 1075 1110 1113 cleri
1155 1074 1424 1122 diligenciam,
1479 1081 1588 1121 patet
1616 1066 1864 1128 Χξζξῑιξξξξὲῒξῇᾃ

270 1140 376 1187 quod
430 1138 636 1174 involvunt
689 1137 865 1184 lapidem
918 1135 957 1171 in
1009 1134 1252 1171 vacuitatem
1302 1131 1475 1180 sepulcri
1520 1124 1877 1171 sedtruihiiispiteoi

268 1198 489 1233 secundum
535 1195 858 1232 conformitatem
904 1192 1101 1241 scripture
1144 1190 1416 1239 irregulariter
1460 1189 1588 1237 impo-
1650 1171 1699 1198 ΗΝ
1720 1171 1831 1207 &mig-‘⁸

270 1255 398 1291 litum.
439 1254 688 1290 Munimenta
726 1262 860 1289 tamen
899 1264 969 1288 sua
1009 1264 1097 1287 cum
1133 1250 1299 1298 plumbo
1333 1248 1490 1296 signant
1529 1247 1589 1283 vel

271 1326 359 1350 cum
401 1312 487 1349 aliis
527 1311 846 1349 circumstanciis
885 1309 1130 1346 cercioribus
1169 1315 1365 1356 quantum
1407 1314 1586 1354 possunt.

270 1371 416 1408 Milites
461 1379 594 1408 autem
641 1371 870 1406 conducunt
921 1376 963 1404 ut
1013 1366 1249 1416 perhibeant
1294 1365 1437 1401 falsum
1481 1363 1588 1400 testi-

272 1429 452 1466 monium
493 1437 634 1465 contra
668 1427 885 1473 Christum,
925 1427 993 1462 sed
1027 1423 1242 1461 illuminati
1276 1435 1346 1472 per
1378 1422 1509 1470 ipsum
1550 1421 1589 1457 in

270 1487 350 1524 suis
415 1486 558 1523 animis
618 1494 889 1534 resurgentem
961 1491 1232 1532 prorumpunt
1302 1481 1343 1517 in
1411 1480 1589 1517 veritatis

270 1545 559 1582 testimonium.
599 1547 647 1580 Et
684 1543 851 1592 palliare
890 1543 966 1579 ista
1011 1549 1240 1578 commenta
1273 1547 1439 1588 propter
1478 1538 1589 1575 forti-

270 1603 448 1640 tudinem
493 1602 731 1639 invincibilis
775 1600 953 1638 veritatis
998 1609 1055 1636 est
1093 1599 1166 1636 toti
1206 1596 1395 1635 exercitui
1440 1596 1589 1633 diaboli

271 1675 360 1698 cum
401 1661 480 1697 suis
520 1661 712 1697 ministris
750 1659 870 1696 nimis
909 1659 1083 1702 difficile,
1128 1670 1218 1694 cum
1259 1654 1452 1692 exercitus
1498 1668 1589 1703 gen-

270 1720 399 1756 tilium
440 1719 698 1755 dominorum
739 1731 783 1754 ex
820 1717 1011 1754 instinctu
1050 1716 1208 1752 interno
1253 1713 1349 1763 ipsis
1395 1714 1590 1761 quodam-

272 1779 394 1815 modo
428 1777 665 1814 naturaliter
698 1775 950 1813 contradicit.

329 1838 376 1871 Et
408 1844 602 1884 quantum
636 1836 685 1872 ad
724 1843 803 1871 tres
836 1833 1036 1882 predictas
1077 1831 1242 1868 ficticias
1275 1838 1384 1878 patet
1417 1842 1460 1865 ex
1498 1841 1591 1876 sepe
1607 1857 1628 1883 1.
1650 1823 1878 1883 1⁴}125ff12fssftffihad

271 1893 387 1930 dictis
409 1893 575 1939 solucio,
597 1906 691 1930 narn
718 1892 849 1941 prima
871 1891 1146 1939 multipliciter
1163 1888 1266 1937 sapit
1284 1886 1591 1935 blasphemiam,
1660 1896 1760 1930 meant
1781 1891 1828 1918 his

272 1952 423 1989 scilicet
462 1953 570 2000 quod
608 1950 817 1988 ordinacio
851 1949 999 1986 Christi
1038 1958 1075 1985 et
1113 1949 1173 1984 lex
1211 1959 1332 1996 quam
1366 1946 1449 1994 ipse
1483 1945 1591 1981 dedit
1606 1926 1881 1996 ‘'fflffl,¹,¹‚¹fff,]¹sl'lf⁹

273 2010 438 2047 ecclesie
478 2012 592 2046 duret
631 2010 760 2046 solum
801 2021 870 2057 per
910 2007 1108 2053 horulam,
1148 2007 1216 2042 sed
1259 2005 1319 2041 lex
1356 2003 1591 2040 Antichristi
1608 1996 1707 2023 would
1722 1993 1800 2057 23³.st
1816 1995 1880 2023 said

273 2069 346 2105 sibi
386 2068 587 2105 contraria
626 2069 741 2104 duret
791 2065 1087 2114 infringibiliter
1136 2062 1303 2109 infinite,
1356 2075 1446 2098 cum
1495 2061 1591 2098 fides

273 2127 464 2175 evangelii
498 2126 604 2163 dicat
646 2126 753 2175 quod
793 2125 913 2161 verba
951 2137 1031 2160 non
1068 2121 1295 2159 transirent.
1336 2119 1592 2168 Blasphemia

273 2185 398 2222 eciam
434 2185 535 2221 foret
569 2186 677 2233 quod
710 2183 890 2220 Christus
929 2183 978 2219 ad
1011 2191 1093 2218 tam
1127 2182 1244 2217 breve
1283 2188 1440 2227 tempus
1475 2180 1592 2214 dura-

272 2244 429 2280 cionem
462 2256 530 2279 sue
564 2241 836 2279 ordinacionis
869 2241 1092 2277 intenderet
1126 2247 1162 2275 et
1194 2251 1266 2274 nec
1300 2236 1482 2285 explicite
1520 2249 1592 2272 nec

273 2301 466 2350 implicite
505 2302 579 2337 hoc
619 2302 794 2337 doceret.
831 2301 945 2335 Tunc
985 2298 1090 2334 enim
1124 2297 1184 2334 vel
1222 2297 1323 2332 foret
1359 2294 1592 2343 ignorancia

272 2361 333 2396 vel
366 2359 589 2396 intricantis
623 2357 890 2407 perplexionis
924 2356 1112 2405 iniquitas
1145 2356 1251 2403 apud
1285 2367 1389 2390 eum.

332 2421 442 2463 Item,
488 2417 519 2453 si
564 2416 772 2454 ordinacio
813 2415 959 2452 Christi
1007 2414 1046 2450 in
1092 2413 1234 2450 maiori
1279 2411 1592 2459 indisposicione

275 2477 419 2512 durare
455 2476 598 2512 debeat
635 2476 685 2512 ad
724 2473 1041 2511 stabilimentum
1082 2471 1259 2515 ecclesie,
1301 2471 1428 2506 multo
1468 2468 1593 2516 magis

275 2535 325 2570 ad
364 2533 719 2570 confirmacionem
759 2531 935 2568 eiusdem
976 2529 1250 2574 stabilimenti,
1292 2541 1382 2565 cum
1422 2529 1472 2564 ad
1518 2528 1593 2562 hoc

276 2593 391 2640 plene
423 2591 608 2628 sufficiat.
641 2590 904 2628 Tradiciones
937 2589 1100 2638 quidem
1133 2586 1369 2624 Antichristi
1403 2586 1593 2634 superad-

347 2712 366 2730 1.
388 2704 432 2730 A:
455 2702 498 2730 sic
518 2702 547 2729 in
568 2702 751 2729 iuramento.
808 2708 833 2728 2.
857 2699 896 2727 C:
919 2699 1068 2735 sacrilegi.
1143 2698 1167 2731 5,
1190 2698 1218 2725 ὁ.
1240 2699 1284 2725 A:
1328 2696 1452 2724 uoniam
1474 2699 1593 2722 contra-

276 2738 401 2765 venerit.
463 2737 491 2766 8.
513 2745 541 2773 9.
564 2736 630 2763 BC:
652 2736 860 2770 undiquaque.
923 2743 952 2770 9.
974 2734 1040 2762 BC:
1062 2734 1166 2761 funem
1188 2732 1315 2760 infunda
1341 2732 1422 2758 ilem.
1486 2738 1527 2763 14.
1550 2730 1592 2756 A:

276 2773 436 2800 vacuitate.
493 2780 540 2831 252.
558 2771 623 2798 BC:
646 2771 766 2798 interno
788 2770 938 2805 temporis
959 2768 1203 2804 quodammodo.
1262 2767 1308 2794 26.
1324 2768 1351 2793 A
1368 2767 1396 2792 iii
1420 2773 1532 2802 fflffl'gn‘
1549 2765 1592 2802 fx.

277 2808 298 2834 B
320 2808 349 2834 iu
371 2816 484 2842 marg:
516 2811 622 2833 Aontm
644 2806 712 2832 illos
734 2804 784 2840 qui
806 2805 911 2831 dicunt
931 2803 1163 2830 ordinacionem
1181 2802 1295 2829 Christi
1317 2806 1343 2827 et
1366 2809 1417 2826 sue
1440 2799 1594 2834 primitue

276 2842 401 2869 ecclesie
421 2842 527 2869 cedere
549 2840 691 2867 debuisse
711 2839 889 2866 ordiuancie
910 2839 1034 2865 ecclesie
1058 2838 1214 2864 moderne.
1270 2844 1313 2870 27.
1336 2838 1363 2862 A
1385 2835 1412 2861 iu
1437 2842 1549 2868 marga
1574 2841 1592 2859 1.

276 2885 323 2912 29.
346 2876 411 2904 BC:
435 2876 533 2903 durat.
591 2874 629 2902 ¹31.
651 2876 696 2901 A:
719 2882 779 2900 uon
802 2873 896 2907 deest;
936 2873 1000 2900 ssC:
1024 2872 1181 2899 transient.
1239 2871 1281 2898 1³2.
1303 2871 1346 2897 A:
1369 2869 1463 2896 eciam
1485 2868 1592 2895 eciam.

276 2911 322 2938 30.
344 2913 372 2938 A
392 2911 422 2938 in
445 2919 559 2945 marg:
581 2918 613 2944 2;
635 2908 701 2936 BC:
722 2909 849 2936 Iterum.
923 2907 970 2943 39.
993 2907 1032 2935 C:
1055 2907 1179 2942 quidem
1201 2906 1294 2933 deest.
