2017 3353
143 295 218 327 144
723 289 948 322 JOHANNIS
975 289 1158 322 WYCLIF
1185 288 1440 322 SERMONUM
1489 275 1640 333 [SERMO
1662 285 1741 314 XXI.

152 391 346 453 hung-The,
480 395 622 432 Tereia
667 405 790 432 causa*
831 407 954 444 quare
999 394 1179 431 Christus
1223 395 1352 432 noluit
1396 407 1418 431 a
1462 395 1614 443 populo
1658 403 1740 431 tam

205 434 223 462 g
247 435 298 453 ΟΠ]
320 434 383 452 ΧΧΒΞ

164 461 327 501 unworthy
348 461 382 487 01*
424 454 534 490 edaci
570 466 735 501 regnum
770 453 952 501 accipere
985 453 1070 498 fuit,
1105 453 1198 501 quia
1236 466 1309 489 nec
1348 465 1513 500 regnum
1553 454 1631 489 tale
1670 453 1741 488 fuit

212 496 326 523 “¹¹¹³st
423 511 496 547 sibi
531 511 723 556 debitum,
758 512 825 547 sed
860 523 1025 558 regnum
1066 511 1285 559 perfeccius
1325 510 1539 546 infinitum.
1581 513 1660 546 Nec
1702 510 1741 546 in

424 571 499 605 hoc
545 570 717 606 dedisset
757 570 981 616 exemplum
1024 569 1213 605 membris
1252 569 1332 604 suis
1376 570 1426 605 ad
1470 568 1740 616 periculosum

422 636 569 664 statum
603 627 725 663 seculi
759 626 1004 674 fugiendum,
1040 635 1076 663 et
1110 639 1200 663 cum
1234 626 1360 662 nostri
1394 626 1531 662 dicunt
1565 626 1603 662 in
1637 626 1742 662 facto
1784 630 1800 662 5

422 694 549 722 totam
585 685 701 721 istam
726 684 874 720 Christi
897 684 1143 721 sentenciam
1169 697 1252 721 esse
1275 685 1451 729 stultam,
1492 692 1600 732 patet
1635 685 1742 732 quod

423 743 636 791 imponunt
670 742 743 779 sibi
767 742 1081 790 blasphemiam3
1116 744 1224 791 quod
1249 751 1304 778 est
1328 754 1485 778 summa
1508 741 1743 778 Antichristi

425 801 646 837 demencia.
694 802 741 836 Et
785 809 895 848 patet
940 813 1060 849 quam
1106 800 1264 848 spissim
1303 809 1393 836 sunt
1427 799 1743 848 prevaricatores

423 859 551 895 tocius
586 858 766 906 decalogi
806 867 843 894 et
881 858 1111 906 specialiter
1149 858 1247 894 noni
1287 858 1486 902 mandati3
1534 859 1641 906 quod
1685 870 1742 894 se-

425 918 600 953 cuudum
640 915 851 964 Augustini
891 916 1136 952 sentenciam
1178 925 1234 952 est
1279 928 1503 964 preponere
1555 915 1802 963 concupi-10

426 975 624 1011 scenciam
642 975 692 1011 ad
708 975 989 1010 mechandum.
1014 977 1115 1010 Nam
1127 974 1251 1010 Exodi
1273 975 1375 1019 XXO,
1409 986 1452 1021 17
1477 973 1532 1009 sic
1557 974 1743 1010 habetur:

428 1033 513 1068 Non
537 1033 780 1082 concupisces
803 1033 957 1068 domum
976 1032 1155 1081 proximi
1168 1032 1223 1068 tui
1236 1044 1302 1068 nec
1322 1032 1558 1068 desiderabis
1580 1043 1742 1067 uxorem

427 1091 527 1135 eius,·
572 1090 637 1126 ubi
682 1091 902 1127 secundum
948 1090 1193 1126 sentenciam
1247 1089 1456 1137 Augustini
1509 1089 1745 1137 prohibetur

428 1148 704 1185 universaliter
736 1148 895 1184 volucio
924 1150 973 1184 ad
1003 1149 1285 1184 mechandum.
1320 1150 1420 1184 Nam
1455 1147 1522 1195 qui
1554 1147 1743 1183 fornicari

428 1206 597 1243 voluerit
656 1219 745 1242 cum
805 1206 951 1242 ancilla
1004 1205 1173 1254 proximi
1225 1207 1285 1242 vel
1338 1217 1578 1253 quocunque
1637 1206 1800 1253 quod15

430 1264 606 1313 possidet
664 1273 707 1300 ut
765 1263 820 1300 sic
876 1263 1167 1312 transgreditur
1220 1265 1294 1299 hoc
1348 1265 1596 1299 mandatum.
1643 1265 1742 1298 Nam

429 1323 536 1358 iuxta
568 1323 827 1370 Apostolum:
863 1322 997 1358 Radix
1029 1322 1195 1357 omnium
1230 1322 1421 1357 malorum
1455 1329 1509 1357 est
1542 1321 1742 1369 cupiditas.

138 1376 411 1440 iffssffsssnssi‘ffi'fflgfi
430 1382 522 1417 Ideo
567 1389 622 1416 est
667 1392 737 1428 per
786 1392 826 1416 se
870 1388 1010 1415 notum
1057 1379 1239 1416 fidelibus
1292 1380 1398 1427 quod
1451 1378 1564 1426 origo
1616 1377 1744 1414 tocius

240 1447 308 1473 will.
430 1438 612 1487 nequicie
651 1447 708 1474 est
746 1437 785 1473 in
825 1446 969 1483 mente,
1007 1450 1081 1474 nec
1119 1437 1212 1474 facit
1251 1450 1350 1485 opus
1391 1436 1653 1473 extrinsecum
1695 1437 1743 1472 ad

430 1508 645 1544 gravamen
698 1495 890 1542 criminis,
943 1495 1018 1531 nisi
1072 1496 1118 1531 de
1172 1504 1322 1543 quanto
1375 1494 1526 1531 auxerit
1584 1495 1743 1542 culpam
1763 1508 1803 1529 20

433 1554 589 1590 mentis.
636 1555 728 1590 Ideo
774 1553 869 1589 dicit
914 1553 1094 1589 Christus
1139 1552 1305 1589 Matthei
1347 1553 1398 1588 V:
1443 1552 1615 1587 Audistis
1659 1552 1744 1600 quia

432 1613 573 1648 dictum
618 1619 673 1648 est
716 1612 900 1660 antiquis:
942 1612 1028 1647 Non
1074 1611 1322 1647 mechaberis.
1368 1611 1458 1660 Ego
1501 1617 1626 1646 autem
1661 1610 1744 1645 dico

432 1671 536 1705 vobis
579 1670 755 1718 quoniam
800 1669 921 1705 omnis
965 1669 1030 1718 qui
1066 1669 1203 1704 viderit
1242 1668 1440 1704 mulierem
1479 1669 1531 1703 ad
1568 1667 1743 1716 concupi-

431 1729 610 1764 scendum
655 1740 738 1763 eam
782 1727 857 1762 iam
897 1727 1093 1763 mechatus
1130 1734 1184 1762 est
1223 1739 1304 1762 eam
1343 1726 1379 1761 in
1419 1726 1536 1762 corde
1572 1738 1652 1761 suo.
1697 1726 1745 1760 Et

433 1787 504 1822 hec
538 1794 595 1822 est
626 1785 735 1822 racio
767 1787 986 1821 secundum
1020 1784 1285 1832 Augustinum
1319 1796 1442 1832 quare
1474 1792 1633 1831 oportet
1666 1784 1745 1819 duo
1762 1786 1801 1819 25

434 1845 623 1880 mandata
657 1844 704 1879 de
736 1855 817 1879 non
850 1842 1173 1892 concupiscendo
1204 1855 1293 1878 cum
1319 1841 1468 1878 mechis
1499 1842 1560 1877 vel
1593 1840 1745 1876 furibus

433 1914 582 1949 ponere
615 1914 706 1937 cum
739 1909 831 1937 octo
864 1900 951 1937 aliis
986 1900 1185 1936 mandatis
1219 1899 1258 1936 in
1291 1899 1745 1946 numero.1ncompleta

433 1959 595 2008 quidem
640 1959 741 1996 foret
785 1958 881 2006 legis
926 1958 1042 1995 dacio
1086 1957 1161 1994 nisi
1199 1966 1429 2005 tangeretur
1467 1956 1613 1993 radicis
1657 1968 1744 2004 pre-

432 2017 695 2054 varicacionis
729 2016 966 2053 destruccio.

491 2077 538 2111 Et
583 2084 691 2123 patet
736 2076 942 2123 quomodo
987 2082 1043 2110 est
1088 2073 1230 2122 triplex
1278 2073 1368 2109 talis
1413 2071 1746 2121 concupiscencia
1763 2076 1804 2108 30

435 2133 666 2177 criminalis,
699 2133 830 2181 prima
854 2145 932 2181 qua
954 2133 1137 2168 voluntas
1161 2132 1277 2179 plene
1300 2130 1497 2167 consentit
1520 2131 1569 2166 ad
1593 2130 1746 2166 facinus

434 2191 524 2227 licet
562 2203 643 2226 non
688 2203 808 2238 opere
852 2198 1080 2238 exequatur,
1124 2190 1299 2226 secunda
1341 2201 1419 2236 qua
1462 2187 1746 2235 concupiscen—

435 2248 537 2285 ciam
582 2249 702 2285 talem
749 2249 923 2296 complet
973 2248 1012 2284 in
1062 2259 1197 2295 opere,
1248 2255 1285 2283 et
1329 2245 1452 2282 tercia
1497 2258 1575 2294 qua
1625 2246 1744 2282 talem

434 2319 646 2354 operosam
681 2305 1056 2354 concupiscenciam
1090 2305 1297 2341 continuat
1321 2304 1360 2339 in
1384 2303 1543 2340 assidua
1577 2303 1746 2339 delecta-

436 2364 562 2400 cione.
603 2365 650 2399 Et
688 2373 797 2411 patet
836 2377 925 2400 cum
959 2376 1078 2400 omne
1111 2371 1321 2411 peccatum
1361 2361 1464 2410 sapit
1497 2361 1745 2409 spiritualem
1764 2364 1804 2398 35

437 2421 648 2467 mechiam,
693 2434 765 2458 nec
811 2423 1018 2458 mechatur
1061 2420 1149 2470 quis
1198 2420 1273 2456 nisi
1317 2416 1500 2472 habeat}
1536 2411 1845 2471 ιῃεςὴωῑάἰΡΡῙ;

437 2479 824 2527 concupiscenciam.
859 2480 965 2528 quod
999 2478 1227 2528 quicunque
1250 2477 1459 2514 offenderit
1482 2477 1521 2512 in
1546 2477 1613 2512 illo
1638 2489 1748 2512 man-
1769 2467 1828 2499 ¹³7

193 912 248 939 His
270 912 354 939 nintli

139 947 401 974 commaudment.

509 2622 527 2641 1.
552 2613 590 2642 C:
613 2619 672 2641 tam
695 2614 787 2641 deest.
827 2622 855 2649 ς).
878 2615 922 2641 A:
944 2622 1058 2641 nonum
1082 2613 1277 2645 mundatum;
1299 2616 1325 2638 et
1346 2611 1375 2638 iu
1398 2618 1493 2645 marg.
1543 2618 1583 2637 10.
1599 2611 1642 2637 A:
1665 2614 1748 2644 post-

440 2657 562 2685 ponere.
638 2657 676 2676 12.
693 2649 714 2675 Β
730 2649 759 2676 iu
775 2656 890 2682 marg:
913 2649 1013 2683 Super
1029 2648 1207 2675 mandatum
1230 2654 1362 2674 nonum:
1389 2644 1457 2673 Non
1477 2645 1671 2683 coucupisces
1692 2649 1746 2671 etc.

438 2683 481 2711 23.
503 2685 546 2711 A:
568 2684 655 2710 vobis
677 2684 770 2710 deest.
820 2684 863 2711 25.
884 2684 928 2710 A:
951 2684 1004 2710 hec
1025 2683 1125 2711 deest:
1164 2683 1191 2708 Α
1212 2681 1241 2708 in
1263 2689 1375 2715 marg:
1398 2681 1601 2715 Augustinus.
1657 2678 1702 2706 30.
1726 2678 1746 2705 B

439 2719 467 2745 iu
491 2727 603 2753 marg:
627 2717 889 2753 Concupiscencia
910 2718 1014 2744 illicita
1035 2722 1063 2744 et
1083 2716 1252 2744 criminalis
1273 2720 1317 2742 est
1336 2714 1458 2749 triplex.
1526 2714 1568 2741 32.
1590 2715 1634 2740 A:
1655 2721 1747 2748 opere

439 2754 538 2781 deest:
614 2753 746 2780 secunda
767 2761 968 2787 consequens.

515 2871 552 2893 10
573 2867 605 2892 et
626 2860 678 2892 25.
706 2859 757 2891 Cf.
776 2859 973 2901 Augustini,
1002 2858 1234 2896 Quaestiones
1261 2856 1293 2888 in
1321 2856 1491 2894 Exodum,
1519 2853 1578 2886 lib.
1597 2854 1634 2885 11.
1655 2853 1746 2895 opp.

440 2914 523 2939 tom.
551 2906 606 2945 ΙΙΙ,
631 2917 662 2949 p.
696 2917 721 2937 1.
747 2916 823 2948 pag.
850 2915 929 2946 444.
1008 2916 1060 2946 ¹7³
1089 2904 1099 2936 Ι
1126 2904 1218 2934 Tim.
1246 2903 1302 2942 VI,
1334 2913 1380 2934 ιο.
