2017 3353
177 270 224 308 ¹4

179 1303 255 1331 Will
270 1304 321 1331 the
336 1302 452 1330 heaven

181 1339 299 1366 remain
313 1338 390 1365 after
403 1337 454 1364 the

197 1374 279 1401 third
302 1371 435 1400 advent?

199 1583 224 1611 lt
244 1589 345 1610 seems
366 1584 430 1609 not.

228 2337 346 2372 Angels
361 2340 414 2363 not

188 2372 305 2400 needed
326 2376 357 2399 to
383 2371 458 2406 keep

201 2408 253 2435 the
274 2407 390 2434 worlds
412 2406 443 2433 in

229 2446 415 2471 movement.

755 253 979 287 JOHANNJS
997 252 1181 285 WYCLIF
1208 251 1466 284 SERMoNUM
1561 239 1717 293 [semo
1732 245 1770 273 11.

458 373 673 397 commune
713 359 905 396 creaturis
944 359 1166 396 secundum
1207 367 1411 394 auctorem
1451 359 1499 394 de
1539 356 1669 394 causis
1714 364 1772 392 est

458 419 634 466 primum
665 418 848 454 omnium
873 426 1163 462 creaturarum,
1205 424 1242 452 et
1264 416 1320 452 sic
1344 416 1449 452 idem
1477 427 1622 463 corpus
1650 415 1771 450 habet

459 477 682 513 faccionem
718 475 983 523 multiplicem
1018 474 1058 511 in
1081 486 1152 511 sua
1184 482 1327 510 natura
1349 474 1411 510 vel
1444 473 1484 509 in
1517 473 1596 510 suis
1621 472 1767 508 causis.

460 536 549 571 Non
597 543 732 571 tamen
783 542 943 581 oportet
981 533 1089 581 quod
1144 531 1437 579 interpolentur
1491 530 1770 578 temporaliter

461 592 694 629 huiusmodi
728 591 940 638 facciones,
980 599 1023 627 ut
1063 589 1187 637 aliqui
1221 589 1455 636 sompniant
1488 589 1596 636 quod
1635 588 1768 636 primo
1789 599 1805 631 5

463 650 525 686 die
570 650 764 698 temporis
810 651 909 686 hora
954 661 1032 696 qua
1075 647 1261 684 nesciunt
1306 656 1485 683 creatum
1534 655 1594 684 est
1641 658 1765 682 unum

464 720 609 756 corpus
642 708 823 744 lucidum
858 706 930 743 soli
964 705 1106 744 simile.
1140 707 1189 741 Et
1221 713 1366 752 quarto
1400 705 1463 740 die
1496 703 1691 751 temporis
1724 715 1769 739 ac

463 766 496 803 si
540 765 651 814 prius
697 766 799 802 foret
842 766 992 802 factum
1039 762 1263 811 improvide
1300 761 1542 798 dissolutum
1577 770 1635 798 est
1673 761 1771 797 illud

465 836 611 872 corpus
636 832 674 860 et
705 835 831 860 novus
865 822 923 859 sol
948 823 996 858 de
1029 821 1097 857 illa
1130 819 1301 856 materia
1322 819 1382 856 vel
1406 820 1484 856 alia
1508 828 1565 856 est
1599 828 1769 856 creatus.

466 883 544 919 Sed
577 882 671 930 quia
693 882 769 918 hoc
804 889 933 917 totum
967 878 1199 926 sompnium
1233 886 1342 914 caret
1375 877 1615 914 auctoritate
1648 877 1773 924 scrip·
1793 899 1832 921 10

466 948 554 976 ture
571 940 631 976 vel
655 938 861 976 evidencia
885 935 1072 982 racionis,
1098 937 1237 973 eadem
1262 935 1452 972 facilitate
1476 934 1775 983 contempnitur

468 1010 547 1046 qua
579 997 714 1034 taliter
743 996 1015 1044 sompniatur.
1056 995 1264 1042 Scriptura
1298 993 1404 1029 enim
1439 993 1618 1041 loquitur
1640 994 1688 1029 de
1713 992 1776 1029 die

469 1068 545 1104 que
580 1064 638 1092 est
670 1067 827 1105 vespere
859 1062 893 1090 et
926 1065 1049 1099 mane,
1085 1061 1123 1088 et
1155 1065 1235 1088 non
1269 1052 1317 1087 de
1341 1052 1403 1087 die
1427 1064 1503 1099 que
1526 1060 1584 1088 est
1616 1060 1774 1098 tempus

470 1126 549 1161 quo
583 1114 641 1150 sol
665 1114 804 1149 orbem
829 1121 931 1148 terre
964 1110 1215 1148 circulariter
1247 1109 1526 1158 circumgirat3
1570 1109 1669 1146 nihil
1703 1109 1775 1145 ita-

470 1184 546 1219 que
581 1171 780 1207 infidelius
814 1182 935 1218 quam
969 1170 1078 1217 quod
1112 1167 1365 1205 creacionem
1408 1167 1549 1204 mundi
1583 1166 1834 1215 precessit15

470 1238 651 1266 eternum
694 1241 867 1266 vacuum
911 1227 1077 1264 omnino
1118 1226 1326 1262 immobile
1369 1225 1409 1261 in
1453 1238 1533 1273 quo
1577 1225 1776 1261 immenso

471 1296 632 1335 oportet
664 1289 793 1323 Deum
840 1299 938 1322 esse.
985 1286 1063 1322 Sed
1106 1284 1284 1321 secundo
1330 1284 1537 1320 dubitatur
1568 1292 1703 1320 utrum
1737 1283 1777 1318 in

471 1345 596 1382 tercio
621 1346 795 1382 adventu
819 1344 973 1381 domini
996 1343 1126 1380 celum
1151 1342 1284 1389 stabit,
1311 1350 1349 1378 et
1370 1342 1530 1378 videtur
1552 1341 1777 1378 errantibus

471 1405 579 1451 quod
613 1405 729 1440 orbes
769 1411 860 1451 post
892 1401 1000 1439 diem
1041 1400 1179 1438 iudicii
1219 1400 1488 1436 movebuntur
1526 1398 1776 1448 regulariter,

471 1462 574 1498 sicut
597 1461 729 1509 primo
753 1462 1056 1507 causabuntque
1079 1458 1351 1506 occupacione
1374 1457 1556 1506 angelica
1579 1457 1629 1494 ad
1652 1456 1776 1494 beati·
1796 1478 1837 1500 20

472 1519 651 1556 tudinem
700 1519 847 1556 civium
895 1530 1163 1566 supernorum
1211 1515 1490 1552 dulcissimum
1536 1524 1691 1552 motum
1741 1523 1778 1551 et

472 1590 615 1614 sonum
641 1578 908 1616 armonicum.
944 1575 1147 1612 Fidelibus
1174 1583 1309 1611 autem
1329 1574 1485 1610 videtur
1503 1574 1612 1622 quod
1636 1585 1776 1610 sensus

471 1637 681 1672 beatorum
715 1648 796 1672 non
829 1643 1045 1683 pascentur
1067 1633 1213 1670 talibus
1237 1632 1358 1679 sonis,
1396 1632 1500 1668 sicut
1521 1644 1593 1668 nec
1627 1640 1779 1680 gustus,

472 1695 665 1730 odoratus
708 1693 769 1730 vel
817 1701 946 1730 tactus
992 1705 1131 1729 eorum
1184 1690 1383 1727 materiali
1437 1689 1615 1727 sensibili
1665 1698 1781 1726 erunt

472 1752 589 1799 pasti.
619 1750 624 1803 Ι
653 1753 731 1788 Sed
763 1751 866 1788 sicut
898 1759 1031 1787 motus
1054 1750 1127 1787 celi
1161 1758 1199 1785 et
1230 1761 1370 1785 omnes
1405 1748 1472 1785 alii
1505 1756 1597 1784 sunt
1613 1756 1780 1795 propter
1830 1735 1904 1796 F0¹g

474 1809 649 1857 quietem
685 1819 722 1846 et
756 1809 974 1846 terminum
999 1821 1072 1845 suo
1105 1808 1259 1855 integro
1295 1806 1606 1854 adquirendum,
1640 1804 1778 1842 habito
1826 1781 1885 1822 ¹43

480 1880 650 1904 numero
689 1867 902 1915 spirituum
943 1866 1167 1911 hominum,
1213 1864 1449 1902 animalium
1495 1873 1533 1901 et
1564 1875 1780 1911 corporum

480 1925 727 1973 generalium
752 1925 1016 1974 singulorum,
1051 1923 1300 1972 superfluum
1334 1923 1438 1959 foret
1459 1924 1576 1959 orbes
1601 1923 1780 1958 celorum

478 1985 527 2020 ad
561 1983 855 2031 perfeccionem
890 1983 1030 2019 mundi
1063 1981 1236 2029 amplius
1269 1979 1530 2017 circumduci.
1570 1980 1647 2016 Sed
1680 1979 1782 2015 sicut

478 2042 643 2089 angelus
666 2041 794 2078 Tobie
817 2041 878 2077 vel
901 2041 1003 2078 alius
1027 2040 1193 2087 angelus
1217 2051 1297 2075 non
1321 2037 1562 2074 diminuitur
1585 2037 1624 2073 in
1656 2035 1781 2073 beati-
1799 2049 1839 2081 30

478 2099 615 2136 tudine
647 2099 707 2135 vel
742 2099 1013 2135 delectacione
1044 2110 1088 2134 ex
1120 2098 1196 2133 hoc
1220 2097 1330 2144 quod
1364 2109 1385 2132 a
1419 2095 1641 2132 ministerio
1674 2093 1780 2130 limi-

478 2165 561 2193 tato
595 2156 670 2193 sibi
703 2158 753 2193 ad
786 2167 944 2204 tempus
977 2155 1249 2203 suspenditur,
1284 2154 1341 2190 sic
1375 2153 1519 2202 angeli,
1555 2154 1649 2189 dato
1674 2153 1781 2199 quod

477 2223 665 2251 moveant
696 2214 827 2251 celum
873 2215 995 2250 modo
1030 2226 1110 2261 quo
1143 2212 1317 2260 fingitur,
1368 2224 1448 2248 non
1481 2211 1620 2248 exhinc
1665 2210 1782 2246 dimi-

476 2281 657 2309 nuuntur
701 2272 741 2308 in
787 2272 1034 2308 beatitudine
1079 2271 1149 2307 sed
1196 2270 1336 2317 pocius
1381 2269 1554 2306 finaliter
1585 2268 1625 2304 in
1657 2267 1782 2304 beati-

476 2330 615 2367 tudine
659 2338 964 2367 consumantur.
1017 2331 1106 2365 Non
1152 2337 1286 2365 tamen
1318 2327 1433 2364 video
1473 2327 1584 2375 quod
1625 2334 1784 2373 oportet
1801 2339 1839 2372 35

482 2388 645 2437 angelos
692 2400 852 2424 movere
897 2389 1013 2424 orbes
1047 2387 1212 2423 celestes
1246 2384 1304 2437 (ut
1337 2385 1491 2434 fingunt
1523 2383 1782 2432 philosophi),

476 2446 570 2494 quia
610 2458 701 2483 cum
741 2458 822 2482 non
861 2458 945 2482 sese
985 2445 1212 2493 impediunt
1245 2443 1477 2489 resistendo,
1524 2443 1563 2479 in
1608 2442 1783 2478 motibus

547 2566 567 2586 1.
589 2558 633 2584 A:
655 2557 885 2585 communione.
1030 2564 1050 2583 1.
1072 2555 1106 2582 B:
1131 2560 1272 2582 autorem
1295 2555 1332 2581 de
1359 2554 1460 2581 causis
1480 2559 1526 2581 est
1546 2553 1659 2589 primo.
1692 2553 1732 2579 B:
1754 2552 1784 2579 in

478 2600 594 2628 marg.:
617 2593 710 2620 Error
732 2592 982 2627 sompniancium
1003 2591 1237 2618 successionem
1259 2590 1288 2616 in
1310 2590 1460 2616 creaturis
1479 2590 1582 2616 rebus.
1697 2587 1722 2614 5.
1745 2587 1784 2613 ss:

480 2627 661 2655 huiusmodi
674 2626 840 2655 facciones.
916 2626 943 2654 8.
964 2628 1007 2653 A:
1029 2630 1058 2652 et
1071 2625 1156 2652 illud.
1231 2633 1260 2660 9.
1275 2624 1345 2652 AB:
1367 2632 1482 2659 corpus
1503 2631 1611 2651 novus.
1687 2630 1724 2648 10.
1746 2622 1784 2648 B:

479 2667 579 2690 totum
600 2662 670 2690 hoc.
743 2670 784 2689 io.
807 2662 849 2688 B:
869 2661 1041 2688 autoritate.
1116 2659 1151 2688 15.
1174 2658 1244 2687 AC:
1267 2658 1430 2687 creacioni.
1504 2659 1546 2685 16.
1561 2657 1631 2685 AB:
1652 2664 1785 2683 vacuum

480 2698 575 2724 deest.
649 2697 690 2724 16.
712 2696 782 2724 AB:
804 2696 973 2729 immense;
993 2696 1038 2722 A:
1061 2694 1142 2722 idem
1165 2702 1242 2721 esse.
1316 2702 1356 2728 17.
1371 2695 1400 2720 A
1419 2694 1450 2720 in
1471 2701 1586 2728 marg:
1608 2692 1784 2720 Secundum

481 2732 628 2765 dubium;
661 2732 684 2759 B
712 2731 743 2759 in
772 2739 888 2766 marg:
923 2730 1052 2765 Questio
1074 2730 1227 2760 secunda:
1261 2728 1368 2764 opinio
1389 2736 1472 2755 vera.
1603 2735 1646 2754 22.
1668 2726 1709 2753 C:
1740 2733 1784 2752 ar-

481 2767 670 2795 moniacum.
795 2773 838 2793 22.
860 2768 906 2793 A:
939 2766 969 2792 in
991 2772 1107 2798 marg:
1141 2764 1292 2791 Secunda.
1402 2764 1444 2790 23.
1476 2763 1520 2789 A:
1542 2762 1654 2789 talibus
1677 2760 1784 2794 signis.

480 2801 528 2829 26.
548 2803 595 2830 A:
616 2802 661 2828 sic
679 2800 784 2828 habito
805 2800 982 2833 hominum;
1004 2799 1096 2826 codd.
1117 2799 1266 2825 hominis.
1390 2797 1437 2824 28.
1458 2797 1529 2824 AB:
1552 2795 1784 2830 generabilium.

479 2837 527 2864 30.
549 2836 615 2865 BC:
650 2844 713 2863 non
734 2836 829 2863 deest.
935 2835 979 2863 33.
1000 2833 1066 2862 BC:
1101 2834 1196 2861 modo
1223 2834 1333 2862 celum.
1450 2830 1493 2860 33.
1514 2831 1554 2859 C:
1589 2829 1784 2858 diminuitur.

481 2870 528 2904 34.
544 2873 588 2899 A:
610 2871 739 2899 finaliter
759 2871 852 2898 deest.
