2017 3353
187 290 268 334 416

181 399 332 433 Propheta
358 397 517 433 quomodo
543 396 670 432 quilibet
697 396 790 423 homo
819 400 919 431 potest
946 404 1013 422 esse

216 441 224 460 1
251 455 257 463 ,
278 440 325 460 20.

178 441 348 502 l’ro9phecia
366 470 468 503 potest
487 466 664 501 contingere
692 465 729 493 ad
760 465 928 501 quamlibet
956 464 1013 492 dis-

217 502 382 529 ferenciam
402 501 554 536 temporis
574 505 602 527 et
621 509 716 536 quare
736 501 795 528 hoc
817 507 858 535 19.
913 534 916 535 V

183 536 298 564 Contra
319 540 516 572 promotores
537 536 689 562 bullarum
711 535 867 570 papalium
889 533 955 568 384.

181 572 238 599 Pro
252 571 398 607 *inquitas
419 570 579 606 multiplex
599 570 772 608 ostenditur
792 577 859 604 299.

180 580 317 641 Quiiibet
336 606 491 641 obligatur
509 605 655 632 adiuvare
675 613 852 640 prommum
874 602 933 632 323.

179 641 258 676 Quis
279 641 440 676 proximus
460 644 505 667 est
525 640 589 667 celo
610 639 722 675 dignus
743 638 803 666 301.

181 675 396 710 Purgatorium
418 673 477 703 353.

572 748 619 787 Q.

185 814 226 841 De
247 814 436 850 quadratura
458 814 562 841 circuli
585 811 645 849 237.

571 910 621 942 R.

185 976 319 1011 Quando
341 976 523 1004 sensualitas
543 980 706 1012 exsuperat
727 975 880 1003 racionem
903 982 949 1011 97,

180 1011 323 1038 Racionis
336 1011 518 1045 subiectum,
531 1016 617 1038 actus
629 1016 657 1038 et
669 1010 792 1038 habitus
809 1010 880 1046 quid
901 1016 945 1037 est
963 1018 1010 1046 97.

183 1046 265 1080 Quid
287 1050 332 1073 est
353 1045 480 1073 reddere
501 1046 709 1084 quadruplum
731 1044 787 1072 381.

179 1081 248 1108 Non
270 1080 444 1115 obligantur
464 1080 681 1108 detraudantes
708 1080 834 1107 reddere
855 1079 1010 1116 quadrup-

214 1116 276 1142 lum
299 1114 350 1142 sed
373 1115 520 1151 simplum
542 1114 608 1143 380.

183 1149 320 1185 Regnum
339 1150 475 1177 celorum
497 1150 570 1186 quid
591 1155 636 1177 est
657 1158 694 1185 99
717 1158 801 1185 seqq.

182 1185 320 1220 Regnum
336 1185 471 1212 celorum
488 1185 570 1220 quod
586 1190 631 1212 est
647 1185 774 1212 ecelesia
795 1185 877 1220 capit
897 1192 1009 1211 nomen

215 1228 231 1246 a
251 1219 349 1255 capite
370 1219 451 1255 quod
473 1224 518 1246 est
539 1219 681 1247 Christus
702 1219 766 1253 342.

183 1254 296 1289 Regula
316 1255 376 1281 vite
396 1254 562 1281 christiane
582 1263 640 1290 que
661 1260 705 1282 est
725 1254 785 1282 358.
808 1253 868 1289 359.

183 1288 316 1324 Regulus
336 1290 366 1316 111
388 1289 542 1324 scriptura
563 1290 636 1324 quid
659 1290 758 1325 signat
778 1289 843 1323 348.

183 1323 299 1359 Religio
329 1324 447 1359 privata
476 1324 554 1357 (vide
585 1329 676 1359 secta,
713 1324 898 1356 fraternitas,
931 1323 1008 1351 ordo

218 1361 283 1392 etc.)
304 1359 378 1398 quid
400 1363 446 1385 est
466 1359 512 1386 62.

182 1393 325 1428 Religios1
357 1393 466 1429 privati
497 1394 667 1429 ligurantur
702 1402 755 1429 per
776 1394 953 1429 phariseuin
981 1393 1010 1420 iu

217 1429 374 1463 evangelio
397 1428 462 1455 288.

187 1463 229 1489 De
251 1463 433 1490 remissione
454 1464 567 1498 peccati
590 1462 749 1497 340—342.

186 1497 228 1524 De
250 1498 432 1524 remissione
453 1503 648 1533 peccatorum
670 1503 696 1525 et
718 1497 921 1533 indulgeuciis
949 1496 1010 1531 351.

185 1532 337 1559 Remissio
359 1532 412 1559 nei
435 1533 595 1568 multiplex
617 1532 690 1572 357..

182 1567 335 1594 Remissio
352 1571 547 1603 peccatorum
562 1568 666 1595 vicarii
681 1568 795 1595 Christi
813 1568 848 1595 ad
863 1571 1010 1603 quantum

219 1611 249 1629 se
270 1602 405 1629 extendit
424 1601 485 1634 358,
507 1601 568 1637 359.

183 1636 233 1698 De³
255 1637 424 1699 tSem3eritate
451 1637 622 1665 dicencium
652 1646 682 1665 se
709 1642 832 1673 peccata
861 1637 1013 1664 remittere

236 1680 253 1698 ο
279 1693 285 1703 ,
325 1680 342 1698 0
368 1693 374 1699 .

182 1705 253 1733 Rete
273 1680 401 1741 Clu-ign,
423 1710 483 1734 rete
503 1706 617 1734 diaboli
639 1711 666 1734 et
687 1707 778 1734 seculi
801 1714 866 1740 247,
888 1706 953 1740 248.

183 1741 652 1804 ΒελζζξεωῐέἀωξζΑυςυ5111111111
674 1746 718 1769 est
740 1742 872 1769 vicarius
893 1741 1014 1768 deitatis

220 1783 281 1811 2„‚
304 1784 340 1810 24
390 1783 404 1802 2
423 1798 447 1803 ..

182 1811 340 1839 Romanus
361 1798 498 1846 pontifex
520 1810 580 1845 341.

575 1895 609 1928 S

186 1963 229 1991 De
251 1963 379 1991 sabbato
402 1963 456 1991 161.

183 1998 310 2026 Sabbati
330 1998 532 2025 observancia
553 1998 615 2026 106.

183 2033 352 2062 Sabbatum
374 2032 554 2068 quintuplex
575 2033 630 2061 161.

183 2067 352 2096 Sabbatum
373 2067 425 2103 qui
445 2067 561 2094 violant
581 2075 641 2101 107.

184 2102 268 2129 Licet
287 2102 317 2129 in
340 2102 467 2129 sabbato
488 2102 586 2129 facere
607 2110 700 2137 opera
722 2102 894 2137 spiritualia
916 2102 944 2129 in
968 2110 1013 2129 sa-

218 2138 309 2164 lutem
331 2137 432 2163 anime
452 2137 611 2164 tendencia
631 2136 779 2165 325-326,

186 2172 389 2200 Sabbatizans
409 2179 467 2207 que
487 2180 581 2206 opera
601 2172 671 2199 licet
689 2172 789 2199 facere
810 2172 873 2200 106.

183 2205 398 2234 Sabbatizacio
414 2206 572 2241 quomodo
593 2211 637 2233 est
656 2207 850 2234 observanda
871 2207 928 2238 105,
952 2207 1014 2235 106.

185 2240 267 2276 Quid
297 2240 463 2276 requiritur
492 2241 528 2268 ad
559 2241 748 2268 sacerdotem
776 2241 890 2269 Christi
919 2247 947 2269 et
973 2242 1015 2269 vi-

219 2275 336 2302 carium
359 2274 420 2310 359.

186 2310 370 2338 Sacerdotes
390 2310 447 2337 sim
475 2310 547 2337 lices
568 2310 633 2342 280.

184 2344 367 2373 Sacerdotes
392 2319 471 2380 quii)
493 2342 615 2372 habent*
630 2346 709 2372 ultra
734 2345 829 2373 laicos
856 2346 886 2373 iu
915 2346 1016 2373 absol-

218 2379 318 2406 vendo
338 2384 366 2406 et
386 2379 570 2406 remittendo
591 2378 651 2413 341.

183 2414 365 2442 Sacerdotes
409 2418 437 2441 et
473 2414 580 2453 prelati
618 2414 729 2442 debent
772 2414 1008 2450 diligentissime

218 2453 324 2476 notare
344 2456 419 2476 evan
443 2449 535 2476 elium
555 2448 618 2484 359.

186 2483 309 2510 Desidia
330 2491 415 2510 sacer
439 2488 524 2511 otum
545 2484 614 2518 264,
638 2483 700 2512 265.

185 2517 352 2553 Colligacio
388 2519 434 2545 vel
481 2518 667 2546 sustentacio
706 2518 900 2546 sacerdotum
939 2519 1017 2546 sicut

219 2552 419 2588 conglobacio
451 2553 581 2580 fratrum
613 2557 658 2580 est
689 2553 726 2580 ad
757 2553 1015 2589 dampnacionem

220 2587 346 2614 ecclesie
366 2586 429 2614 303.

184 2621 312 2649 Limites
333 2622 531 2650 sacerdotalis
552 2623 713 2658 potestatis
733 2621 792 2651 310.

185 2656 367 2684 Sacerdotes
387 2656 454 2684 falsi
477 2665 534 2684 102.

187 2706 220 2709 —
240 2691 377 2718 infideles
397 2690 445 2730 89.

184 2740 219 2744 ——
238 2725 313 2761 legis
332 2730 443 2753 veteris
464 2727 542 2754 male
563 2727 743 2755 exercebant
769 2727 930 2755 ecclesiam
960 2735 1014 2755 101.

185 2775 219 2779 —
238 2759 456 2795 degenerantes
492 2769 508 2788 a
536 2761 597 2788 vita
627 2761 744 2790 Christi
773 2762 916 2790 videntur
951 2771 1017 2789 esse

223 2795 347 2822 coraula
367 2795 396 2822 in
418 2803 507 2822 corea
528 2795 641 2823 diaboli
663 2795 721 2827 131).

186 2829 378 2868 -11100101111
400 2838 415 2856 11
436 2829 559 2857 Christo
582 2829 767 2865 degenerant
787 2832 913 2867 46-49,

187 2864 382 2925 Ρ1ὲ110191605
421 2865 615 2892 sacerdotnm
650 2867 802 2893 Dominus
842 2874 1015 2893 sermonem

245 2903 326 2933 trigit
346 2906 401 2932 141.

856 294 1074 327 GENERAL
1094 295 1246 327 INDEX.

1086 395 1140 423 Dei
1163 403 1274 423 nomen
1301 395 1332 423 in
1352 403 1465 423 vanum
1492 395 1647 431 accipiunt
1672 395 1844 431 specialiter
1869 404 1916 423 sa-

1120 430 1260 458 cerdotes
1279 437 1328 465 09.

1086 465 1157 500 Legi
1179 465 1233 493 Dei
1254 462 1456 493 adversantur
1475 465 1650 493 sacerdotes
1669 473 1718 501 99.

1085 500 1128 527 De
1164 505 1357 527 sacramento
1392 500 1495 527 altaris
1524 499 1587 540 3952
1615 508 1675 534 400
1704 499 1782 534 (vide
1801 500 1917 528 Altaris

1120 540 1347 562 sacramentum
1368 539 1396 562 et
1414 535 1626 569 Eucharistia).

1087 570 1187 598 Nemo
1207 570 1376 597 salvabitur
1396 570 1454 598 nisi
1476 570 1635 598 Christum
1661 570 1798 598 imitatus
1825 570 1916 598 fuerit

1122 606 1151 633 in
1173 605 1284 633 virtute
1303 604 1364 633 385.

1086 640 1186 668 Nemo
1225 644 1327 679 potest
1366 639 1477 668 salvari
1509 639 1568 668 nisi
1601 648 1774 667 sermonem
1802 639 1916 668 Christi

1121 675 1253 703 audierit
1271 674 1337 704 386.

1088 709 1219 745 Oportet
1243 710 1412 749 quemlibet
1433 710 1616 738 salvandum
1637 709 1794 737 fructuose
1814 710 1913 737 facere

1122 749 1309 772 sentenclam
1330 745 1414 773 verbi
1437 744 1551 773 Christi
1571 744 1637 772 386.

1088 779 1256 814 Quomodo
1270 779 1464 816 intelligitur:
1484 779 1640 807 Omnibus
1661 779 1828 808 mobilibus
1850 787 1914 806 nio-

1123 814 1212 853 bilior
1231 819 1277 842 est
1296 815 1452 851 sapiencia
1470 815 1513 843 52.

1087 849 1225 876 Scienma
1250 857 1312 877 non
1360 858 1392 877 er
1418 858 1449 877 se
1476 849 1633 877 meritoria
1658 857 1726 877 curn
1749 849 1833 877 inflat
1854 848 1915 881 184.

1084 884 1118 910 In
1139 883 1270 911 sciencia
1289 884 1377 912 muti
1397 884 1542 912 deficiunt
1561 884 1624 919 184.

1084 934 1118 937 -
1144 918 1303 954 quomodo
1331 919 1480 947 debemus
1508 919 1676 955 intelligere
1705 919 1821 946 dictum
1852 919 1917 946 Pla-

1120 953 1327 1015 toriis23Scire
1359 958 1499 982 nostrum
1529 958 1574 982 est
1599 954 1797 990 antiquorum
1826 954 1915 981 remi-

1120 996 1197 1015 nisci
1258 1009 1263 1015 .

1087 1022 1148 1058 Qui
1168 997 1394 1051 sunt4scolares
1415 1023 1470 1051 Dei
1490 1023 1556 1059 296.

1086 1058 1219 1085 Omnem
1252 1058 1410 1085 hominem
1443 1062 1566 1094 oportet
1599 1066 1666 1086 esse
1693 1059 1841 1086 scolarem
1863 1058 1917 1085 Dei

1121 1093 1183 1120 sive
1205 1093 1318 1120 diaboli
1340 1092 1403 1128 293.

1084 1127 1127 1154 De
1147 1128 1326 1155 auctoritate
1346 1128 1497 1163 scripture
1516 1126 1581 1164 376,
1603 1127 1665 1165 377.

1083 1162 1175 1189 Fides
1197 1163 1347 1198 scripture
1368 1170 1429 1198 179,
1452 1163 1508 1190 185.

1084 1197 1242 1233 Scripture
1269 1197 1465 1225 moralizacio
1492 1197 1573 1225 unde
1596 1198 1685 1226 debet
1710 1197 1778 1233 capi
1800 1196 1844 1228 83,
1866 1197 1915 1230 84.

1085 1232 1197 1259 01111115
1211 1232 1323 1259 veritas
1345 1232 1495 1268 scripture
1516 1232 1661 1268 aSpiritu
1677 1233 1791 1262 Sancto
1811 1238 1856 1260 est
1871 1232 1915 1260 83.

1084 1267 1216 1329 8011580111
1238 1267 1395 1302 scripture
1416 1268 1588 1303 sophistam
1610 1273 1731 1303 oportet
1757 1268 1916 1295 addiscere

1119 1309 1146 1329 21
1172 1323 1178 1328 .

1085 1337 1244 1372 Scriptura
1265 1345 1350 1364 sacra
1372 1342 1416 1365 est
1436 1345 1496 1364 vox
1516 1337 1631 1364 Christi
1654 1345 1711 1372 ¹77·

1084 1371 1195 1399 Modus
1218 1372 1369 1407 scripture
1391 1372 1537 1408 loquendi
1559 1381 1620 1407 149.

1086 1407 1143 1434 l'ro
1165 1407 1289 1434 veritate
1309 1415 1394 1435 sacre
1415 1407 1566 1442 scripture
1588 1407 1642 1435 125.

1085 1441 1172 1468 Secte
1192 1450 1286 1480 opera
1308 1441 1423 1469 Christi
1445 1446 1578 1469 renuunt
1598 1449 1636 1469 21.

1085 1475 1172 1504 Secte
1188 1476 1293 1503 dicunt
1310 1485 1396 1503 51111111
1411 1477 1589 1512 religionem
1606 1484 1672 1503 esse
1694 1476 1914 1512 perfecciorem

1120 1511 1287 1538 christiana
1308 1511 1453 1546 religione
1474 1512 1519 1539 28.
1708 1546 1712 1547 ⁷

1085 1545 1171 1574 Secte
1193 1546 1371 1581 religionem
1393 1545 1509 1574 Christi
1531 1547 1665 1573 lacerant
1686 1546 1730 1573 28.

1084 1580 1233 1608 Versucia
1253 1585 1405 1608 sectarum
1427 1587 1487 1617 170.

1086 1615 1202 1642 Contra
1222 1623 1319 1642 novas
1340 1620 1437 1643 sectas
1457 1612 1523 1643 300.

1086 1650 1228 1678 Seculare
1248 1650 1421 1677 dominium
1441 1655 1545 1678 utrum
1567 1650 1710 1678 Christus
1730 1650 1912 1678 habuit160.

1087 1684 1246 1713 8000111105
1281 1685 1399 1712 domini
1435 1690 1566 1713 tractant
1601 1687 1715 1713 multos
1751 1690 1783 1712 ut
1812 1694 1918 1713 servos

1144 1720 1234 1747 uibus
1256 1720 1336 1747 Deus
1357 1720 1440 1747 dedit
1461 1728 1587 1748 munera
1608 1720 1836 1755 evangelizandi
1857 1720 1917 1749 316.

1087 1754 1127 1783 80
1152 1763 1201 1782 010
1221 1754 1259 1782 ad
1281 1754 1419 1782 dextram
1446 1755 1542 1790 patris
1563 1755 1635 1794 quid
1658 1760 1702 1782 est
1722 1756 1785 1785 205.

1087 1790 1199 1818 Semen
1212 1790 1327 1817 bonum
1339 1790 1491 1817 Dominus
1509 1794 1641 1817 seminat
1657 1790 1702 1817 ad-
1714 1790 1917 1818 edificandum

1123 1824 1283 1851 ecclesiam
1304 1823 1350 1859 93.

1088 1859 1199 1888 Semen
1222 1860 1337 1886 bonum
1359 1864 1403 1887 est
1422 1863 1516 1895 typus
1558 1859 1659 1887 ietatis
1679 1858 1725 1895 93.

1087 1895 1131 1922 De
1152 1893 1294 1921 sensibus
1314 1893 1379 1929 203,
1399 1902 1468 1929 204,
1489 1868 1554 1927 2055?
1574 1895 1641 1930 206,
1662 1902 1727 1930 207.

1089 1929 1192 1965 Quare
1212 1929 1347 1968 quinque
1373 1937 1483 1956 sensus
1509 1930 1573 1957 suis
1599 1929 1717 1957 actibus
1744 1928 1919 1956 distrahunt

1122 1972 1138 1991 a
1159 1963 1371 1999 spirltuahbus
1390 1963 1455 1991 203.

1085 1998 1285 2034 Philosophia
1306 1999 1343 2026 de
1362 1999 1497 2035 quinque
1517 1999 1659 2027 sensibus
1677 2006 1745 2036 204.

1086 2033 1203 2061 Sensus
1231 2038 1259 2060 et
1287 2033 1458 2061 intellectus
1485 2034 1644 2069 quomodo
1674 2040 1745 2063 sunt
1773 2035 1862 2063 activi
1893 2040 1920 2063 et

1122 2068 1280 2104 quomodo

1087 2103 1270 2139 Sepulcrum

1123 2138 1176 2170 155,
1198 2138 1255 2165 156.

1088 2173 1181 2209 Sequi
1208 2172 1366 2200 Christum
1393 2172 1423 2200 in
1450 2173 1563 2209 quibus
1590 2173 1801 2210 principaliter
1820 2175 1919 2202 clerus

1123 2208 1231 2235 debeat
1250 2211 1278 2234 et
1297 2207 1327 2234 in
1348 2207 1461 2243 quibus
1481 2208 1668 2236 christianus
1688 2210 1746 2245 159,
1769 2210 1830 2237 160.

1089 2243 1198 2272 Sermo
1219 2241 1334 2269 Christi
1361 2246 1407 2269 est
1432 2242 1584 2270 efficacior
1612 2251 1704 2279 quam
1732 2252 1833 2271 sermo
1853 2244 1919 2280 qui-

1123 2285 1243 2312 cunque
1263 2277 1341 2303 alius
1361 2275 1424 2311 359.

1089 2313 1270 2342 Sermonem
1291 2311 1429 2346 disponit
1449 2311 1592 2339 Christus
1612 2313 1781 2343 secundum
1809 2313 1920 2349 aptitu-

1124 2347 1228 2374 dinem
1249 2345 1394 2373 auditorii
1416 2354 1475 2381 107.

1090 2381 1230 2443 Qijialiter
1251 2388 1341 2407 nemo
1361 2385 1462 2416 potest
1476 2381 1539 2409 Deo
1560 2382 1673 2410 servire
1695 2387 1723 2410 et
1743 2390 1920 2410 mammone

1142 2424 1176 2444 11.
1198 2422 1253 2443 -12.

1090 2452 1132 2478 De
1152 2450 1327 2489 inordinata
1347 2449 1561 2486 implicaeione
1581 2451 1618 2479 ad
1640 2451 1835 2480 serviendum
1852 2450 1918 2479 306.

1089 2486 1158 2529 Deq
1181 2493 1267 2547 011ιὲ8
1280 2489 1390 2512 11111010
1416 2490 1444 2512 01
1470 2486 1626 2514 humiliter
1652 2491 1697 2514 est
1724 2486 1919 2515 serviendum

1126 2522 1190 2551 2b-,
1210 2527 1226 2547 2
1271 2540 1276 2546 .

1089 2534 1228 2584 Servitus
1239 2554 1359 2590 triplex,
1372 2555 1531 2590 naturalis,
1544 2555 1701 2584 caritativa
1712 2560 1739 2583 et
1751 2555 1848 2584 civilis
1859 2554 1918 2589 314.

1090 2590 1229 2618 Servitus
1254 2589 1352 2617 civilis
1381 2590 1439 2618 fuit
1466 2590 1641 2618 introducta
1669 2590 1707 2618 tri
1733 2590 1830 2618 liciter
1861 2589 1918 2626 317.

1091 2624 1260 2660 Quomodo
1281 2632 1387 2652 servus
1414 2633 1545 2661 nequam
1571 2624 1677 2652 reddet
1726 2633 1761 2652 eo
1781 2624 1918 2652 debitum

1126 2667 1215 2686 suum
1238 2658 1304 2687 360.

1090 2693 1272 2722 8100010105
1293 2693 1394 2729 signat
1413 2702 1534 2722 crucem
1556 2693 1671 2722 Christi
1692 2693 1756 2734 379.

1089 2728 1187 2756 Erunt
1207 2728 1293 2764 signa
1313 2729 1343 2756 in
1364 2729 1426 2756 sole
1446 2729 1605 2768 quomodo
1625 2729 1804 2764 intelligitur
1824 2728 1872 2762 84.

1090 2763 1134 2790 De
1154 2763 1250 2798 signis
1270 2768 1338 2790 ante
1359 2763 1439 2791 diem
1460 2764 1567 2792 iudicii
1589 2771 1691 2791 11—12.

1091 2797 1207 2825 Contra
1228 2798 1392 2825 simoniam
1414 2797 1478 2833 329.

1092 2832 1376 2894 (31000013351111ἒρί5
1397 2841 1490 2869 quare
1517 2841 1610 2868 regno
1637 2834 1772 2861 celorum
1793 2839 1918 2868 compa-

1126 2871 1210 2894 ratur
1354 2875 1382 2895 o.

1091 2901 1147 2928 Per
1167 2874 1363 2938 solem9f>aga
1384 2902 1561 2938 intelligitur
1581 2902 1628 2936 80.

1324 2068 1419 2096 assivi
1439 2067 1496 2104 371.

1314 2103 1401 2130 hristi
1421 2103 1458 2130 ad
1480 2103 1560 2131 diem
1581 2105 1709 2133 tercium
1730 2104 1918 2133 custoditum
