2017 3353
217 228 352 258 SERMO
374 215 467 273 Lm]
725 227 865 258 PRIMA
892 225 1016 257 PARS.
1750 216 1820 263 391

218 337 322 387 sapit
355 335 609 373 manifestam
643 332 950 382 blasphemiam.
986 333 1087 369 Cum
1122 333 1226 369 enim
1269 333 1450 370 Christus
1488 334 1537 370 sit

219 394 401 444 capitalis
423 393 609 430 dominus
630 391 812 428 omnium
836 390 1122 438 temporalium
1143 400 1279 427 nostre
1295 391 1538 437 habitabilis,

219 463 328 503 patet
351 454 458 501 quod
480 450 748 488 forisfaciente
775 448 981 498 proditore
998 457 1193 497 perpetuo
1217 448 1383 485 crimine
1400 459 1540 486 contra

219 513 349 561 ipsum
390 519 520 547 totum
559 510 709 545 bonum
748 508 857 556 quod
896 505 986 543 talis
1026 506 1165 543 habuit
1211 508 1328 543 debet
1369 508 1416 543 de
1456 508 1539 555 lege

186 568 367 607 §Christi
406 580 488 605 esse
536 568 587 604 ad
625 578 739 602 suum
781 563 989 601 dominum
1030 565 1276 601 devolutum.
1329 564 1406 611 Qui
1447 578 1539 613 ergo

221 636 415 676 usurpant
455 626 534 663 tale
573 626 723 661 bonum
765 622 947 671 accipere
992 631 1029 659 et
1069 622 1216 659 Christi
1265 622 1540 671 proditoribus

220 684 432 734 impertiri,
465 682 656 731 regaliam
690 693 803 718 suam
836 689 1032 729 quantum
1072 680 1113 717 in
1149 680 1245 729 ipsis
1285 690 1342 717 est
1384 693 1539 718 cassare

220 744 402 781 nituntur
435 751 472 779 et
504 738 766 777 immensitati
799 738 858 775 sui
892 738 1060 775 dominii
1095 740 1369 776 adversantur.

276 804 325 838 Et
348 800 502 837 utinam
526 797 705 847 episcopi
726 796 854 834 nostri
878 805 914 833 et
938 806 1272 834 testamentorum
1302 799 1539 846 probatores

166 871 205 892 10
220 858 412 897 radicitus
445 858 697 895 attenderent
731 857 781 892 ad
814 856 919 892 hunc
952 867 1126 892 sensum.

277 917 318 954 Si
350 916 407 954 vis
440 928 534 964 ergo
567 926 705 952 secure
736 913 867 950 vivere
888 914 949 950 vel
982 925 1125 961 capere
1159 914 1206 950 de
1240 913 1353 950 bonis
1377 912 1539 949 Domini

219 976 259 1013 in
298 987 486 1012 mensura
524 972 596 1009 tibi
634 971 860 1009 necessaria
900 980 937 1008 et
974 984 1055 1007 non
1095 971 1199 1008 ultra
1238 972 1299 1007 vel
1339 972 1386 1007 de
1426 970 1539 1007 bonis

218 1029 809 1082 superexcrescentibus,tribue
819 1030 1286 1078 prudentertemporales
1302 1029 1540 1065 elemosinas

219 1092 296 1129 illis
329 1090 534 1140 egentibus
558 1101 658 1139 quos
680 1088 764 1137 ipse
787 1087 917 1136 sigillo
940 1100 1012 1124 suo
1045 1087 1213 1135 signavit
1247 1096 1283 1124 et
1306 1087 1539 1124 abscondite

168 1151 203 1183 15
221 1149 343 1187 mittit
373 1148 459 1185 tibi.

279 1209 356 1245 Sed
380 1215 521 1244 contra
543 1205 660 1242 istam
684 1203 929 1241 sentenciam
962 1203 1076 1240 multi
1108 1203 1305 1250 obiciunt;
1331 1211 1539 1240 assumunt
1619 1205 1686 1252 (39⁴1
1710 1206 1768 1245 xyiil

222 1266 326 1303 enim
361 1264 525 1314 quidam
559 1264 667 1312 quod
700 1262 816 1299 multi
849 1263 1000 1299 mundo
1034 1261 1174 1298 divites
1214 1262 1361 1298 habent
1401 1274 1422 1298 a
1456 1263 1539 1297 Deo
1564 1241 1829 1311 pssgEi-dixiiiioiiic

132 1350 192 1380 ΡΟ]
222 1324 381 1373 copiam
404 1320 690 1371 temporalium
721 1330 758 1357 et
786 1320 1034 1366 instinctum,
1067 1332 1110 1356 ex
1140 1319 1283 1368 quibus
1306 1319 1540 1368 providetur
1586 1311 1800 1372 endosiiviiicuts

127 1373 206 1428 236ss
222 1382 370 1420 Christi
408 1379 653 1430 pauperibus
697 1378 737 1415 in
780 1379 972 1421 futurum,
1009 1376 1012 1428 1
1047 1390 1184 1426 ymmo
1229 1377 1344 1414 aliter
1388 1379 1539 1414 mundo
1788 1367 1810 1372 Η

164 1452 206 1474 20
221 1442 407 1478 tendente
431 1440 482 1476 ad
504 1436 719 1475 avariciam
743 1437 961 1485 aliquando
987 1435 1135 1473 Christi
1158 1448 1354 1485 pauperes
1376 1445 1540 1484 propter

222 1498 431 1548 penuriam
473 1495 712 1545 deperirent.
753 1494 914 1532 Infamis
955 1507 1048 1542 ergo
1086 1494 1188 1530 foret
1227 1493 1430 1530 sentencia
1465 1506 1540 1542 que

221 1558 319 1594 tales
354 1564 568 1604 perpetuas
603 1553 841 1590 elemosinas
876 1552 1108 1601 impediret3
1145 1553 1271 1589 multa
1301 1551 1406 1588 enim
1437 1553 1542 1588 bona

222 1617 271 1652 ad
294 1614 509 1651 utilitatem
535 1611 700 1649 ecclesie
731 1624 774 1648 ex
803 1611 881 1647 illis
910 1610 1161 1660 proveniunt.
1193 1611 1271 1646 Sed
1300 1609 1363 1646 hic
1395 1609 1542 1646 dicitur

221 1672 373 1710 infideli
397 1673 444 1708 de
468 1669 777 1708 continuacione
806 1668 1077 1706 misericordis
1103 1668 1174 1704 Dei
1198 1667 1382 1716 potencie
1405 1669 1542 1716 despe-

165 1734 202 1765 25
222 1731 325 1768 ranti
350 1731 457 1779 quod
480 1741 617 1765 verum
649 1727 878 1774 assumitur,
908 1727 1000 1763 licet
1024 1726 1286 1774 impertinens
1309 1725 1541 1762 fundacioni

224 1791 398 1826 humane
422 1788 555 1836 quoad
578 1786 698 1822 talem
722 1785 984 1822 elemosinam
1000 1794 1235 1834 perpetuam
1252 1783 1540 1832 supradictam.

280 1850 371 1884 Non
402 1845 570 1882 timeant
604 1857 698 1892 ergo
732 1843 871 1880 divites
911 1843 1007 1892 quin
1040 1845 1145 1879 Deus
1186 1841 1412 1891 providebit
1445 1855 1542 1890 pau-

223 1905 384 1954 peribus
418 1903 510 1949 suis,
551 1902 643 1939 licet
681 1902 757 1950 ipsi
796 1914 840 1938 ex
878 1900 1086 1938 luciferina
1119 1900 1306 1949 superbia
1339 1913 1539 1937 annonam

224 1963 278 2001 eis
309 1975 392 2000 non
424 1961 602 1998 fecerint.
638 1960 878 2009 Sompnium
912 1972 1005 2008 ergo
1039 1968 1096 1996 est
1129 1960 1237 2007 quod
1270 1971 1408 1994 omnes
1442 1959 1542 1995 tales

166 2023 207 2056 30
223 2023 434 2059 fundantes
464 2018 702 2056 elemosinas
732 2018 828 2056 istas
856 2026 1070 2067 perpetuas
1095 2030 1138 2054 ex
1166 2016 1357 2054 instinctu
1380 2016 1541 2052 Domini

224 2089 336 2117 erant
374 2078 486 2115 moti.
526 2079 575 2113 Et
614 2077 820 2114 conforme
865 2085 921 2113 est
966 2075 1196 2124 sompnium
1242 2076 1351 2124 quod
1390 2076 1541 2111 mundo

223 2139 410 2174 tendente
440 2137 491 2173 ad
519 2134 735 2173 avariciam
766 2134 913 2172 Christi
943 2146 1139 2182 pauperes
1170 2132 1415 2181 deperirent3
1447 2145 1541 2169 nam

225 2195 360 2233 Helias
398 2204 480 2232 tam
521 2206 672 2237 secure,
711 2202 794 2230 tam
833 2195 932 2229 bene
971 2201 1008 2228 et
1047 2201 1126 2228 tam
1175 2190 1327 2228 diutine
1370 2190 1464 2227 vixit
1502 2190 1542 2227 in

224 2253 415 2303 pauperie
448 2265 569 2301 quam
594 2253 698 2288 Deus
733 2251 930 2288 inflixerat
963 2250 1002 2286 in
1037 2251 1217 2296 Judeam‚
1251 2248 1353 2285 sicut
1386 2261 1450 2285 rex
1482 2249 1543 2285 vel

169 2314 208 2348 35
225 2311 391 2361 quilibet
423 2310 524 2347 alius
556 2311 706 2346 mundo
738 2318 893 2358 potens.
928 2308 1166 2356 Sompnium
1200 2320 1292 2355 ergo
1327 2316 1383 2344 est
1415 2316 1542 2355 temp-

225 2369 427 2406 tacionem
461 2368 532 2405 Dei
564 2367 771 2404 insinuans
805 2368 912 2415 quod
946 2368 1096 2403 mundo
1130 2365 1237 2402 dives
1270 2365 1460 2401 incastret
1484 2374 1542 2401 tot

227 2427 391 2464 divicias
435 2439 508 2475 pro
553 2425 699 2462 Christi
744 2425 988 2474 pauperibus
1032 2423 1314 2461 sustentandis.
1361 2423 1542 2460 Christus

228 2485 333 2522 enim
374 2484 440 2533 qui
479 2496 634 2520 summe
672 2483 803 2532 potuit
848 2484 923 2520 hoc
967 2495 1050 2520 non
1088 2481 1200 2528 fecit;
1245 2493 1318 2517 nec
1363 2480 1543 2529 sequitur

298 2627 318 2646 1.
338 2618 363 2646 E
382 2618 413 2646 in
434 2626 546 2654 marg:
569 2618 713 2646 Christus
732 2622 777 2645 est
805 2618 944 2653 capitalis
965 2617 1110 2645 dominus
1131 2615 1359 2654 temporalium.
1451 2613 1475 2641 3.
1497 2614 1541 2641 A:

230 2658 377 2689 perpetuo
398 2653 491 2680 deest.
540 2653 564 2681 5.
587 2652 627 2680 C:
649 2652 833 2680 dominium.
884 2652 912 2683 6,
934 2661 961 2687 7.
983 2653 1026 2680 A:
1049 2650 1260 2686 proditoribus
1280 2650 1402 2677 iterum.
1451 2657 1480 2684 9.
1502 2648 1540 2675 E:

229 2687 462 2725 approbatores.
536 2696 570 2715 11.
591 2688 634 2715 A:
657 2691 685 2714 et
706 2695 822 2722 capere.
903 2686 940 2715 13.
962 2686 1030 2714 DE:
1052 2686 1195 2713 tribuere.
1270 2692 1311 2718 14.
1333 2684 1376 2711 A:
1400 2683 1541 2718 signavit.

231 2727 272 2751 ιο.
293 2722 317 2750 E
337 2722 367 2749 in
389 2730 502 2757 marg:
518 2721 640 2759 Contra
661 2722 863 2755 sentenciam;
884 2722 924 2749 ib.
947 2720 987 2749 C:
1009 2724 1160 2748 asserunt.
1234 2726 1273 2746 21.
1290 2718 1358 2746 DE:
1381 2726 1434 2753 per
1449 2726 1543 2753 penu—

231 2758 318 2785 riam.
391 2765 431 2786 21,
447 2765 490 2784 22.
506 2757 548 2784 D:
593 2765 646 2784 uas
666 2757 756 2790 tales3
777 2756 816 2784 E:
838 2756 970 2784 correxit
990 2764 1066 2791 quas
1087 2755 1116 2782 in
1137 2763 1205 2790 que.
1278 2761 1325 2787 24.
1347 2753 1388 2780 D:
1411 2753 1440 2780 in
1462 2752 1541 2779 fideli

231 2791 438 2825 detraccione;
460 2792 499 2819 ib.
516 2765 635 2819 A:q[)ci
658 2792 756 2825 deest3
776 2791 816 2818 ib.
833 2791 856 2818 E
870 2791 900 2818 in
917 2799 1029 2825 marg:
1051 2788 1232 2823 Responsio.
1306 2787 1348 2815 25.
1370 2788 1414 2815 A:
1437 2795 1541 2814 verum

231 2832 284 2854 cst.
359 2826 404 2853 28.
427 2827 469 2853 A:
492 2835 527 2853 ex
547 2826 640 2854 deest.
719 2825 766 2860 34.
787 2827 830 2853 A:
854 2825 1023 2853 influxerat.
1099 2823 1142 2852 35.
1165 2822 1284 2851 BCDE:
1312 2822 1428 2850 mundo
1450 2822 1542 2849 deest.

229 2861 273 2897 37.
295 2863 338 2889 A:
361 2861 559 2889 sustinendis.
