2017 3353
240 236 378 265 SERMo
405 226 489 285 xv.]
762 240 900 272 PRIMA
930 241 1056 273 PARs.

1774 247 1842 271 101

241 358 366 394 usque
399 347 448 382 ad
483 346 631 383 Christi
664 347 878 383 adventum
910 355 1118 395 tamquam
1145 347 1278 383 sterile
1302 348 1549 395 evangelium
1568 356 1634 384 The
1662 357 1735 384 time-
1763 357 1847 385 from

240 404 517 453 pretermittit3
557 414 652 441 tunc
690 404 796 441 enim
831 405 1058 441 sacerdotes
1093 417 1136 441 ex
1163 405 1337 442 avaricia
1360 405 1550 442 facientes

240 462 437 510 populum
477 462 604 499 ociari
642 462 816 510 pessime
859 464 1093 499 exercebant
1131 463 1357 508 ecclesiam,
1398 463 1456 499 vel
1491 465 1551 511 (ut

1592 392 1641 418 the
1662 392 1809 428 captivity

1597 431 1628 454 to
1651 426 1753 454 Christ
1772 427 1798 454 is

1607 462 1737 489 omitted
1757 464 1804 489 for

1567 501 1605 523 its
1634 497 1777 528 badncss.
1809 504 1842 523 as

240 521 370 569 placet
402 519 507 568 aliis)
541 520 633 557 licet
667 520 706 556 in
738 520 950 557 habitabili
984 522 1236 557 Hebreorum
1274 521 1326 557 sit
1360 531 1552 558 contlnue
1568 532 1619 558 the
1642 531 1753 566 priests
1767 531 1842 558 then

207 581 367 626 Sprope
411 578 697 627 equinoccium
743 588 780 615 et
827 578 884 615 sic
929 579 1044 627 quasi
1086 579 1304 615 duodecim
1344 580 1441 615 hore
1474 580 1554 617 diei

241 636 479 682 artificialis,
515 645 649 673 tamen
683 636 934 684 evangelium
969 637 1231 685 pretermittit
1251 637 1379 673 tribus
1402 636 1556 673 vicibus

241 707 361 731 unam
409 695 550 731 horam
598 702 637 732 et
681 696 837 731 duabus
884 695 1025 731 mediis
1071 695 1224 732 vicibus
1271 697 1370 732 duas
1423 696 1556 742 horas,

241 752 336 801 quia
368 752 542 800 populus
576 752 692 801 quasi
725 752 766 788 in
800 753 934 790 medio
970 753 1164 801 temporis
1198 754 1258 789 vel
1291 753 1466 801 amplius
1500 763 1558 790 est

241 824 263 848 a
296 810 433 846 divino
468 810 697 848 ministerio
732 819 933 859 evagatus.
967 813 1015 847 Et
1057 812 1128 848 hec
1167 811 1276 849 racio
1316 824 1440 860 quare
1479 824 1559 848 una

187 880 226 902 10
242 879 326 906 etas
360 868 527 905 ecclesie
560 868 886 917 pretermittitur.
921 870 1093 914 Quando
1123 878 1257 906 autem
1283 869 1420 906 fideles
1445 879 1558 906 erant

241 939 368 975 prope
400 936 550 964 statum
585 927 834 973 innocencie,
859 940 987 975 prope
1020 929 1236 965 adventum
1271 928 1367 964 solis
1401 927 1558 964 iusticie

241 994 279 1022 et
311 997 438 1032 prope
471 985 576 1021 diem
601 985 756 1031 iudicii,
791 985 1047 1033 intercipitur
1069 986 1333 1022 solummodo
1357 999 1437 1023 una
1461 986 1556 1022 dies.

1658 566 1755 593 ruled.

299 1043 416 1080 Circa
455 1043 715 1080 undecimam
756 1056 849 1080 vero
890 1043 1022 1080 exibat
1062 1043 1297 1081 humanitus
1332 1053 1369 1080 et
1401 1053 1607 1081 ortatusln
1628 1053 1678 1081 the
1705 1055 1847 1081 elevenm

241 1110 299 1138 est
313 1100 511 1149 populum
531 1101 733 1139 ociantem
751 1110 794 1137 ut
808 1101 964 1139 laboret
981 1101 1168 1148 fideliter,
1187 1112 1230 1139 ut
1248 1103 1426 1139 fecerunt
1442 1112 1559 1139 antea

187 1159 223 1192 15
241 1159 482 1207 patriarche.
507 1162 555 1196 Et
578 1169 677 1197 nota
700 1161 810 1209 quod
834 1160 932 1197 varii
954 1160 1063 1196 varie
1087 1160 1321 1208 intelligunt
1345 1161 1418 1197 hos
1443 1160 1558 1209 quin-

241 1230 318 1266 que
361 1217 499 1264 exitus‚
546 1226 590 1254 ut
628 1218 683 1254 hii
723 1218 954 1267 intelligunt
994 1231 1065 1266 per
1104 1231 1170 1255 eos
1216 1218 1396 1267 quinque
1435 1227 1559 1255 etates

242 1276 364 1313 seculi
411 1285 502 1313 ante
542 1275 870 1313 incarnacionem
913 1276 1075 1322 Christi,
1122 1276 1176 1312 hii
1218 1276 1400 1325 quinque
1433 1286 1558 1314 etates

243 1334 519 1382 cuiuscunque
571 1346 742 1382 persone
794 1335 984 1381 humane,
1046 1347 1218 1384 quarum
1278 1334 1455 1383 quelibet
1508 1336 1556 1371 ad

243 1393 421 1429 laborem
457 1392 710 1429 meritorium
742 1392 969 1441 instigatur.
1005 1393 1103 1429 Mihi
1136 1401 1270 1429 autem
1294 1392 1452 1429 videtur
1474 1393 1558 1429 sine

183 1459 227 1482 20
243 1452 387 1487 horum
434 1450 705 1499 repugnancia
743 1452 853 1500 quod
894 1451 1171 1499 intelligantur
1211 1451 1390 1500 quinque
1432 1460 1558 1488 etates

242 1509 420 1553 ecclesie,
466 1517 570 1546 etate
609 1509 851 1546 sacerdotali
892 1519 984 1546 ante
1030 1509 1357 1546 incarnacionem
1392 1510 1556 1546 Domini

241 1567 513 1615 pretermissa.
548 1570 597 1604 Et
629 1576 727 1604 nota
760 1568 872 1616 quod
905 1568 1005 1604 hora
1039 1567 1163 1604 tercia
1196 1576 1233 1603 et
1265 1577 1373 1604 sexta
1403 1567 1558 1604 solum-

241 1626 364 1662 modo
399 1625 586 1662 intercise
619 1634 712 1662 sunt
745 1627 820 1662 due
854 1627 951 1663 hore
985 1627 1052 1662 sed
1088 1626 1126 1662 in
1158 1625 1266 1662 horis
1291 1625 1380 1662 aliis
1404 1626 1556 1662 solum-

241 1685 364 1721 modo
398 1696 477 1720 una
510 1684 622 1720 hora.
670 1685 788 1729 Quod
822 1684 988 1733 quidam
1030 1684 1220 1720 estimant
1260 1694 1428 1731 propter
1470 1696 1556 1731 pre-

184 1751 223 1784 25
239 1742 534 1779 varicacionem
569 1742 695 1789 magis
728 1742 951 1779 notabilem
986 1742 1082 1790 legis
1116 1742 1200 1778 Dei.
1237 1744 1337 1778 Nam
1370 1742 1409 1778 in
1433 1742 1556 1779 tercia

241 1810 344 1837 etate
376 1800 436 1836 vel
469 1801 569 1836 hora
602 1800 725 1836 tercia
763 1801 822 1837 lex
855 1800 926 1837 Dei
967 1801 1015 1837 ad
1057 1808 1212 1836 tantum
1253 1800 1558 1848 contempnitur

241 1860 352 1908 quod
386 1860 576 1906 despecto
601 1858 780 1894 iudicum
807 1858 999 1906 regimine
1023 1858 1232 1905 pecierunt
1256 1858 1331 1895 sibi
1356 1858 1558 1906 gentiliter

241 1917 327 1954 dari
374 1929 505 1965 regern
554 1917 613 1963 (ut
653 1926 763 1964 patet
802 1918 814 1952 Ι
849 1918 940 1964 Reg.
976 1917 1061 1952 VIII
1100 1925 1281 1964 tempore
1322 1917 1554 1964 Samuelis).

241 1978 282 2012 In
315 1984 457 2024 quarta
489 1984 624 2012 autem
658 1975 758 2011 hora
789 1975 849 2010 vel
883 1983 988 2012 etate
1022 1976 1284 2022 despexerant
1315 1974 1442 2023 legem
1468 1976 1554 2021 Dei>

182 2041 223 2074 30
240 2034 487 2082 acceptando
523 2034 705 2069 Roboam
751 2033 878 2069 filium
921 2033 1166 2079 Salomonis,
1208 2042 1245 2070 et
1284 2042 1425 2069 neutra
1465 2046 1555 2081 pars

238 2091 312 2128 fuit
344 2091 428 2128 sine
462 2091 603 2140 grandi
636 2092 755 2139 culpa
788 2101 954 2139 propter
991 2104 1112 2140 quam
1155 2091 1229 2128 fuit
1262 2091 1335 2127 Dei
1368 2091 1555 2128 visitacio

237 2150 470 2187 differenda.
506 2151 546 2185 In
580 2149 723 2198 quinta
756 2159 892 2186 autem
927 2158 1031 2186 etate
1064 2149 1188 2186 seculi
1230 2149 1268 2185 in
1302 2162 1382 2198 qua
1416 2162 1555 2197 regna-

237 2218 375 2245 verant
400 2209 644 2260 sacerdotes,
669 2208 763 2244 licet
786 2208 918 2255 prima
942 2208 1060 2244 fuerit
1085 2208 1204 2254 mala,
1224 2208 1402 2244 secunda
1426 2208 1552 2255 peior,

238 2267 315 2304 ista
348 2275 481 2302 tamen
514 2276 723 2314 tamquam
759 2266 917 2314 signum
956 2266 1124 2303 tercium
1166 2279 1375 2314 magorum
1409 2267 1555 2303 Phara-

181 2332 220 2364 35
238 2325 327 2361 onis
361 2324 580 2372 pessimum
622 2337 703 2361 non
744 2324 891 2361 meruit
931 2324 1068 2373 aliquo
1110 2324 1211 2360 exitu
1249 2324 1553 2372 patrisfamilias

239 2383 473 2420 confortari.
507 2384 608 2419 Nam
632 2384 754 2419 Judas
783 2383 1049 2419 Macchabeus
1083 2393 1119 2419 et
1152 2395 1291 2418 omnes
1325 2382 1468 2419 fratres
1492 2382 1553 2418 sui

240 2442 436 2477 mundum
478 2451 515 2478 et
554 2442 729 2477 honores
769 2441 996 2477 mundanos
1035 2450 1252 2488 sapuerant
1291 2445 1348 2486 (ut
1380 2449 1489 2488 patet
1522 2442 1553 2477 II

239 2500 610 2547 Macchabeorum),
635 2508 672 2535 et
704 2499 880 2535 finaliter
911 2499 1122 2547 generacio
1147 2500 1218 2535 hec
1243 2498 1415 2547 pessima
1438 2511 1552 2535 sanc-

239 2567 321 2593 tum
356 2566 589 2593 sanctorum
624 2557 854 2595 extinxerat.
889 2557 1027 2594 Exitus
1060 2567 1195 2594 autem
1230 2557 1270 2593 in
1303 2558 1404 2594 hora
1426 2558 1551 2592 unde-

179 2632 224 2663 40
240 2616 344 2652 eima
378 2615 504 2652 factus
538 2628 608 2663 per
640 2614 789 2652 Christi
823 2614 1150 2652 incarnacionem
1176 2624 1234 2652 est
1256 2614 1423 2652 ecclesie
1448 2614 1552 2650 mili—

310 2704 334 2732 3.
355 2706 399 2733 A:
421 2704 624 2732 excertebant.
651 2704 742 2732 3-12.
763 2705 808 2731 A:
830 2705 875 2731 vel
903 2708 936 2731 ut
962 2720 995 2724 —
1022 2712 1082 2731 una
1103 2703 1166 2732 dies
1188 2704 1283 2731 deest.
1381 2712 1410 2737 4.
1434 2702 1550 2730 Codd.:

238 2740 414 2768 habitabile.
504 2747 531 2769 7.
553 2737 668 2767 Codd.:
698 2739 806 2766 horam
827 2739 904 2767 duas
924 2739 1029 2766 horas.
1120 2738 1158 2766 13.
1180 2741 1207 2766 A
1227 2739 1257 2766 in
1279 2746 1396 2773 rnarg.:
1416 2737 1456 2772 E;
1479 2737 1499 2764 B
1521 2737 1550 2775 in

238 2783 352 2810 marg:
373 2775 472 2807 Nota;
492 2773 533 2801 ib.
554 2776 600 2801 A:
621 2774 806 2801 humanitas
948 2773 984 2802 15.
1005 2775 1033 2801 A
1052 2774 1083 2801 in
1105 2782 1219 2809 marg.:
1242 2782 1261 2801 1.
1412 2780 1450 2807 ¹7·
1472 2773 1499 2799 A
1521 2780 1550 2798 ιι]

239 2818 327 2845 marg
346 2819 353 2836 z
377 2817 401 2836 2.
459 2810 499 2837 18.
520 2809 616 2871 ΑιΒίὃ
637 2810 936 2870 ᾳυατυιῃυᾳᾳεὲὼεῐ.
993 2807 1100 2871 233.8Α;
1123 2809 1266 2847 interisse
1287 2811 1396 2851 sunna?
1436 2806 1487 2869 58.
1505 2808 1548 2833 A:

238 2844 422 2908 iilditlefaeriztit·
447 2851 586 2913 „razii—C:
608 2845 1062 2914 prdefflirr‘istieincieriitacioue..
1084 2846 1127 2871 Α.
1149 2852 1293 2879 pessumi*
1367 2850 1413 2874 ³9-
1470 2862 1476 2868 ⁸
1500 2850 1534 2868 ex

1610 1089 1688 1116 hour
1708 1089 1815 1116 Christ

1604 1131 1691 1151 came
1712 1124 1742 1151 in
1764 1123 1812 1151 his

1629 1159 1797 1186 manhood.

1628 1518 1783 1557 ¹[iifl'erent

1583 1561 1731 1588 ODHHOHS
1753 1562 1786 1580 35
1808 1558 1840 1581 ῑΟ

1595 1590 1644 1616 the
1665 1588 1722 1616 five
1743 1588 1827 1616 calls.
