2017 3353
170 913 208 934 10

171 1194 207 1226 15

169 1494 210 1515 2o

171 1774 211 1806 25

172 2064 215 2097 30

175 2354 215 2388 35

221 268 356 295 surum
371 256 555 313 xxxvul]
740 268 876 299 PRIMA
908 268 962 298 ΡΛ
973 267 1036 297 RS.
1748 266 1767 291 2
1779 256 1824 291 53

222 389 312 424 pars
358 386 414 413 est
459 378 564 412 bona
609 384 645 411 et
690 386 842 419 secura,
894 372 923 409 si
976 381 1103 408 servet
1144 371 1214 407 Dei
1262 373 1453 407 mandata
1500 380 1536 406 et
1600 378 1784 406 [abonii-ers.

221 434 348 471 labori
383 434 552 470 fideliter
583 432 632 469 sit
664 432 829 468 intenta.
854 431 1038 467 Secunda
1071 442 1162 477 pars
1196 428 1360 465 ecclesie
1395 428 1539 465 melior

221 502 310 529 suut
356 491 507 528 domini
553 490 809 538 temporales,
856 498 893 525 et
938 488 1005 524 illa
1038 500 1129 536 pars
1175 486 1385 535 perficiens
1430 488 1537 534 quod
1638 493 1753 522 Rniers.

222 550 417 587 incumbit
469 562 541 586 suo
593 548 727 584 officio
780 556 836 583 est
880 545 1103 594 perfeccior
1147 547 1214 582 sed
1260 544 1537 593 periculosior.

222 608 409 645 Officium
449 616 581 645 autem
623 619 737 642 suum
778 614 834 641 est
873 605 999 652 legem
1034 603 1105 640 Dei
1145 604 1368 649 defendere,
1408 615 1540 639 servos

222 666 369 703 Christi
421 674 629 714 protegere
674 673 711 700 et
751 662 986 700 Antichristi
1039 661 1243 698 ministros
1294 660 1537 709 opprimere.

224 727 305 761 Hec
340 723 444 761 enim
479 732 535 760 est
569 735 688 759 causa
721 735 791 758 cur
824 729 985 769 portant
1009 720 1200 768 gladium,
1236 728 1271 756 et
1305 732 1370 755 rex
1403 731 1541 755 secun-

223 784 317 819 dum
351 781 616 830 Augustinum
657 788 713 817 est
750 779 922 816 vicarius
963 778 1133 815 deitatis.
1174 780 1242 813 Est
1287 785 1421 814 autem
1469 776 1541 812 iste

223 850 348 877 status
393 839 640 888 periculosus
686 846 722 874 et
767 850 930 885 pronus,
984 846 1026 872 ut
1078 845 1288 884 superetur
1339 834 1540 883 superbia,

224 898 443 946 cupiditate
476 898 680 934 mundana
713 905 749 932 et
780 897 986 943 voluptate
1019 894 1233 931 accidiosa.
1266 892 1409 930 Tereia
1448 905 1542 929 vero
1557 888 1757 959 Τὴθξᾞξῇῐιῧ-
1781 923 1830 950 the

223 970 315 1005 pars
354 955 518 992 ecclesie
557 954 712 1004 optima
750 963 806 990 est
847 954 974 990 clerus
1014 954 1108 989 dum
1154 951 1309 1000 perficit
1342 952 1451 1000 quod
1484 950 1541 986 in-
1558 959 1623 985 best
1651 962 1718 993 part
1744 958 1832 997 when

223 1014 374 1051 cumbit
413 1027 485 1050 suo
530 1012 684 1059 officio,
737 1013 853 1049 debet
898 1011 1003 1048 enim
1056 1012 1249 1046 mundum
1303 1009 1540 1058 relinquere,
1558 994 1651 1057 3¹¹3}ssss
1671 993 1834 1054 {isstxlxlvgiist

223 1072 430 1110 ecclesiam
466 1071 668 1108 vivificare
701 1079 743 1106 ut
776 1069 939 1118 spiritus
973 1066 1093 1121 (sicut
1127 1077 1290 1104 notatur
1313 1069 1418 1104 Luce
1450 1066 1541 1115 IX0)
1575 1060 1662 1089 ΜΘΗ
1685 1067 1820 1098 corrupt.

224 1141 260 1168 et
293 1130 567 1178 omniquaque
599 1128 779 1178 proxime
819 1127 930 1176 sequi
955 1127 1172 1164 Christum.
1208 1125 1249 1163 Si
1282 1134 1415 1162 autem
1450 1137 1542 1173 pars

223 1189 298 1225 ista
330 1197 545 1237 apostatat,
573 1188 682 1224 nulla
707 1196 762 1223 est
786 1186 898 1234 peior
920 1186 981 1222 vel
1004 1184 1241 1234 profundior
1261 1183 1542 1229 Antichristus,

225 1247 318 1296 quia
351 1246 418 1283 ubi
453 1248 599 1294 gradus
631 1246 692 1281 vel
725 1254 850 1281 status
884 1253 941 1280 est
974 1243 1099 1280 alcior
1133 1252 1189 1280 est
1223 1255 1337 1279 casus
1370 1241 1542 1289 gravior,

224 1315 266 1341 ut
314 1314 423 1353 patet
469 1306 516 1340 de
556 1303 753 1349 Lucifero,
807 1304 855 1338 de
905 1301 1182 1338 sacerdotibus
1226 1300 1293 1349 qui
1340 1299 1543 1336 Christum

224 1363 455 1400 occiderant
501 1371 537 1398 et
583 1363 631 1398 de
674 1362 788 1397 Juda.
842 1359 952 1397 Sicut
1003 1359 1108 1396 enim
1149 1361 1305 1407 Moyses
1357 1367 1394 1394 et
1433 1359 1543 1393 Aron

224 1422 452 1458 sacerdotes
484 1419 604 1468 primi
634 1419 729 1467 legis
752 1418 894 1455 veteris
918 1426 1031 1454 erant
1054 1416 1198 1465 optimi
1232 1425 1269 1453 et
1304 1415 1544 1452 declinando

225 1493 247 1516 a
280 1481 364 1527 lege
397 1487 509 1515 erant
547 1477 723 1526 pessimi,
758 1486 800 1513 ut
838 1485 947 1524 patet
986 1475 1025 1511 in
1065 1476 1142 1512 fine
1174 1487 1242 1511 sue
1281 1473 1544 1511 successionis

225 1548 407 1586 tempore
440 1536 600 1582 Christi,
641 1535 696 1572 sic
735 1535 774 1571 in
812 1536 897 1583 lege
936 1547 1039 1570 nova
1073 1532 1254 1570 Christus
1295 1542 1331 1569 et
1370 1531 1543 1580 apostoli

226 1605 337 1633 erant
388 1594 530 1643 optimi
581 1603 618 1630 et
662 1593 901 1630 declinando
946 1605 968 1628 a
1019 1600 1256 1640 paupertate
1297 1590 1444 1627 Christi
1495 1591 1544 1626 ad

226 1655 403 1691 seculum
448 1661 538 1689 sunt
585 1651 747 1700 pessimi
791 1660 973 1699 tempore
1005 1649 1254 1687 Antichristi.
1308 1652 1394 1697 Ipse
1439 1648 1543 1685 enim
1560 1654 1835 1693 NowAiiticlu-isi

228 1712 398 1749 maxime
438 1710 663 1748 contrarius
708 1709 784 1757 legi
819 1708 966 1746 Christi
1005 1720 1081 1757 que
1127 1717 1184 1744 est
1222 1707 1367 1743 veritas
1413 1716 1450 1743 et
1489 1689 1830 1743 sic¹⁸²¹t¹¹¹⁰¹¹'¹¹⁸³d'

226 1769 494 1806 Antichristus
533 1778 741 1817 tamquam
781 1767 963 1815 ypocrita
1003 1766 1238 1815 duplicitate
1272 1778 1342 1801 sua
1382 1766 1545 1801 seducet

228 1829 421 1877 populum
456 1837 493 1863 et
525 1827 638 1862 illum
673 1827 838 1862 credunt
871 1825 994 1873 aliqui
1028 1837 1111 1861 esse
1144 1836 1291 1872 papam
1316 1825 1363 1859 de
1387 1832 1546 1871 aposta-

228 1887 307 1923 tica
340 1885 595 1922 multitudine
628 1893 899 1932 aggregatum.
935 1886 1009 1919 lste
1042 1892 1174 1919 autem
1211 1883 1338 1918 clerus
1370 1880 1426 1917 sic
1460 1893 1546 1928 per-

229 1957 364 1981 versus
381 1943 571 1980 dividitur
592 1942 631 1979 in
653 1943 851 1979 seculares
868 1951 904 1978 et
920 1941 1126 1989 religiosos
1141 1949 1324 1988 tempore
1340 1938 1547 1987 utriusque

230 2001 478 2047 testamenti,
518 2014 617 2050 quos
651 2000 831 2038 Christus
871 2009 952 2036 tam
994 2001 1133 2036 crebro
1166 2007 1282 2035 vocat
1320 1997 1471 2034 scribas
1510 2006 1546 2033 et

232 2061 455 2109 phariseos;
491 2069 527 2097 et
550 2059 613 2096 isti
636 2058 911 2095 indubitanter
933 2067 1023 2094 sunt
1047 2056 1222 2106 pessimi,
1258 2069 1347 2092 cum
1365 2055 1546 2092 Christus

231 2119 298 2168 qui
337 2132 417 2155 non
456 2127 513 2155 est
551 2130 811 2168 personarum
852 2124 1033 2166 acceptor
1070 2115 1177 2163 ipsos
1223 2115 1311 2162 plus
1355 2114 1547 2161 exprobat

232 2176 292 2231 (ut
325 2186 434 2225 patet
466 2175 633 2213 Matthei
665 2172 841 2226 XX1110).

289 2234 506 2284 Supposito
565 2247 658 2282 ergo
717 2234 936 2270 secundum
1001 2231 1276 2268 testimonium
1321 2229 1546 2278 Augustini,

232 2293 508 2341 Chrysostomi
547 2302 584 2329 et
623 2292 793 2329 aliorum
834 2300 1080 2333 sanctorum,
1121 2289 1187 2337 qui
1221 2298 1311 2325 sunt
1349 2288 1477 2324 scribe
1511 2296 1548 2324 et

232 2351 405 2400 pharisei
449 2360 631 2399 tempore
675 2349 882 2398 utriusque
927 2348 1023 2396 legis
1068 2347 1246 2392 cavendi,
1292 2356 1401 2395 patet
1440 2347 1546 2394 quod

233 2409 414 2446 Christus
465 2410 598 2446 dando
650 2407 876 2445 doctrinam
927 2407 1153 2454 generalem
1206 2407 1340 2454 quoad
1389 2413 1548 2452 tempus

302 2552 326 2571 2.
348 2545 377 2571 A
397 2543 426 2570 iu
449 2551 561 2577 marg:
583 2550 615 2572 2:
644 2542 686 2569 ib.
708 2541 773 2569 BC:
796 2541 904 2569 melior
924 2541 1018 2568 deest.
1074 2539 1098 2568 3.
1120 2541 1165 2567 A:
1188 2548 1259 2575 pars
1280 2540 1373 2567 deest.
1429 2548 1458 2568 a.
1482 2538 1547 2565 BC:

234 2579 341 2606 melior
362 2578 424 2605 sed.
515 2586 540 2603 r.
562 2578 589 2604 A
615 2578 644 2604 in
676 2585 741 2603 mar
766 2586 787 2603 .:
818 2576 879 2603 Rex
908 2576 1076 2603 secuudum
1104 2574 1314 2610 Augustinum
1342 2579 1387 2601 est
1415 2573 1548 2600 vicarius

233 2614 364 2641 deitatis.
394 2613 478 2640 Idem
508 2594 580 2651 dicit
609 2612 717 2639 doctor
752 2620 779 2650 ¹e
800 2611 869 2638 Lira
898 2619 964 2646 cap.
987 2610 1055 2638 XIII
1084 2615 1111 2637 et
1137 2610 1159 2639 Ι.
1190 2609 1320 2644 Paralip.
1350 2609 1484 2635 Ecclesia
1514 2616 1548 2634 ex

232 2649 331 2676 tribus
352 2648 490 2683 partibus
511 2651 689 2681 integratur.
717 2646 830 2673 scilicet
850 2655 885 2672 ex
906 2646 1093 2680 vulgaribus,
1122 2644 1258 2671 dominis
1278 2643 1501 2678 temporalibus
1522 2647 1547 2669 et

234 2683 362 2710 clericis.
409 2691 448 2710 10.
465 2683 493 2709 A
514 2682 542 2708 iu
566 2689 679 2716 marg:
701 2680 725 2708 3.
771 2689 808 2707 12.
826 2681 870 2707 A:
892 2679 987 2707 Debet
1003 2685 1114 2707 autem.
1164 2678 1200 2706 13.
1220 2679 1285 2706 BC:
1309 2684 1339 2705 ut
1360 2678 1547 2704 nominatur.

237 2727 277 2753 ¹4·
300 2718 365 2745 BC:
388 2717 540 2753 proximo.
632 2716 669 2744 15.
693 2716 757 2743 BC:
780 2720 943 2750 apostotat.
1028 2715 1066 2742 18.
1088 2715 1132 2742 A:
1155 2714 1235 2741 euim
1258 2715 1351 2740 deest.
1436 2721 1480 2740 20.
1503 2712 1547 2739 A:

236 2762 287 2780 sue
308 2752 510 2780 cessacioncs.
584 2759 622 2778 21.
645 2750 710 2778 BC:
736 2755 875 2785 tempore
895 2750 1010 2777 Christi
1032 2749 1126 2776 deest.
1201 2748 1243 2776 23.
1265 2749 1293 2775 A
1313 2748 1342 2775 in
1365 2756 1478 2782 marga
1506 2747 1549 2773 l)e

235 2787 437 2815 Antichristo.
485 2786 530 2813 26.
547 2787 590 2813 A:
613 2795 678 2813 esse
699 2785 798 2820 ipsam
820 2784 856 2812 de
876 2789 1096 2820 apostatarum.
1145 2783 1186 2811 33.
1206 2785 1244 2811 B:
1266 2791 1338 2817 ergo
1359 2781 1546 2809 testimonio.

305 2894 338 2927 8.
364 2894 549 2937 Augustini
577 2894 640 2936 Ep.
668 2893 864 2931 CLXXXV,
893 2892 984 2934 Opp.
1011 2899 1095 2924 tom.
1125 2891 1165 2931 ΙΙ,
1192 2890 1270 2923 651.
