<?xml version="1.0" encoding="UTF-8"?>
<!DOCTYPE html PUBLIC "-//W3C//DTD XHTML 1.0 Transitional//EN"
    "http://www.w3.org/TR/xhtml1/DTD/xhtml1-transitional.dtd">
<html xmlns="http://www.w3.org/1999/xhtml" xml:lang="en" lang="en">
 <head>
  <title>
</title>
<meta http-equiv="Content-Type" content="text/html;charset=utf-8" />
  <meta name='ocr-system' content='tesseract 3.04.00' />
  <meta name='ocr-capabilities' content='ocr_page ocr_carea ocr_par ocr_line ocrx_word'/>
</head>
<body>
  <div class='ocr_page' id='page_1' title='image "./iohanniswyclifse0701wycl_0298.png"; bbox 0 0 2017 3353; ppageno 0'>
   <div class='ocr_carea' id='block_1_1' title="bbox 107 839 378 1014">
    <p class='ocr_par' dir='ltr' id='par_1_1' title="bbox 123 839 367 936">
     <span class='ocr_line' id='line_1_1' title="bbox 123 839 367 867; baseline -0.004 0"><span class='ocrx_word' id='word_1_1' title='bbox 123 840 236 867; x_wconf 78' lang='lat' dir='ltr'>Priests</span> <span class='ocrx_word' id='word_1_2' title='bbox 257 839 367 867; x_wconf 82' lang='lat' dir='ltr'>should</span> 
     </span>
     <span class='ocr_line' id='line_1_2' title="bbox 130 874 356 901; baseline 0 0"><span class='ocrx_word' id='word_1_3' title='bbox 130 879 177 901; x_wconf 78' lang='lat' dir='ltr'>act</span> <span class='ocrx_word' id='word_1_4' title='bbox 197 883 235 901; x_wconf 86' lang='lat' dir='ltr'>on</span> <span class='ocrx_word' id='word_1_5' title='bbox 259 874 356 901; x_wconf 73' lang='lat' dir='ltr'>God&#39;s</span> 
     </span>
     <span class='ocr_line' id='line_1_3' title="bbox 141 909 345 936; baseline -0.005 0"><span class='ocrx_word' id='word_1_6' title='bbox 141 909 345 936; x_wconf 79' lang='lat' dir='ltr'>commission</span> 
     </span>
    </p>

    <p class='ocr_par' dir='ltr' id='par_1_2' title="bbox 107 943 378 1014">
     <span class='ocr_line' id='line_1_4' title="bbox 107 943 378 978; baseline 0 -8"><span class='ocrx_word' id='word_1_7' title='bbox 107 944 165 971; x_wconf 84' lang='lat' dir='ltr'>and</span> <span class='ocrx_word' id='word_1_8' title='bbox 188 949 240 971; x_wconf 85' lang='lat' dir='ltr'>not</span> <span class='ocrx_word' id='word_1_9' title='bbox 260 943 378 978; x_wconf 83' lang='lat' dir='ltr'>depend</span> 
     </span>
     <span class='ocr_line' id='line_1_5' title="bbox 133 978 354 1014; baseline 0 -8"><span class='ocrx_word' id='word_1_10' title='bbox 133 987 171 1006; x_wconf 83' lang='lat' dir='ltr'>on</span> <span class='ocrx_word' id='word_1_11' title='bbox 192 979 242 1006; x_wconf 87' lang='lat' dir='ltr'>the</span> <span class='ocrx_word' id='word_1_12' title='bbox 262 978 354 1014; x_wconf 75' lang='lat' dir='ltr'>pope.</span> 
     </span>
    </p>
   </div>
   <div class='ocr_carea' id='block_1_2' title="bbox 110 1708 383 1876">
    <p class='ocr_par' dir='ltr' id='par_1_3' title="bbox 110 1708 383 1876">
     <span class='ocr_line' id='line_1_6' title="bbox 138 1708 358 1745; baseline -0.005 -9"><span class='ocrx_word' id='word_1_13' title='bbox 138 1708 358 1745; x_wconf 79' lang='lat' dir='ltr'>Allegorically</span> 
     </span>
     <span class='ocr_line' id='line_1_7' title="bbox 141 1744 352 1771; baseline -0.005 0"><span class='ocrx_word' id='word_1_14' title='bbox 141 1744 352 1771; x_wconf 80' lang='lat' dir='ltr'>Gennesareth</span> 
     </span>
     <span class='ocr_line' id='line_1_8' title="bbox 110 1783 383 1841; baseline -0.004 0"><span class='ocrx_word' id='word_1_15' title='bbox 110 1783 383 1841; x_wconf 48' lang='lat' dir='ltr'>{epiefssmiS-fssufn</span> 
     </span>
     <span class='ocr_line' id='line_1_9' title="bbox 125 1822 361 1876; baseline 0 -1"><span class='ocrx_word' id='word_1_16' title='bbox 125 1822 338 1876; x_wconf 54' lang='lat' dir='ltr'>lOliieewoiild.</span> <span class='ocrx_word' id='word_1_17' title='bbox 353 1822 361 1840; x_wconf 69' lang='lat' dir='ltr'>l</span> 
     </span>
    </p>
   </div>
   <div class='ocr_carea' id='block_1_3' title="bbox 672 247 1711 305">
    <p class='ocr_par' dir='ltr' id='par_1_4' title="bbox 672 247 1711 305">
     <span class='ocr_line' id='line_1_10' title="bbox 672 247 1711 305; baseline -0.006 -11"><span class='ocrx_word' id='word_1_18' title='bbox 672 261 896 294; x_wconf 83' lang='lat' dir='ltr'>JOHANNIS</span> <span class='ocrx_word' id='word_1_19' title='bbox 914 260 1098 292; x_wconf 83' lang='lat' dir='ltr'>WYCLIF</span> <span class='ocrx_word' id='word_1_20' title='bbox 1117 261 1373 294; x_wconf 85' lang='lat' dir='ltr'>SERMONUM</span> <span class='ocrx_word' id='word_1_21' title='bbox 1392 247 1542 305; x_wconf 81' lang='lat' dir='ltr'>[SERMO</span> <span class='ocrx_word' id='word_1_22' title='bbox 1559 257 1711 285; x_wconf 78' lang='lat' dir='ltr'>XXXVII-</span> 
     </span>
    </p>
   </div>
   <div class='ocr_carea' id='block_1_4' title="bbox 394 367 1717 1462">
    <p class='ocr_par' dir='ltr' id='par_1_5' title="bbox 394 367 1717 1462">
     <span class='ocr_line' id='line_1_11' title="bbox 394 367 1712 416; baseline -0.002 -11"><span class='ocrx_word' id='word_1_23' title='bbox 394 371 461 406; x_wconf 89' lang='lat' dir='ltr'>sed</span> <span class='ocrx_word' id='word_1_24' title='bbox 521 368 699 405; x_wconf 83' lang='lat' dir='ltr'>officium</span> <span class='ocrx_word' id='word_1_25' title='bbox 759 367 909 404; x_wconf 86' lang='lat' dir='ltr'>ferendi</span> <span class='ocrx_word' id='word_1_26' title='bbox 968 368 1122 404; x_wconf 93' lang='lat' dir='ltr'>loculos</span> <span class='ocrx_word' id='word_1_27' title='bbox 1180 369 1230 404; x_wconf 92' lang='lat' dir='ltr'>ad</span> <span class='ocrx_word' id='word_1_28' title='bbox 1289 368 1444 404; x_wconf 91' lang='lat' dir='ltr'>futuros</span> <span class='ocrx_word' id='word_1_29' title='bbox 1508 377 1712 416; x_wconf 85' lang='lat' dir='ltr'>apostatas</span> 
     </span>
     <span class='ocr_line' id='line_1_12' title="bbox 395 424 1713 475; baseline -0.001 -13"><span class='ocrx_word' id='word_1_30' title='bbox 395 428 663 475; x_wconf 84' lang='lat' dir='ltr'>figurandum.</span> <span class='ocrx_word' id='word_1_31' title='bbox 697 429 745 462; x_wconf 87' lang='lat' dir='ltr'>Et</span> <span class='ocrx_word' id='word_1_32' title='bbox 779 427 885 474; x_wconf 86' lang='lat' dir='ltr'>quod</span> <span class='ocrx_word' id='word_1_33' title='bbox 911 424 1057 462; x_wconf 81' lang='lat' dir='ltr'>Christi</span> <span class='ocrx_word' id='word_1_34' title='bbox 1090 424 1227 462; x_wconf 76' lang='lat' dir='ltr'>vicarii</span> <span class='ocrx_word' id='word_1_35' title='bbox 1261 426 1349 473; x_wconf 90' lang='lat' dir='ltr'>plus</span> <span class='ocrx_word' id='word_1_36' title='bbox 1382 425 1469 474; x_wconf 88' lang='lat' dir='ltr'>ipso</span> <span class='ocrx_word' id='word_1_37' title='bbox 1501 425 1713 462; x_wconf 82' lang='lat' dir='ltr'>vendicant</span> 
     </span>
     <span class='ocr_line' id='line_1_13' title="bbox 394 483 1712 532; baseline -0.002 -11"><span class='ocrx_word' id='word_1_38' title='bbox 394 485 639 522; x_wconf 89' lang='lat' dir='ltr'>instituendo</span> <span class='ocrx_word' id='word_1_39' title='bbox 664 485 839 532; x_wconf 88' lang='lat' dir='ltr'>prelatos</span> <span class='ocrx_word' id='word_1_40' title='bbox 863 483 936 519; x_wconf 83' lang='lat' dir='ltr'>sibi</span> <span class='ocrx_word' id='word_1_41' title='bbox 960 483 1185 531; x_wconf 86' lang='lat' dir='ltr'>incognitos</span> <span class='ocrx_word' id='word_1_42' title='bbox 1201 496 1320 531; x_wconf 90' lang='lat' dir='ltr'>super</span> <span class='ocrx_word' id='word_1_43' title='bbox 1336 492 1493 532; x_wconf 82' lang='lat' dir='ltr'><strong>gentem</strong></span> <span class='ocrx_word' id='word_1_44' title='bbox 1515 492 1712 520; x_wconf 88' lang='lat' dir='ltr'>remotam</span> 
     </span>
     <span class='ocr_line' id='line_1_14' title="bbox 395 540 1714 590; baseline -0.002 -11"><span class='ocrx_word' id='word_1_45' title='bbox 395 552 432 579; x_wconf 95' lang='lat' dir='ltr'>et</span> <span class='ocrx_word' id='word_1_46' title='bbox 465 542 589 580; x_wconf 90' lang='lat' dir='ltr'>alcius</span> <span class='ocrx_word' id='word_1_47' title='bbox 622 551 756 579; x_wconf 85' lang='lat' dir='ltr'>taxant</span> <span class='ocrx_word' id='word_1_48' title='bbox 795 551 837 577; x_wconf 91' lang='lat' dir='ltr'>ut</span> <span class='ocrx_word' id='word_1_49' title='bbox 872 540 966 589; x_wconf 88' lang='lat' dir='ltr'>ipsis</span> <span class='ocrx_word' id='word_1_50' title='bbox 1004 541 1200 589; x_wconf 86' lang='lat' dir='ltr'>placuerit</span> <span class='ocrx_word' id='word_1_51' title='bbox 1231 554 1302 578; x_wconf 86' lang='lat' dir='ltr'>sua</span> <span class='ocrx_word' id='word_1_52' title='bbox 1335 541 1548 590; x_wconf 90' lang='lat' dir='ltr'>stipendia,</span> <span class='ocrx_word' id='word_1_53' title='bbox 1589 541 1714 578; x_wconf 88' lang='lat' dir='ltr'>mani-</span> 
     </span>
     <span class='ocr_line' id='line_1_15' title="bbox 394 599 1712 643; baseline -0.002 -6"><span class='ocrx_word' id='word_1_54' title='bbox 394 602 490 637; x_wconf 91' lang='lat' dir='ltr'>feste</span> <span class='ocrx_word' id='word_1_55' title='bbox 541 600 693 636; x_wconf 88' lang='lat' dir='ltr'>indicat</span> <span class='ocrx_word' id='word_1_56' title='bbox 736 599 1027 636; x_wconf 89' lang='lat' dir='ltr'>Antichristum</span> <span class='ocrx_word' id='word_1_57' title='bbox 1081 599 1192 635; x_wconf 88' lang='lat' dir='ltr'>cuius</span> <span class='ocrx_word' id='word_1_58' title='bbox 1242 599 1404 636; x_wconf 88' lang='lat' dir='ltr'>inicium</span> <span class='ocrx_word' id='word_1_59' title='bbox 1453 609 1509 636; x_wconf 90' lang='lat' dir='ltr'>est</span> <span class='ocrx_word' id='word_1_60' title='bbox 1555 599 1712 643; x_wconf 80' lang='lat' dir='ltr'>cecitas7</span> 
     </span>
     <span class='ocr_line' id='line_1_16' title="bbox 395 657 1713 708; baseline -0.002 -13"><span class='ocrx_word' id='word_1_61' title='bbox 395 660 503 708; x_wconf 86' lang='lat' dir='ltr'>quod</span> <span class='ocrx_word' id='word_1_62' title='bbox 537 671 579 695; x_wconf 83' lang='lat' dir='ltr'>ex</span> <span class='ocrx_word' id='word_1_63' title='bbox 612 658 868 695; x_wconf 83' lang='lat' dir='ltr'>institucione</span> <span class='ocrx_word' id='word_1_64' title='bbox 908 659 1083 694; x_wconf 91' lang='lat' dir='ltr'>humana</span> <span class='ocrx_word' id='word_1_65' title='bbox 1117 657 1264 694; x_wconf 84' lang='lat' dir='ltr'>Christi</span> <span class='ocrx_word' id='word_1_66' title='bbox 1296 657 1467 694; x_wconf 77' lang='lat' dir='ltr'>vicarius</span> <span class='ocrx_word' id='word_1_67' title='bbox 1500 658 1713 705; x_wconf 86' lang='lat' dir='ltr'>reguletur.</span> 
     </span>
     <span class='ocr_line' id='line_1_17' title="bbox 396 715 1713 764; baseline -0.002 -11"><span class='ocrx_word' id='word_1_68' title='bbox 396 720 514 753; x_wconf 90' lang='lat' dir='ltr'>Istam</span> <span class='ocrx_word' id='word_1_69' title='bbox 562 716 666 753; x_wconf 87' lang='lat' dir='ltr'>enim</span> <span class='ocrx_word' id='word_1_70' title='bbox 713 715 1005 764; x_wconf 79' lang='lat' dir='ltr'>blasphemiam</span> <span class='ocrx_word' id='word_1_71' title='bbox 1038 715 1307 752; x_wconf 85' lang='lat' dir='ltr'>Antichristus</span> <span class='ocrx_word' id='word_1_72' title='bbox 1351 715 1441 752; x_wconf 92' lang='lat' dir='ltr'>ideo</span> <span class='ocrx_word' id='word_1_73' title='bbox 1481 715 1713 761; x_wconf 81' lang='lat' dir='ltr'>introduxit,</span> 
     </span>
     <span class='ocr_line' id='line_1_18' title="bbox 395 773 1715 822; baseline -0.002 -11"><span class='ocrx_word' id='word_1_74' title='bbox 395 784 437 811; x_wconf 92' lang='lat' dir='ltr'>ut</span> <span class='ocrx_word' id='word_1_75' title='bbox 469 775 509 811; x_wconf 86' lang='lat' dir='ltr'>in</span> <span class='ocrx_word' id='word_1_76' title='bbox 543 774 738 811; x_wconf 87' lang='lat' dir='ltr'>maiorem</span> <span class='ocrx_word' id='word_1_77' title='bbox 772 774 996 822; x_wconf 86' lang='lat' dir='ltr'>precipitet.</span> <span class='ocrx_word' id='word_1_78' title='bbox 1031 773 1143 810; x_wconf 85' lang='lat' dir='ltr'>Sicut</span> <span class='ocrx_word' id='word_1_79' title='bbox 1166 785 1259 822; x_wconf 87' lang='lat' dir='ltr'>ergo</span> <span class='ocrx_word' id='word_1_80' title='bbox 1283 773 1456 822; x_wconf 90' lang='lat' dir='ltr'>apostoli</span> <span class='ocrx_word' id='word_1_81' title='bbox 1490 775 1715 810; x_wconf 89' lang='lat' dir='ltr'>habuerunt</span> 
     </span>
     <span class='ocr_line' id='line_1_19' title="bbox 395 831 1716 880; baseline -0.002 -11"><span class='ocrx_word' id='word_1_82' title='bbox 395 846 439 869; x_wconf 80' lang='lat' dir='ltr'>ex</span> <span class='ocrx_word' id='word_1_83' title='bbox 482 832 672 869; x_wconf 87' lang='lat' dir='ltr'>instinctu</span> <span class='ocrx_word' id='word_1_84' title='bbox 705 831 876 880; x_wconf 86' lang='lat' dir='ltr'>Spiritus</span> <span class='ocrx_word' id='word_1_85' title='bbox 909 831 1108 868; x_wconf 87' lang='lat' dir='ltr'>subiectos</span> <span class='ocrx_word' id='word_1_86' title='bbox 1145 831 1185 867; x_wconf 91' lang='lat' dir='ltr'>in</span> <span class='ocrx_word' id='word_1_87' title='bbox 1223 831 1395 880; x_wconf 89' lang='lat' dir='ltr'>patriam</span> <span class='ocrx_word' id='word_1_88' title='bbox 1440 831 1634 868; x_wconf 91' lang='lat' dir='ltr'>limitatos</span> <span class='ocrx_word' id='word_1_89' title='bbox 1679 841 1716 868; x_wconf 93' lang='lat' dir='ltr'>et</span> 
     </span>
     <span class='ocr_line' id='line_1_20' title="bbox 396 889 1714 938; baseline -0.002 -11"><span class='ocrx_word' id='word_1_90' title='bbox 396 890 630 927; x_wconf 72' lang='lat' dir='ltr'>universalis</span> <span class='ocrx_word' id='word_1_91' title='bbox 674 890 870 927; x_wconf 89' lang='lat' dir='ltr'>limitacio</span> <span class='ocrx_word' id='word_1_92' title='bbox 920 899 1129 938; x_wconf 82' lang='lat' dir='ltr'>tamquam</span> <span class='ocrx_word' id='word_1_93' title='bbox 1176 891 1259 926; x_wconf 91' lang='lat' dir='ltr'>Deo</span> <span class='ocrx_word' id='word_1_94' title='bbox 1311 889 1476 938; x_wconf 91' lang='lat' dir='ltr'>propria</span> <span class='ocrx_word' id='word_1_95' title='bbox 1529 903 1551 926; x_wconf 86' lang='lat' dir='ltr'>a</span> <span class='ocrx_word' id='word_1_96' title='bbox 1604 890 1714 926; x_wconf 89' lang='lat' dir='ltr'>nullo</span> 
     </span>
     <span class='ocr_line' id='line_1_21' title="bbox 397 947 1715 996; baseline -0.002 -11"><span class='ocrx_word' id='word_1_97' title='bbox 397 962 536 985; x_wconf 91' lang='lat' dir='ltr'>eorum</span> <span class='ocrx_word' id='word_1_98' title='bbox 583 949 840 996; x_wconf 89' lang='lat' dir='ltr'>dependerat,</span> <span class='ocrx_word' id='word_1_99' title='bbox 887 948 943 985; x_wconf 89' lang='lat' dir='ltr'>sic</span> <span class='ocrx_word' id='word_1_100' title='bbox 990 950 1106 984; x_wconf 89' lang='lat' dir='ltr'>debet</span> <span class='ocrx_word' id='word_1_101' title='bbox 1147 960 1230 984; x_wconf 90' lang='lat' dir='ltr'>esse</span> <span class='ocrx_word' id='word_1_102' title='bbox 1275 947 1394 984; x_wconf 91' lang='lat' dir='ltr'>hodie</span> <span class='ocrx_word' id='word_1_103' title='bbox 1439 947 1715 984; x_wconf 85' lang='lat' dir='ltr'>sacerdotibus</span> 
     </span>
     <span class='ocr_line' id='line_1_22' title="bbox 397 1005 1716 1055; baseline -0.002 -12"><span class='ocrx_word' id='word_1_104' title='bbox 397 1007 539 1055; x_wconf 87' lang='lat' dir='ltr'>spiritu</span> <span class='ocrx_word' id='word_1_105' title='bbox 572 1006 644 1043; x_wconf 90' lang='lat' dir='ltr'>Dei</span> <span class='ocrx_word' id='word_1_106' title='bbox 683 1006 811 1043; x_wconf 84' lang='lat' dir='ltr'>ductis</span> <span class='ocrx_word' id='word_1_107' title='bbox 851 1015 887 1043; x_wconf 90' lang='lat' dir='ltr'>et</span> <span class='ocrx_word' id='word_1_108' title='bbox 925 1006 1078 1054; x_wconf 85' lang='lat' dir='ltr'>legibus</span> <span class='ocrx_word' id='word_1_109' title='bbox 1118 1018 1314 1054; x_wconf 87' lang='lat' dir='ltr'>paparum</span> <span class='ocrx_word' id='word_1_110' title='bbox 1356 1005 1525 1042; x_wconf 90' lang='lat' dir='ltr'>cesareis</span> <span class='ocrx_word' id='word_1_111' title='bbox 1564 1014 1716 1054; x_wconf 89' lang='lat' dir='ltr'>preter—</span> 
     </span>
     <span class='ocr_line' id='line_1_23' title="bbox 397 1063 1715 1112; baseline -0.002 -11"><span class='ocrx_word' id='word_1_112' title='bbox 397 1064 539 1101; x_wconf 88' lang='lat' dir='ltr'>missis.</span> <span class='ocrx_word' id='word_1_113' title='bbox 588 1065 665 1101; x_wconf 84' lang='lat' dir='ltr'>Sed</span> <span class='ocrx_word' id='word_1_114' title='bbox 698 1076 858 1101; x_wconf 85' lang='lat' dir='ltr'>necesse</span> <span class='ocrx_word' id='word_1_115' title='bbox 903 1065 1004 1100; x_wconf 89' lang='lat' dir='ltr'>foret</span> <span class='ocrx_word' id='word_1_116' title='bbox 1049 1065 1097 1100; x_wconf 92' lang='lat' dir='ltr'>ab</span> <span class='ocrx_word' id='word_1_117' title='bbox 1143 1064 1219 1100; x_wconf 92' lang='lat' dir='ltr'>isto</span> <span class='ocrx_word' id='word_1_118' title='bbox 1263 1063 1390 1100; x_wconf 91' lang='lat' dir='ltr'>ordiri</span> <span class='ocrx_word' id='word_1_119' title='bbox 1435 1065 1542 1112; x_wconf 88' lang='lat' dir='ltr'>quod</span> <span class='ocrx_word' id='word_1_120' title='bbox 1588 1064 1715 1100; x_wconf 90' lang='lat' dir='ltr'>curati</span> 
     </span>
     <span class='ocr_line' id='line_1_24' title="bbox 397 1121 1716 1171; baseline -0.001 -12"><span class='ocrx_word' id='word_1_121' title='bbox 397 1123 528 1171; x_wconf 89' lang='lat' dir='ltr'>primo</span> <span class='ocrx_word' id='word_1_122' title='bbox 575 1131 781 1170; x_wconf 79' lang='lat' dir='ltr'>expectent</span> <span class='ocrx_word' id='word_1_123' title='bbox 820 1136 842 1159; x_wconf 86' lang='lat' dir='ltr'>a</span> <span class='ocrx_word' id='word_1_124' title='bbox 880 1125 964 1159; x_wconf 92' lang='lat' dir='ltr'>Deo</span> <span class='ocrx_word' id='word_1_125' title='bbox 1004 1121 1247 1170; x_wconf 83' lang='lat' dir='ltr'>stipendium</span> <span class='ocrx_word' id='word_1_126' title='bbox 1288 1130 1326 1158; x_wconf 90' lang='lat' dir='ltr'>et</span> <span class='ocrx_word' id='word_1_127' title='bbox 1365 1130 1618 1158; x_wconf 84' lang='lat' dir='ltr'>mensuretur</span> <span class='ocrx_word' id='word_1_128' title='bbox 1662 1121 1716 1158; x_wconf 90' lang='lat' dir='ltr'>eis</span> 
     </span>
     <span class='ocr_line' id='line_1_25' title="bbox 398 1179 1717 1229; baseline -0.002 -12"><span class='ocrx_word' id='word_1_129' title='bbox 398 1181 514 1229; x_wconf 90' lang='lat' dir='ltr'>copia</span> <span class='ocrx_word' id='word_1_130' title='bbox 548 1180 847 1229; x_wconf 81' lang='lat' dir='ltr'>temporalium,</span> <span class='ocrx_word' id='word_1_131' title='bbox 883 1189 924 1216; x_wconf 93' lang='lat' dir='ltr'>ut</span> <span class='ocrx_word' id='word_1_132' title='bbox 958 1179 1125 1228; x_wconf 79' lang='lat' dir='ltr'>exigitur</span> <span class='ocrx_word' id='word_1_133' title='bbox 1159 1181 1208 1216; x_wconf 90' lang='lat' dir='ltr'>ad</span> <span class='ocrx_word' id='word_1_134' title='bbox 1242 1179 1340 1215; x_wconf 87' lang='lat' dir='ltr'>illud</span> <span class='ocrx_word' id='word_1_135' title='bbox 1373 1179 1564 1216; x_wconf 86' lang='lat' dir='ltr'>officium.</span> <span class='ocrx_word' id='word_1_136' title='bbox 1603 1181 1717 1216; x_wconf 89' lang='lat' dir='ltr'>Tunc</span> 
     </span>
     <span class='ocr_line' id='line_1_26' title="bbox 397 1237 1717 1287; baseline -0.002 -12"><span class='ocrx_word' id='word_1_137' title='bbox 397 1239 502 1276; x_wconf 89' lang='lat' dir='ltr'>enim</span> <span class='ocrx_word' id='word_1_138' title='bbox 537 1251 618 1275; x_wconf 94' lang='lat' dir='ltr'>non</span> <span class='ocrx_word' id='word_1_139' title='bbox 651 1239 706 1275; x_wconf 93' lang='lat' dir='ltr'>sic</span> <span class='ocrx_word' id='word_1_140' title='bbox 739 1239 892 1275; x_wconf 67' lang='lat' dir='ltr'>volaret</span> <span class='ocrx_word' id='word_1_141' title='bbox 926 1247 1137 1287; x_wconf 88' lang='lat' dir='ltr'>peccatum</span> <span class='ocrx_word' id='word_1_142' title='bbox 1162 1237 1439 1285; x_wconf 75' lang='lat' dir='ltr'>symoniacum</span> <span class='ocrx_word' id='word_1_143' title='bbox 1472 1250 1545 1274; x_wconf 90' lang='lat' dir='ltr'>nec</span> <span class='ocrx_word' id='word_1_144' title='bbox 1577 1250 1717 1286; x_wconf 88' lang='lat' dir='ltr'>accep-</span> 
     </span>
     <span class='ocr_line' id='line_1_27' title="bbox 397 1296 1716 1345; baseline -0.001 -12"><span class='ocrx_word' id='word_1_145' title='bbox 397 1306 498 1333; x_wconf 85' lang='lat' dir='ltr'>taret</span> <span class='ocrx_word' id='word_1_146' title='bbox 514 1296 601 1345; x_wconf 87' lang='lat' dir='ltr'>quis</span> <span class='ocrx_word' id='word_1_147' title='bbox 623 1297 785 1345; x_wconf 89' lang='lat' dir='ltr'>regendi</span> <span class='ocrx_word' id='word_1_148' title='bbox 807 1296 984 1333; x_wconf 87' lang='lat' dir='ltr'>officium</span> <span class='ocrx_word' id='word_1_149' title='bbox 1008 1296 1084 1332; x_wconf 90' lang='lat' dir='ltr'>nisi</span> <span class='ocrx_word' id='word_1_150' title='bbox 1106 1297 1310 1332; x_wconf 88' lang='lat' dir='ltr'>noscendo</span> <span class='ocrx_word' id='word_1_151' title='bbox 1334 1308 1404 1343; x_wconf 86' lang='lat' dir='ltr'>per</span> <span class='ocrx_word' id='word_1_152' title='bbox 1427 1296 1716 1332; x_wconf 78' lang='lat' dir='ltr'>revelacionem</span> 
     </span>
     <span class='ocr_line' id='line_1_28' title="bbox 397 1353 1717 1403; baseline -0.001 -12"><span class='ocrx_word' id='word_1_153' title='bbox 397 1356 457 1391; x_wconf 76' lang='lat' dir='ltr'>vel</span> <span class='ocrx_word' id='word_1_154' title='bbox 490 1355 753 1403; x_wconf 86' lang='lat' dir='ltr'>probabiliter</span> <span class='ocrx_word' id='word_1_155' title='bbox 791 1356 991 1392; x_wconf 90' lang='lat' dir='ltr'>credendo</span> <span class='ocrx_word' id='word_1_156' title='bbox 1025 1355 1133 1403; x_wconf 86' lang='lat' dir='ltr'>quod</span> <span class='ocrx_word' id='word_1_157' title='bbox 1166 1353 1215 1390; x_wconf 89' lang='lat' dir='ltr'>sit</span> <span class='ocrx_word' id='word_1_158' title='bbox 1249 1354 1426 1390; x_wconf 88' lang='lat' dir='ltr'>medium</span> <span class='ocrx_word' id='word_1_159' title='bbox 1461 1356 1510 1391; x_wconf 93' lang='lat' dir='ltr'>ad</span> <span class='ocrx_word' id='word_1_160' title='bbox 1544 1353 1717 1402; x_wconf 83' lang='lat' dir='ltr'>amplius</span> 
     </span>
     <span class='ocr_line' id='line_1_29' title="bbox 398 1414 726 1462; baseline -0.003 -12"><span class='ocrx_word' id='word_1_161' title='bbox 398 1414 726 1462; x_wconf 86' lang='lat' dir='ltr'>promerendum.</span> 
     </span>
    </p>
   </div>
   <div class='ocr_carea' id='block_1_5' title="bbox 842 1537 1276 1579">
    <p class='ocr_par' dir='ltr' id='par_1_6' title="bbox 842 1537 1276 1579">
     <span class='ocr_line' id='line_1_30' title="bbox 842 1537 1276 1579; baseline -0.002 -1"><span class='ocrx_word' id='word_1_162' title='bbox 842 1537 1037 1578; x_wconf 84' lang='lat' dir='ltr'>SERMO</span> <span class='ocrx_word' id='word_1_163' title='bbox 1069 1538 1276 1579; x_wconf 87' lang='lat' dir='ltr'>XXXVII.</span> 
     </span>
    </p>
   </div>
   <div class='ocr_carea' id='block_1_6' title="bbox 399 1644 1718 2157">
    <p class='ocr_par' dir='ltr' id='par_1_7' title="bbox 462 1644 1408 1682">
     <span class='ocr_line' id='line_1_31' title="bbox 462 1644 1408 1682; baseline -0.003 -1"><span class='ocrx_word' id='word_1_164' title='bbox 462 1645 557 1681; x_wconf 84' lang='lat' dir='ltr'>Cum</span> <span class='ocrx_word' id='word_1_165' title='bbox 589 1645 700 1681; x_wconf 86' lang='lat' dir='ltr'>turbe</span> <span class='ocrx_word' id='word_1_166' title='bbox 732 1644 928 1680; x_wconf 82' lang='lat' dir='ltr'>irruerent</span> <span class='ocrx_word' id='word_1_167' title='bbox 960 1644 995 1680; x_wconf 85' lang='lat' dir='ltr'>in</span> <span class='ocrx_word' id='word_1_168' title='bbox 1027 1644 1169 1682; x_wconf 83' lang='lat' dir='ltr'>Jesum.</span> <span class='ocrx_word' id='word_1_169' title='bbox 1204 1645 1309 1680; x_wconf 90' lang='lat' dir='ltr'>Luce</span> <span class='ocrx_word' id='word_1_170' title='bbox 1340 1644 1408 1679; x_wconf 71' lang='lat' dir='ltr'>Vs&#39;.</span> 
     </span>
    </p>

    <p class='ocr_par' dir='ltr' id='par_1_8' title="bbox 399 1701 1718 2157">
     <span class='ocr_line' id='line_1_32' title="bbox 457 1701 1716 1751; baseline -0.001 -12"><span class='ocrx_word' id='word_1_171' title='bbox 457 1705 569 1740; x_wconf 88' lang='lat' dir='ltr'>Patet</span> <span class='ocrx_word' id='word_1_172' title='bbox 621 1702 754 1751; x_wconf 91' lang='lat' dir='ltr'>primo</span> <span class='ocrx_word' id='word_1_173' title='bbox 805 1711 945 1739; x_wconf 84' lang='lat' dir='ltr'>notata</span> <span class='ocrx_word' id='word_1_174' title='bbox 998 1701 1165 1738; x_wconf 90' lang='lat' dir='ltr'>historia</span> <span class='ocrx_word' id='word_1_175' title='bbox 1210 1702 1417 1750; x_wconf 90' lang='lat' dir='ltr'>quomodo</span> <span class='ocrx_word' id='word_1_176' title='bbox 1462 1703 1511 1738; x_wconf 89' lang='lat' dir='ltr'>ad</span> <span class='ocrx_word' id='word_1_177' title='bbox 1556 1714 1716 1739; x_wconf 89' lang='lat' dir='ltr'>sensum</span> 
     </span>
     <span class='ocr_line' id='line_1_33' title="bbox 399 1760 1717 1809; baseline 0 -12"><span class='ocrx_word' id='word_1_178' title='bbox 399 1761 660 1809; x_wconf 87' lang='lat' dir='ltr'>allegoricum</span> <span class='ocrx_word' id='word_1_179' title='bbox 705 1770 888 1808; x_wconf 80' lang='lat' dir='ltr'>stagnum</span> <span class='ocrx_word' id='word_1_180' title='bbox 925 1761 1171 1797; x_wconf 87' lang='lat' dir='ltr'>Genezareth</span> <span class='ocrx_word' id='word_1_181' title='bbox 1217 1769 1273 1796; x_wconf 90' lang='lat' dir='ltr'>est</span> <span class='ocrx_word' id='word_1_182' title='bbox 1318 1760 1480 1796; x_wconf 89' lang='lat' dir='ltr'>turbata</span> <span class='ocrx_word' id='word_1_183' title='bbox 1524 1760 1717 1808; x_wconf 82' lang='lat' dir='ltr'>fragilitas</span> 
     </span>
     <span class='ocr_line' id='line_1_34' title="bbox 400 1817 1718 1867; baseline 0 -12"><span class='ocrx_word' id='word_1_184' title='bbox 400 1819 516 1855; x_wconf 90' lang='lat' dir='ltr'>huius</span> <span class='ocrx_word' id='word_1_185' title='bbox 550 1818 870 1856; x_wconf 80' lang='lat' dir='ltr'>conversacionis</span> <span class='ocrx_word' id='word_1_186' title='bbox 908 1820 1030 1867; x_wconf 84' lang='lat' dir='ltr'>lapse,</span> <span class='ocrx_word' id='word_1_187' title='bbox 1071 1831 1161 1855; x_wconf 88' lang='lat' dir='ltr'>cum</span> <span class='ocrx_word' id='word_1_188' title='bbox 1202 1817 1341 1854; x_wconf 90' lang='lat' dir='ltr'>mundi</span> <span class='ocrx_word' id='word_1_189' title='bbox 1381 1818 1631 1855; x_wconf 83' lang='lat' dir='ltr'>confidencia</span> <span class='ocrx_word' id='word_1_190' title='bbox 1669 1819 1718 1855; x_wconf 93' lang='lat' dir='ltr'>sit</span> 
     </span>
     <span class='ocr_line' id='line_1_35' title="bbox 400 1876 1718 1925; baseline 0.001 -12"><span class='ocrx_word' id='word_1_191' title='bbox 400 1877 529 1914; x_wconf 89' lang='lat' dir='ltr'>labilis</span> <span class='ocrx_word' id='word_1_192' title='bbox 575 1886 611 1913; x_wconf 90' lang='lat' dir='ltr'>et</span> <span class='ocrx_word' id='word_1_193' title='bbox 656 1877 899 1913; x_wconf 88' lang='lat' dir='ltr'>inconstans.</span> <span class='ocrx_word' id='word_1_194' title='bbox 959 1879 1072 1913; x_wconf 92' lang='lat' dir='ltr'>Nunc</span> <span class='ocrx_word' id='word_1_195' title='bbox 1119 1876 1224 1913; x_wconf 88' lang='lat' dir='ltr'>enim</span> <span class='ocrx_word' id='word_1_196' title='bbox 1269 1877 1453 1912; x_wconf 90' lang='lat' dir='ltr'>turbatur</span> <span class='ocrx_word' id='word_1_197' title='bbox 1499 1877 1570 1913; x_wconf 89' lang='lat' dir='ltr'>hec</span> <span class='ocrx_word' id='word_1_198' title='bbox 1614 1889 1718 1925; x_wconf 89' lang='lat' dir='ltr'>aqua</span> 
     </span>
     <span class='ocr_line' id='line_1_36' title="bbox 400 1933 1718 1982; baseline -0.001 -10"><span class='ocrx_word' id='word_1_199' title='bbox 400 1936 597 1972; x_wconf 85' lang='lat' dir='ltr'>fluctuans</span> <span class='ocrx_word' id='word_1_200' title='bbox 629 1944 747 1971; x_wconf 72' lang='lat' dir='ltr'>vento</span> <span class='ocrx_word' id='word_1_201' title='bbox 775 1935 972 1982; x_wconf 80' lang='lat' dir='ltr'>superbie,</span> <span class='ocrx_word' id='word_1_202' title='bbox 1005 1947 1112 1971; x_wconf 87' lang='lat' dir='ltr'>nunc</span> <span class='ocrx_word' id='word_1_203' title='bbox 1136 1933 1373 1970; x_wconf 88' lang='lat' dir='ltr'>diminuitur</span> <span class='ocrx_word' id='word_1_204' title='bbox 1406 1934 1520 1982; x_wconf 88' lang='lat' dir='ltr'>lapsu</span> <span class='ocrx_word' id='word_1_205' title='bbox 1544 1935 1718 1971; x_wconf 89' lang='lat' dir='ltr'>humane</span> 
     </span>
     <span class='ocr_line' id='line_1_37' title="bbox 400 1992 1717 2041; baseline 0 -12"><span class='ocrx_word' id='word_1_206' title='bbox 400 1993 571 2040; x_wconf 87' lang='lat' dir='ltr'>miserie,</span> <span class='ocrx_word' id='word_1_207' title='bbox 617 1993 707 2029; x_wconf 89' lang='lat' dir='ltr'>ideo</span> <span class='ocrx_word' id='word_1_208' title='bbox 752 1992 954 2041; x_wconf 82' lang='lat' dir='ltr'>signanter</span> <span class='ocrx_word' id='word_1_209' title='bbox 993 1993 1239 2029; x_wconf 86' lang='lat' dir='ltr'>Genezareth</span> <span class='ocrx_word' id='word_1_210' title='bbox 1283 1992 1570 2039; x_wconf 88' lang='lat' dir='ltr'>interpretatur</span> <span class='ocrx_word' id='word_1_211' title='bbox 1619 1992 1717 2029; x_wconf 84' lang='lat' dir='ltr'>inita</span> 
     </span>
     <span class='ocr_line' id='line_1_38' title="bbox 399 2048 1715 2099; baseline 0 -12"><span class='ocrx_word' id='word_1_212' title='bbox 399 2051 599 2097; x_wconf 78' lang='lat' dir='ltr'>nativitas,</span> <span class='ocrx_word' id='word_1_213' title='bbox 646 2050 739 2099; x_wconf 91' lang='lat' dir='ltr'>quia</span> <span class='ocrx_word' id='word_1_214' title='bbox 784 2050 823 2086; x_wconf 85' lang='lat' dir='ltr'>in</span> <span class='ocrx_word' id='word_1_215' title='bbox 868 2059 1004 2088; x_wconf 73' lang='lat' dir='ltr'>ventre</span> <span class='ocrx_word' id='word_1_216' title='bbox 1049 2050 1188 2087; x_wconf 88' lang='lat' dir='ltr'>matris</span> <span class='ocrx_word' id='word_1_217' title='bbox 1232 2049 1372 2097; x_wconf 89' lang='lat' dir='ltr'>incipit</span> <span class='ocrx_word' id='word_1_218' title='bbox 1416 2048 1491 2086; x_wconf 88' lang='lat' dir='ltr'>ista</span> <span class='ocrx_word' id='word_1_219' title='bbox 1535 2050 1715 2096; x_wconf 67' lang='lat' dir='ltr'>miseria:</span> 
     </span>
     <span class='ocr_line' id='line_1_39' title="bbox 400 2107 1715 2157; baseline 0 -12"><span class='ocrx_word' id='word_1_220' title='bbox 400 2109 525 2146; x_wconf 90' lang='lat' dir='ltr'>tercio</span> <span class='ocrx_word' id='word_1_221' title='bbox 569 2109 663 2145; x_wconf 90' lang='lat' dir='ltr'>fetet</span> <span class='ocrx_word' id='word_1_222' title='bbox 706 2118 749 2145; x_wconf 90' lang='lat' dir='ltr'>ut</span> <span class='ocrx_word' id='word_1_223' title='bbox 795 2121 905 2145; x_wconf 87' lang='lat' dir='ltr'>mare</span> <span class='ocrx_word' id='word_1_224' title='bbox 944 2118 981 2145; x_wconf 89' lang='lat' dir='ltr'>et</span> <span class='ocrx_word' id='word_1_225' title='bbox 1020 2118 1164 2157; x_wconf 89' lang='lat' dir='ltr'>quarto</span> <span class='ocrx_word' id='word_1_226' title='bbox 1203 2116 1260 2144; x_wconf 84' lang='lat' dir='ltr'>est</span> <span class='ocrx_word' id='word_1_227' title='bbox 1297 2120 1430 2156; x_wconf 87' lang='lat' dir='ltr'>pugna</span> <span class='ocrx_word' id='word_1_228' title='bbox 1468 2107 1637 2155; x_wconf 88' lang='lat' dir='ltr'>piscium</span> <span class='ocrx_word' id='word_1_229' title='bbox 1677 2117 1715 2145; x_wconf 89' lang='lat' dir='ltr'>et</span> 
     </span>
    </p>
   </div>
   <div class='ocr_carea' id='block_1_7' title="bbox 1736 901 1774 923">
    <p class='ocr_par' dir='ltr' id='par_1_9' title="bbox 1736 901 1774 923">
     <span class='ocr_line' id='line_1_40' title="bbox 1736 901 1774 923; baseline -0.026 0"><span class='ocrx_word' id='word_1_230' title='bbox 1736 901 1774 923; x_wconf 85' lang='lat'>10</span> 
     </span>
    </p>
   </div>
   <div class='ocr_carea' id='block_1_8' title="bbox 1737 1181 1772 1213">
    <p class='ocr_par' dir='ltr' id='par_1_10' title="bbox 1737 1181 1772 1213">
     <span class='ocr_line' id='line_1_41' title="bbox 1737 1181 1772 1213; baseline 0 0"><span class='ocrx_word' id='word_1_231' title='bbox 1737 1181 1772 1213; x_wconf 82' lang='lat'>15</span> 
     </span>
    </p>
   </div>
   <div class='ocr_carea' id='block_1_9' title="bbox 1734 1551 1775 1573">
    <p class='ocr_par' dir='ltr' id='par_1_11' title="bbox 1734 1551 1775 1573">
     <span class='ocr_line' id='line_1_42' title="bbox 1734 1551 1775 1573; baseline -0.024 0"><span class='ocrx_word' id='word_1_232' title='bbox 1734 1551 1775 1573; x_wconf 84' lang='lat'>20</span> 
     </span>
    </p>
   </div>
   <div class='ocr_carea' id='block_1_10' title="bbox 1735 1879 1775 1912">
    <p class='ocr_par' dir='ltr' id='par_1_12' title="bbox 1735 1879 1775 1912">
     <span class='ocr_line' id='line_1_43' title="bbox 1735 1879 1775 1912; baseline 0.05 -2"><span class='ocrx_word' id='word_1_233' title='bbox 1735 1879 1775 1912; x_wconf 83' lang='lat'>25</span> 
     </span>
    </p>
   </div>
   <div class='ocr_carea' id='block_1_11' title="bbox 400 2165 1774 2213">
    <p class='ocr_par' dir='ltr' id='par_1_13' title="bbox 400 2165 1774 2213">
     <span class='ocr_line' id='line_1_44' title="bbox 400 2165 1774 2213; baseline -0.002 -10"><span class='ocrx_word' id='word_1_234' title='bbox 400 2168 554 2204; x_wconf 90' lang='lat' dir='ltr'>alterna</span> <span class='ocrx_word' id='word_1_235' title='bbox 599 2167 836 2204; x_wconf 87' lang='lat' dir='ltr'>destruccio.</span> <span class='ocrx_word' id='word_1_236' title='bbox 870 2167 988 2204; x_wconf 90' lang='lat' dir='ltr'>Tales</span> <span class='ocrx_word' id='word_1_237' title='bbox 1033 2176 1122 2203; x_wconf 91' lang='lat' dir='ltr'>sunt</span> <span class='ocrx_word' id='word_1_238' title='bbox 1168 2167 1291 2202; x_wconf 90' lang='lat' dir='ltr'>multe</span> <span class='ocrx_word' id='word_1_239' title='bbox 1334 2165 1601 2213; x_wconf 87' lang='lat' dir='ltr'>proprietates</span> <span class='ocrx_word' id='word_1_240' title='bbox 1647 2179 1716 2202; x_wconf 94' lang='lat' dir='ltr'>cur</span> <span class='ocrx_word' id='word_1_241' title='bbox 1733 2169 1774 2201; x_wconf 80' lang='lat'>30</span> 
     </span>
    </p>
   </div>
   <div class='ocr_carea' id='block_1_12' title="bbox 402 2223 1716 2331">
    <p class='ocr_par' dir='ltr' id='par_1_14' title="bbox 402 2223 1716 2331">
     <span class='ocr_line' id='line_1_45' title="bbox 402 2223 1716 2273; baseline -0.002 -11"><span class='ocrx_word' id='word_1_242' title='bbox 402 2238 511 2262; x_wconf 89' lang='lat' dir='ltr'>mare</span> <span class='ocrx_word' id='word_1_243' title='bbox 544 2226 651 2273; x_wconf 87' lang='lat' dir='ltr'>quod</span> <span class='ocrx_word' id='word_1_244' title='bbox 684 2226 904 2262; x_wconf 87' lang='lat' dir='ltr'>secundum</span> <span class='ocrx_word' id='word_1_245' title='bbox 938 2226 1118 2261; x_wconf 90' lang='lat' dir='ltr'>Hebreos</span> <span class='ocrx_word' id='word_1_246' title='bbox 1142 2233 1198 2260; x_wconf 90' lang='lat' dir='ltr'>est</span> <span class='ocrx_word' id='word_1_247' title='bbox 1222 2235 1417 2272; x_wconf 88' lang='lat' dir='ltr'>aquarum</span> <span class='ocrx_word' id='word_1_248' title='bbox 1453 2223 1716 2272; x_wconf 77' lang='lat' dir='ltr'>congregacio</span> 
     </span>
     <span class='ocr_line' id='line_1_46' title="bbox 402 2284 859 2331; baseline 0 -12"><span class='ocrx_word' id='word_1_249' title='bbox 402 2292 662 2331; x_wconf 83' lang='lat' dir='ltr'>comparatur</span> <span class='ocrx_word' id='word_1_250' title='bbox 696 2284 859 2320; x_wconf 89' lang='lat' dir='ltr'>mundo.</span> 
     </span>
    </p>
   </div>
   <div class='ocr_carea' id='block_1_13' title="bbox 402 2339 1718 2446">
    <p class='ocr_par' dir='ltr' id='par_1_15' title="bbox 402 2339 1718 2446">
     <span class='ocr_line' id='line_1_47' title="bbox 459 2339 1716 2387; baseline -0.002 -10"><span class='ocrx_word' id='word_1_251' title='bbox 459 2342 644 2377; x_wconf 88' lang='lat' dir='ltr'>Secundo</span> <span class='ocrx_word' id='word_1_252' title='bbox 666 2340 792 2377; x_wconf 87' lang='lat' dir='ltr'>stacio</span> <span class='ocrx_word' id='word_1_253' title='bbox 808 2340 955 2378; x_wconf 87' lang='lat' dir='ltr'>Christi</span> <span class='ocrx_word' id='word_1_254' title='bbox 980 2340 1087 2377; x_wconf 88' lang='lat' dir='ltr'>iuxta</span> <span class='ocrx_word' id='word_1_255' title='bbox 1110 2349 1293 2387; x_wconf 86' lang='lat' dir='ltr'>stagnum</span> <span class='ocrx_word' id='word_1_256' title='bbox 1321 2347 1377 2375; x_wconf 84' lang='lat' dir='ltr'>est</span> <span class='ocrx_word' id='word_1_257' title='bbox 1400 2339 1716 2376; x_wconf 87' lang='lat' dir='ltr'>stabilimentum</span> 
     </span>
     <span class='ocr_line' id='line_1_48' title="bbox 402 2397 1718 2446; baseline 0 -12"><span class='ocrx_word' id='word_1_258' title='bbox 402 2397 620 2435; x_wconf 88' lang='lat' dir='ltr'>divinitatis</span> <span class='ocrx_word' id='word_1_259' title='bbox 658 2410 726 2434; x_wconf 88' lang='lat' dir='ltr'>sue</span> <span class='ocrx_word' id='word_1_260' title='bbox 764 2411 884 2446; x_wconf 88' lang='lat' dir='ltr'>supra</span> <span class='ocrx_word' id='word_1_261' title='bbox 924 2407 960 2435; x_wconf 85' lang='lat' dir='ltr'>et</span> <span class='ocrx_word' id='word_1_262' title='bbox 994 2407 1102 2434; x_wconf 82' lang='lat' dir='ltr'>extra</span> <span class='ocrx_word' id='word_1_263' title='bbox 1134 2409 1295 2434; x_wconf 87' lang='lat' dir='ltr'>omnem</span> <span class='ocrx_word' id='word_1_264' title='bbox 1330 2407 1569 2443; x_wconf 85' lang='lat' dir='ltr'>creaturam,</span> <span class='ocrx_word' id='word_1_265' title='bbox 1609 2406 1718 2434; x_wconf 87' lang='lat' dir='ltr'>ante-</span> 
     </span>
    </p>
   </div>
   <div class='ocr_carea' id='block_1_14' title="bbox 402 2543 1716 2821">
    <p class='ocr_par' dir='ltr' id='par_1_16' title="bbox 402 2543 1716 2821">
     <span class='ocr_line' id='line_1_49' title="bbox 474 2543 1716 2579; baseline 0 -9"><span class='ocrx_word' id='word_1_266' title='bbox 474 2552 492 2570; x_wconf 88' lang='lat'>1.</span> <span class='ocrx_word' id='word_1_267' title='bbox 516 2543 580 2570; x_wconf 78' lang='lat' dir='ltr'>BC:</span> <span class='ocrx_word' id='word_1_268' title='bbox 603 2549 770 2578; x_wconf 74' lang='lat' dir='ltr'>apostotus.</span> <span class='ocrx_word' id='word_1_269' title='bbox 857 2543 880 2571; x_wconf 66' lang='lat'>2³.</span> <span class='ocrx_word' id='word_1_270' title='bbox 904 2544 969 2571; x_wconf 68' lang='lat' dir='ltr'>BC:</span> <span class='ocrx_word' id='word_1_271' title='bbox 991 2544 1184 2570; x_wconf 74' lang='lat' dir='ltr'>iustilicando</span> <span class='ocrx_word' id='word_1_272' title='bbox 1207 2545 1348 2579; x_wconf 68' lang='lat' dir='ltr'>prelatos.</span> <span class='ocrx_word' id='word_1_273' title='bbox 1435 2543 1458 2571; x_wconf 75' lang='lat'>5.</span> <span class='ocrx_word' id='word_1_274' title='bbox 1482 2543 1547 2570; x_wconf 81' lang='lat' dir='ltr'>BC:</span> <span class='ocrx_word' id='word_1_275' title='bbox 1570 2543 1716 2571; x_wconf 80' lang='lat' dir='ltr'>indicant.</span> 
     </span>
     <span class='ocr_line' id='line_1_50' title="bbox 403 2578 1715 2613; baseline 0 -8"><span class='ocrx_word' id='word_1_276' title='bbox 403 2587 428 2613; x_wconf 79' lang='lat'>7.</span> <span class='ocrx_word' id='word_1_277' title='bbox 450 2579 477 2605; x_wconf 74' lang='lat' dir='ltr'><strong>A</strong></span> <span class='ocrx_word' id='word_1_278' title='bbox 498 2579 527 2605; x_wconf 85' lang='lat' dir='ltr'>in</span> <span class='ocrx_word' id='word_1_279' title='bbox 549 2587 662 2613; x_wconf 62' lang='lat' dir='ltr'>marg:</span> <span class='ocrx_word' id='word_1_280' title='bbox 684 2578 780 2609; x_wconf 77' lang='lat' dir='ltr'>Nota:</span> <span class='ocrx_word' id='word_1_281' title='bbox 812 2578 851 2605; x_wconf 85' lang='lat' dir='ltr'>ib.</span> <span class='ocrx_word' id='word_1_282' title='bbox 873 2580 917 2606; x_wconf 88' lang='lat' dir='ltr'>A:</span> <span class='ocrx_word' id='word_1_283' title='bbox 945 2578 1122 2606; x_wconf 78' lang='lat' dir='ltr'>introducit.</span> <span class='ocrx_word' id='word_1_284' title='bbox 1215 2587 1242 2613; x_wconf 78' lang='lat'>9.</span> <span class='ocrx_word' id='word_1_285' title='bbox 1264 2580 1308 2605; x_wconf 75' lang='lat' dir='ltr'>A:</span> <span class='ocrx_word' id='word_1_286' title='bbox 1330 2583 1356 2605; x_wconf 78' lang='lat' dir='ltr'>ct</span> <span class='ocrx_word' id='word_1_287' title='bbox 1379 2578 1520 2613; x_wconf 76' lang='lat' dir='ltr'>patriam.</span> <span class='ocrx_word' id='word_1_288' title='bbox 1613 2586 1649 2605; x_wconf 79' lang='lat'>12.</span> <span class='ocrx_word' id='word_1_289' title='bbox 1671 2579 1715 2605; x_wconf 74' lang='lat' dir='ltr'>A:</span> 
     </span>
     <span class='ocr_line' id='line_1_51' title="bbox 403 2612 1714 2649; baseline -0.001 -9"><span class='ocrx_word' id='word_1_290' title='bbox 403 2612 538 2640; x_wconf 71' lang='lat' dir='ltr'>cesariis.</span> <span class='ocrx_word' id='word_1_291' title='bbox 621 2613 656 2641; x_wconf 80' lang='lat'>15.</span> <span class='ocrx_word' id='word_1_292' title='bbox 678 2614 722 2640; x_wconf 92' lang='lat' dir='ltr'>A:</span> <span class='ocrx_word' id='word_1_293' title='bbox 743 2613 889 2648; x_wconf 73' lang='lat' dir='ltr'>exigetur.</span> <span class='ocrx_word' id='word_1_294' title='bbox 970 2613 1011 2640; x_wconf 81' lang='lat'>16.</span> <span class='ocrx_word' id='word_1_295' title='bbox 1033 2613 1076 2640; x_wconf 74' lang='lat' dir='ltr'>A:</span> <span class='ocrx_word' id='word_1_296' title='bbox 1099 2613 1211 2640; x_wconf 73' lang='lat' dir='ltr'>xicium</span> <span class='ocrx_word' id='word_1_297' title='bbox 1234 2613 1457 2649; x_wconf 69' lang='lat' dir='ltr'>symoniacum.</span> <span class='ocrx_word' id='word_1_298' title='bbox 1533 2613 1570 2640; x_wconf 68' lang='grc' dir='ltr'>ιδ.</span> <span class='ocrx_word' id='word_1_299' title='bbox 1592 2614 1635 2639; x_wconf 73' lang='lat' dir='ltr'>A:</span> <span class='ocrx_word' id='word_1_300' title='bbox 1658 2613 1714 2640; x_wconf 81' lang='lat' dir='ltr'>sibi</span> 
     </span>
     <span class='ocr_line' id='line_1_52' title="bbox 404 2647 1713 2683; baseline -0.001 -9"><span class='ocrx_word' id='word_1_301' title='bbox 404 2647 550 2674; x_wconf 74' lang='lat' dir='ltr'>medium.</span> <span class='ocrx_word' id='word_1_302' title='bbox 617 2656 657 2683; x_wconf 75' lang='grc' dir='ltr'>ις).</span> <span class='ocrx_word' id='word_1_303' title='bbox 681 2647 746 2675; x_wconf 75' lang='lat' dir='ltr'>BC:</span> <span class='ocrx_word' id='word_1_304' title='bbox 769 2648 959 2674; x_wconf 76' lang='lat' dir='ltr'>merendum.</span> <span class='ocrx_word' id='word_1_305' title='bbox 1026 2655 1071 2674; x_wconf 79' lang='lat'>20.</span> <span class='ocrx_word' id='word_1_306' title='bbox 1093 2649 1121 2674; x_wconf 68' lang='lat' dir='ltr'><strong>A</strong></span> <span class='ocrx_word' id='word_1_307' title='bbox 1142 2648 1170 2674; x_wconf 76' lang='lat' dir='ltr'>in</span> <span class='ocrx_word' id='word_1_308' title='bbox 1194 2656 1306 2682; x_wconf 43' lang='lat' dir='ltr'>marg:</span> <span class='ocrx_word' id='word_1_309' title='bbox 1329 2647 1480 2674; x_wconf 75' lang='lat' dir='ltr'>XXXVII.</span> <span class='ocrx_word' id='word_1_310' title='bbox 1554 2655 1592 2675; x_wconf 83' lang='lat'>21.</span> <span class='ocrx_word' id='word_1_311' title='bbox 1616 2647 1654 2674; x_wconf 80' lang='lat' dir='ltr'>C:</span> <span class='ocrx_word' id='word_1_312' title='bbox 1678 2648 1713 2674; x_wconf 79' lang='lat' dir='ltr'>ad</span> 
     </span>
     <span class='ocr_line' id='line_1_53' title="bbox 402 2681 1711 2717; baseline -0.001 -8"><span class='ocrx_word' id='word_1_313' title='bbox 402 2682 524 2711; x_wconf 44' lang='lat' dir='ltr'>:lt-sum:</span> <span class='ocrx_word' id='word_1_314' title='bbox 546 2682 586 2709; x_wconf 88' lang='lat' dir='ltr'>ib.</span> <span class='ocrx_word' id='word_1_315' title='bbox 602 2684 671 2709; x_wconf 63' lang='lat' dir='ltr'>AB:</span> <span class='ocrx_word' id='word_1_316' title='bbox 691 2683 795 2709; x_wconf 80' lang='lat' dir='ltr'>Jesum</span> <span class='ocrx_word' id='word_1_317' title='bbox 817 2687 871 2709; x_wconf 79' lang='lat' dir='ltr'>etc.</span> <span class='ocrx_word' id='word_1_318' title='bbox 894 2691 951 2717; x_wconf 74' lang='lat' dir='ltr'>quc</span> <span class='ocrx_word' id='word_1_319' title='bbox 984 2691 1013 2708; x_wconf 74' lang='lat' dir='ltr'>se</span> <span class='ocrx_word' id='word_1_320' title='bbox 1041 2687 1153 2709; x_wconf 68' lang='lat' dir='ltr'>uiuitur</span> <span class='ocrx_word' id='word_1_321' title='bbox 1173 2683 1201 2709; x_wconf 82' lang='lat' dir='ltr'>iu</span> <span class='ocrx_word' id='word_1_322' title='bbox 1229 2682 1402 2716; x_wconf 63' lang='lat' dir='ltr'>evangelio:</span> <span class='ocrx_word' id='word_1_323' title='bbox 1430 2681 1469 2708; x_wconf 88' lang='lat' dir='ltr'>ib.</span> <span class='ocrx_word' id='word_1_324' title='bbox 1495 2682 1559 2709; x_wconf 77' lang='lat' dir='ltr'>BC:</span> <span class='ocrx_word' id='word_1_325' title='bbox 1589 2682 1669 2709; x_wconf 68' lang='lat' dir='ltr'>Luce</span> <span class='ocrx_word' id='word_1_326' title='bbox 1685 2682 1711 2708; x_wconf 66' lang='lat' dir='ltr'>Y</span> 
     </span>
     <span class='ocr_line' id='line_1_54' title="bbox 404 2715 1713 2752; baseline -0.001 -9"><span class='ocrx_word' id='word_1_327' title='bbox 404 2725 461 2750; x_wconf 76' lang='lat' dir='ltr'>quc</span> <span class='ocrx_word' id='word_1_328' title='bbox 482 2722 652 2751; x_wconf 65' lang='lat' dir='ltr'>sequuntur</span> <span class='ocrx_word' id='word_1_329' title='bbox 672 2718 700 2744; x_wconf 80' lang='lat' dir='ltr'>in</span> <span class='ocrx_word' id='word_1_330' title='bbox 723 2717 889 2749; x_wconf 67' lang='lat' dir='ltr'>evangelio.</span> <span class='ocrx_word' id='word_1_331' title='bbox 955 2725 997 2743; x_wconf 74' lang='lat'>22.</span> <span class='ocrx_word' id='word_1_332' title='bbox 1014 2738 1022 2743; x_wconf 43' lang='lat' dir='ltr'>i</span> <span class='ocrx_word' id='word_1_333' title='bbox 1064 2717 1092 2743; x_wconf 81' lang='lat' dir='ltr'>iu</span> <span class='ocrx_word' id='word_1_334' title='bbox 1116 2725 1227 2752; x_wconf 59' lang='lat' dir='ltr'>marg:</span> <span class='ocrx_word' id='word_1_335' title='bbox 1252 2725 1270 2743; x_wconf 94' lang='lat'>1.</span> <span class='ocrx_word' id='word_1_336' title='bbox 1337 2715 1378 2743; x_wconf 79' lang='lat'>23.</span> <span class='ocrx_word' id='word_1_337' title='bbox 1401 2717 1444 2743; x_wconf 78' lang='lat' dir='ltr'>A:</span> <span class='ocrx_word' id='word_1_338' title='bbox 1466 2721 1647 2751; x_wconf 68' lang='lat' dir='ltr'>stangnum:</span> <span class='ocrx_word' id='word_1_339' title='bbox 1675 2717 1713 2743; x_wconf 78' lang='lat' dir='ltr'>ib.</span> 
     </span>
     <span class='ocr_line' id='line_1_55' title="bbox 404 2750 1714 2786; baseline -0.001 -8"><span class='ocrx_word' id='word_1_340' title='bbox 404 2753 431 2778; x_wconf 67' lang='lat' dir='ltr'>A</span> <span class='ocrx_word' id='word_1_341' title='bbox 452 2751 481 2778; x_wconf 81' lang='lat' dir='ltr'>iu</span> <span class='ocrx_word' id='word_1_342' title='bbox 503 2760 615 2786; x_wconf 43' lang='lat' dir='ltr'>marga</span> <span class='ocrx_word' id='word_1_343' title='bbox 638 2754 753 2780; x_wconf 56' lang='lat' dir='ltr'>Sensus</span> <span class='ocrx_word' id='word_1_344' title='bbox 774 2751 963 2786; x_wconf 67' lang='lat' dir='ltr'>allegoricus.</span> <span class='ocrx_word' id='word_1_345' title='bbox 1020 2759 1062 2785; x_wconf 81' lang='lat'>27.</span> <span class='ocrx_word' id='word_1_346' title='bbox 1081 2754 1124 2778; x_wconf 53' lang='lat'>28.</span> <span class='ocrx_word' id='word_1_347' title='bbox 1146 2752 1215 2778; x_wconf 70' lang='lat' dir='ltr'>AB:</span> <span class='ocrx_word' id='word_1_348' title='bbox 1237 2751 1326 2778; x_wconf 76' lang='lat' dir='ltr'>inicia</span> <span class='ocrx_word' id='word_1_349' title='bbox 1349 2751 1500 2777; x_wconf 62' lang='lat' dir='ltr'>nativitas.</span> <span class='ocrx_word' id='word_1_350' title='bbox 1533 2785 1536 2786; x_wconf 22' lang='lat'><em>⁷</em></span> <span class='ocrx_word' id='word_1_351' title='bbox 1555 2750 1601 2779; x_wconf 68' lang='lat'>30.</span> <span class='ocrx_word' id='word_1_352' title='bbox 1616 2750 1655 2778; x_wconf 72' lang='lat'>31.</span> <span class='ocrx_word' id='word_1_353' title='bbox 1671 2752 1714 2778; x_wconf 68' lang='lat' dir='ltr'>A:</span> 
     </span>
     <span class='ocr_line' id='line_1_56' title="bbox 405 2785 1713 2821; baseline -0.002 -8"><span class='ocrx_word' id='word_1_354' title='bbox 405 2794 498 2821; x_wconf 77' lang='lat' dir='ltr'>quare</span> <span class='ocrx_word' id='word_1_355' title='bbox 518 2794 611 2813; x_wconf 67' lang='lat' dir='ltr'>mare.</span> <span class='ocrx_word' id='word_1_356' title='bbox 702 2786 743 2813; x_wconf 64' lang='lat'>33.</span> <span class='ocrx_word' id='word_1_357' title='bbox 765 2787 793 2813; x_wconf 70' lang='lat' dir='ltr'><strong>A</strong></span> <span class='ocrx_word' id='word_1_358' title='bbox 814 2786 842 2813; x_wconf 81' lang='lat' dir='ltr'>in</span> <span class='ocrx_word' id='word_1_359' title='bbox 865 2795 978 2821; x_wconf 64' lang='lat' dir='ltr'>marg:</span> <span class='ocrx_word' id='word_1_360' title='bbox 999 2794 1030 2814; x_wconf 84' lang='lat'>2:</span> <span class='ocrx_word' id='word_1_361' title='bbox 1059 2787 1097 2813; x_wconf 83' lang='lat' dir='ltr'>ib.</span> <span class='ocrx_word' id='word_1_362' title='bbox 1120 2787 1162 2813; x_wconf 71' lang='lat' dir='ltr'>A:</span> <span class='ocrx_word' id='word_1_363' title='bbox 1185 2791 1229 2813; x_wconf 74' lang='lat' dir='ltr'>cst</span> <span class='ocrx_word' id='word_1_364' title='bbox 1250 2786 1342 2812; x_wconf 66' lang='lat' dir='ltr'>deest.</span> <span class='ocrx_word' id='word_1_365' title='bbox 1427 2785 1473 2819; x_wconf 70' lang='lat'>34.</span> <span class='ocrx_word' id='word_1_366' title='bbox 1497 2785 1561 2813; x_wconf 75' lang='lat' dir='ltr'>BC:</span> <span class='ocrx_word' id='word_1_367' title='bbox 1583 2785 1713 2813; x_wconf 78' lang='lat' dir='ltr'>deitatis.</span> 
     </span>
    </p>
   </div>
   <div class='ocr_carea' id='block_1_15' title="bbox 477 2859 1537 2923">
    <p class='ocr_par' dir='ltr' id='par_1_17' title="bbox 477 2859 1537 2923">
     <span class='ocr_line' id='line_1_57' title="bbox 477 2859 1537 2923; baseline 0 -11"><span class='ocrx_word' id='word_1_368' title='bbox 477 2891 530 2911; x_wconf 83' lang='lat'>20.</span> <span class='ocrx_word' id='word_1_369' title='bbox 556 2880 608 2912; x_wconf 87' lang='lat' dir='ltr'>Cf.</span> <span class='ocrx_word' id='word_1_370' title='bbox 630 2880 788 2922; x_wconf 67' lang='lat' dir='ltr'>WycliFs</span> <span class='ocrx_word' id='word_1_371' title='bbox 814 2881 991 2920; x_wconf 82' lang='lat' dir='ltr'>Sermons,</span> <span class='ocrx_word' id='word_1_372' title='bbox 1019 2881 1071 2912; x_wconf 86' lang='lat' dir='ltr'>ed.</span> <span class='ocrx_word' id='word_1_373' title='bbox 1102 2881 1145 2923; x_wconf 81' lang='lat' dir='ltr'>by</span> <span class='ocrx_word' id='word_1_374' title='bbox 1174 2859 1306 2912; x_wconf 84' lang='lat' dir='ltr'>Arnold</span> <span class='ocrx_word' id='word_1_375' title='bbox 1340 2881 1364 2921; x_wconf 89' lang='lat' dir='ltr'>I,</span> <span class='ocrx_word' id='word_1_376' title='bbox 1398 2890 1537 2921; x_wconf 84' lang='lat'>12—14.</span> 
     </span>
    </p>
   </div>
  </div>
 </body>
</html>
