2017 3353
233 264 308 299 338
814 268 1038 302 JOHANNIS
1056 269 1242 301 WYCLIF
1262 268 1518 301 sERMONUM
1608 252 1762 311 [SERMO
1783 265 1831 292 Ll.

240 386 288 412 Ali
311 385 490 424 siiicaused
574 378 623 412 Et
661 388 704 412 ex
742 376 819 411 isto
858 375 1061 423 evangelio
1100 375 1231 411 notari
1271 383 1403 422 potest
1442 387 1562 423 quam
1602 373 1829 410 necessaria

267 416 303 456 b>-
322 425 408 483 Ῑῖἶίζῖζῐ
430 424 460 448 ⁰¹
518 434 567 471 sit
592 435 689 470 fides
712 433 925 480 viantibus,
951 446 1040 469 cum
1074 432 1324 481 impossibile
1354 432 1403 468 sit
1427 432 1631 469 hominem
1656 431 1831 468 incidere

518 493 556 529 in
589 501 798 541 peccatum
832 491 908 528 nisi
942 492 1119 528 defectus
1144 490 1234 527 fidei
1269 490 1317 526 sit
1351 491 1389 526 in
1424 503 1557 527 causa.
1593 490 1690 536 Quis
1726 489 1830 526 enim

517 553 694 587 crederet
728 552 854 586 Deum
889 549 1024 586 omnia
1057 549 1276 586 intuentem
1303 558 1339 585 et
1364 548 1644 585 abnuicionem
1679 546 1832 596 peccati

515 609 752 657 generaliter
786 609 1045 644 mandantem
1086 620 1170 644 esse
1204 607 1427 655 cuicunque
1461 606 1614 643 homini
1653 615 1736 642 tam
1776 609 1866 642 se-5

518 669 692 704 cundum
728 666 1000 703 substanciam
1035 679 1155 714 quam
1191 667 1410 702 secundum
1451 665 1642 702 noticiam
1677 675 1834 700 summe

518 735 745 774 presentem
786 734 822 761 et
860 737 942 761 non
981 724 1200 760 dimitteret
1242 723 1297 760 sic
1331 736 1510 772 peccare.
1545 726 1633 759 Non
1667 722 1833 759 dubium

517 784 613 833 quin
658 783 892 820 omnimode
937 782 985 818 sit
1025 782 1201 818 defectus
1248 781 1338 818 fidei
1377 781 1417 817 in
1462 794 1595 828 causa,
1640 793 1733 817 nam
1779 779 1835 816 sic

517 842 719 890 negligens
758 842 817 877 vel
858 840 1001 876 diffidit
1040 841 1088 876 de
1127 839 1197 876 Dei
1236 839 1387 876 noticia
1425 849 1493 876 aut
1539 841 1730 876 mandato
1774 838 1835 874 vel

518 900 642 936 credit
675 898 889 935 infideliter
922 899 1029 946 quod
1063 899 1180 946 culpa
1213 911 1283 934 sua
1316 897 1502 934 transibit
1535 897 1724 946 impunis.
1855 907 1892 929 10

289 967 442 1006 ¹asisthe
576 960 686 1003 Item,
727 958 947 993 secundum
988 955 1251 1004 philosophos
1296 956 1418 991 omnis
1461 956 1586 992 malus
1630 953 1835 991 moraliter

239 1011 492 1064 Ὰ,ὴξῗῖζ(),ιζζζξξω
519 1024 573 1052 est
605 1016 813 1066 ignorans,·
846 1016 914 1051 sed
950 1027 995 1050 eo
1029 1014 1116 1063 ipso
1151 1027 1229 1062 quo
1263 1013 1351 1063 quis
1385 1013 1541 1061 ignorat
1582 1012 1835 1061 culpabiliter

341 1072 395 1098 ⁵5¹¹·
519 1075 577 1111 vel
622 1074 779 1121 ignorat
824 1082 915 1109 actu
958 1073 1019 1108 vel
1065 1072 1204 1108 habitu
1242 1072 1361 1108 fidem
1403 1084 1532 1118 suam,
1573 1084 1665 1119 ergo
1704 1069 1835 1106 omnis

520 1131 725 1168 moraliter
759 1131 888 1167 malus
912 1139 970 1166 est
993 1131 1297 1179 quodammodo
1331 1129 1516 1166 infidelis.
1546 1129 1675 1165 Maior
1707 1136 1834 1176 patet:

519 1189 561 1227 In
595 1199 951 1239 quantumcunque
977 1189 1104 1225 scelus
1128 1187 1246 1224 fuerit
1270 1187 1358 1236 quis
1392 1200 1462 1236 per
1494 1185 1834 1224 incontinenciam
1857 1188 1891 1219 15

520 1249 654 1296 lapsus
688 1261 761 1296 pro
793 1256 888 1283 tunc
920 1246 1070 1283 viciosa
1103 1246 1238 1294 passio
1272 1245 1377 1294 sopit
1411 1258 1525 1282 suam
1548 1244 1755 1290 noticiam,
1781 1243 1836 1280 sic

520 1308 627 1354 quod
671 1319 753 1342 non
797 1314 890 1341 tunc
936 1305 1061 1341 credit
1099 1304 1311 1340 actualiter
1350 1305 1457 1352 quod
1496 1303 1607 1352 prius
1652 1302 1834 1347 sciverat,

520 1363 613 1413 quia
658 1363 772 1400 aliter
815 1362 966 1399 noticia
999 1359 1004 1417 Ι
1039 1362 1207 1399 actualis
1261 1362 1392 1410 ipsum
1446 1363 1680 1407 retraheret,
1734 1359 1835 1396 sicut

520 1421 669 1458 noticia
701 1420 869 1470 periculi
903 1420 1069 1457 minoris
1103 1420 1234 1468 ipsum
1269 1420 1447 1456 retrahit.
1482 1422 1529 1455 Et
1563 1419 1694 1455 minor
1726 1426 1836 1466 patet

521 1493 564 1517 ex
597 1481 671 1516 hoc
705 1480 812 1528 quod
836 1481 941 1514 Deus
974 1478 1202 1515 necessario
1232 1479 1298 1514 dat
1322 1477 1475 1514 homini
1503 1477 1695 1513 noticiam
1729 1475 1835 1512 illius
1853 1488 1894 1509 20

521 1539 629 1586 quod
675 1539 839 1574 mandat
884 1537 1015 1585 ipsum
1062 1549 1231 1581 servare,
1283 1549 1373 1572 cum
1425 1535 1539 1572 aliter
1584 1533 1837 1582 culpabiliter

521 1596 717 1643 obligaret
756 1597 805 1631 ad
844 1594 941 1631 illud
980 1596 1087 1643 quod
1125 1594 1325 1642 obligatus
1359 1593 1524 1630 omnino
1558 1593 1737 1641 ignorat3
1776 1591 1837 1628 vel

523 1667 616 1702 ergo
655 1653 781 1690 credit
819 1654 941 1689 homo
981 1654 1089 1701 quod
1128 1653 1343 1689 mandatur
1381 1665 1402 1688 a
1442 1651 1615 1687 Domino
1653 1650 1713 1687 vel
1760 1649 1837 1685 dis-

523 1711 661 1748 credit.
702 1711 742 1748 Si
782 1710 986 1756 discredit,
1028 1710 1161 1747 deficit
1200 1710 1241 1746 in
1280 1710 1370 1746 fide.
1417 1709 1457 1745 Si
1497 1709 1622 1745 credit
1662 1720 1707 1744 ac
1747 1720 1837 1744 cum

524 1772 599 1806 hoc
637 1778 842 1818 perpetrat
880 1781 981 1817 opus
1022 1769 1185 1814 malum,
1224 1768 1285 1804 vel
1324 1776 1382 1803 est
1422 1767 1518 1803 fides
1565 1779 1609 1803 ex
1652 1765 1839 1814 passione
1856 1767 1895 1800 25

525 1827 656 1876 sopita
688 1828 748 1863 vel
780 1827 900 1863 nimis
934 1826 1070 1863 leviter
1103 1826 1229 1863 credit
1261 1828 1358 1862 Deo.

1852 1339 1926 1370 Fol.

1856 1382 1934 1428 ¹79³

271 1894 358 1933 Faith
380 1894 406 1920 is
426 1893 475 1920 1110
583 1888 694 1931 Item,
731 1885 761 1921 si
795 1885 883 1933 quis
917 1884 1170 1933 culpabiliter
1203 1883 1419 1920 committit
1452 1882 1616 1931 aliquid,
1652 1881 1785 1918 deficit
1817 1893 1839 1917 a

270 1928 478 1990 ¹⁰¹¹Jjss¹t¹ffss¹fta¹
525 1943 681 1989 virtute,
729 1952 765 1980 et
811 1956 900 1979 cum
948 1943 1044 1979 fides
1091 1942 1140 1978 sit
1183 1942 1307 1978 virtus
1353 1940 1679 1986 fundamentalis,
1730 1947 1839 1987 patet

525 2003 634 2050 quod
668 2001 800 2037 deficit
833 2014 855 2038 a
889 2001 977 2037 fide.
1009 2000 1119 2037 Sicut
1154 2000 1258 2036 enim
1291 2012 1410 2036 nemo
1443 2008 1575 2047 potest
1609 1997 1777 2034 stabiliri
1800 1997 1840 2032 in

525 2059 660 2108 aliquo
699 2059 783 2095 sine
816 2072 888 2095 suo
920 2060 1196 2108 fundamento,
1237 2058 1292 2094 sic
1324 2070 1397 2094 nec
1435 2057 1474 2093 in
1505 2056 1718 2093 virtutibus
1757 2054 1841 2091 sine
1857 2056 1898 2088 30

527 2118 616 2163 fide,
638 2126 674 2154 et
697 2117 789 2153 hinc
814 2118 1007 2165 dyabolus
1032 2116 1173 2152 nititur
1188 2116 1319 2164 primo
1336 2116 1475 2152 tollere
1501 2114 1620 2151 fidem
1644 2122 1838 2159 nostram,

527 2175 628 2212 sicut
667 2175 877 2211 intendens
918 2188 1076 2211 murum
1110 2186 1297 2210 corruere
1336 2173 1499 2210 molitur
1532 2171 1662 2220 primo
1701 2171 1841 2207 funda—

528 2242 707 2270 mentum
753 2233 836 2269 eius
883 2234 1105 2279 destruere;
1152 2241 1188 2268 et
1233 2233 1307 2268 hoc
1347 2240 1404 2267 est
1449 2230 1608 2267 evidens
1653 2228 1729 2265 illis
1775 2228 1841 2277 qui

599 2387 618 2407 1.
639 2380 668 2407 A
687 2379 717 2406 in
739 2387 805 2406 mar
829 2389 851 2406 .:
879 2378 959 2405 Nota
980 2378 1016 2405 de
1037 2378 1111 2411 fide3
1138 2377 1159 2404 B
1180 2377 1210 2405 111
1235 2385 1348 2411 marg:
1370 2376 1461 2403 Fides
1482 2380 1526 2403 est
1546 2375 1699 2403 viantibus
1722 2382 1842 2402 summe

529 2414 710 2441 necessaria.
830 2434 836 2439 .
858 2413 895 2440 B:
919 2412 1113 2448 Quicunque.
1214 2411 1237 2440 5.
1259 2411 1324 2439 BC:
1346 2411 1377 2438 in
1399 2415 1517 2447 tantum
1539 2410 1674 2443 homini;
1705 2409 1745 2436 ib.
1767 2409 1789 2436 Β
1811 2408 1841 2436 111

530 2456 642 2483 marg:
672 2448 782 2475 Omnis
811 2448 924 2483 peccati
952 2455 1042 2474 causa
1070 2451 1114 2473 est
1140 2446 1312 2473 infidelitas.
1422 2449 1449 2472 (J.
1478 2446 1522 2472 A:
1551 2445 1719 2471 secundum
1747 2444 1840 2470 deest.

530 2491 558 2515 Q.
581 2483 647 2510 BC:
670 2483 723 2510 Dei
746 2483 846 2513 deest:
877 2482 916 2508 ib.
936 2483 964 2509 A
985 2482 1014 2508 in
1036 2489 1150 2516 marg:
1172 2489 1192 2508 1.
1285 2489 1317 2508 11.
1339 2481 1366 2507 A
1387 2480 1415 2507 in
1439 2488 1552 2515 marg:
1575 2487 1606 2509 2:
1635 2479 1656 2506 B
1677 2479 1706 2505 in
1728 2486 1840 2513 marg:

530 2516 642 2544 Omnis
664 2518 763 2545 malus
783 2517 940 2544 moraliter
960 2521 1004 2542 est
1024 2515 1164 2542 infidelis.
1187 2515 1338 2542 Probatur
1366 2515 1436 2550 quia
1466 2523 1526 2541 non
1557 2514 1653 2540 credit
1680 2513 1841 2540 articulum

530 2552 609 2582 fidei,
630 2552 771 2579 videlicet
791 2551 872 2586 quod
894 2551 976 2578 Deus
998 2558 1058 2577 non
1080 2551 1167 2585 punit
1188 2559 1267 2585 opus
1283 2557 1372 2576 suum
1390 2549 1504 2576 malum
1521 2553 1678 2583 perpetuo,
1703 2547 1842 2574 similiter

530 2588 612 2621 quod
643 2587 724 2613 Dens
754 2595 814 2613 non
843 2586 907 2612 odit
936 2589 1053 2611 tantum
1084 2589 1240 2620 peccatum
1272 2592 1372 2614 suum,
1404 2584 1542 2611 similiter
1571 2582 1652 2617 quod
1692 2586 1841 2608 *occatum

531 2630 619 2649 suum
641 2630 701 2648 non
723 2626 767 2648 est
787 2625 849 2648 tam
871 2619 1014 2647 nocivum
1036 2624 1063 2646 et
1084 2628 1136 2654 pei·
1157 2627 1348 2654 consequens
1369 2623 1413 2645 est
1434 2618 1575 2649 infidelis,
1604 2617 1657 2644 sed
1701 2625 1736 2643 oc
1757 2621 1842 2643 caute

530 2656 662 2690 intellige
684 2656 762 2685 [Alia
783 2663 892 2688 manu3
915 2654 1000 2681 blaclt
1021 2654 1090 2685 inkl.
1195 2663 1235 2687 14,
1259 2653 1295 2681 15.
1317 2652 1383 2680 BC:
1406 2657 1486 2688 patet
1507 2660 1586 2679 cum.
1691 2651 1727 2678 15.
1750 2651 1789 2677 B:
1812 2650 1840 2677 111

531 2691 773 2719 incontinencia:
804 2690 843 2717 C:
866 2688 1135 2717 incontinent-iam.
1228 2688 1268 2715 10.
1292 2687 1357 2714 BC:
1380 2687 1468 2722 sapit.
1568 2686 1607 2713 18.
1628 2687 1672 2713 A:
1696 2685 1841 2712 naturalis

530 2725 646 2762 ipsum.
747 2733 787 2760 ¹9·
810 2725 847 2751 B:
871 2723 1000 2751 minoris
1022 2724 1181 2758 populum.
1281 2730 1324 2757 27.
1345 2723 1374 2749 A
1393 2722 1422 2748 in
1446 2729 1558 2756 marg:
1580 2720 1612 2755 3;
1635 2721 1656 2747 B
1676 2720 1706 2747 in
1729 2728 1840 2754 marg:

532 2760 679 2787 Diabolus
700 2759 858 2793 quomodo
890 2758 1124 2785 fundamentum
1146 2758 1213 2784 {idei
1235 2757 1391 2784 destruere
1412 2756 1527 2782 nititur.
1626 2763 1672 2790 29.
1694 2755 1738 2782 A:
1760 2755 1839 2781 enim

532 2794 631 2822 deest:
659 2794 698 2820 ib.
722 2793 787 2821 BC:
810 2793 961 2821 stabilire:
990 2792 1028 2819 ib.
1052 2792 1072 2818 l}
1094 2793 1122 2818 in
1146 2800 1240 2827 marg.
1262 2792 1298 2818 al.
1321 2799 1417 2818 malr:
1440 2790 1610 2825 Supposito
1631 2789 1712 2827 quod
1735 2797 1842 2815 omnes

532 2829 658 2855 virtutes
688 2833 756 2855 sunt
786 2836 932 2856 connexe.
961 2831 1042 2866 patet
1072 2827 1153 2861 quod
1185 2827 1344 2853 destruens
1373 2833 1526 2860 qnameun
1554 2833 1587 2851 ue
1617 2828 1758 2850 virtutem
1791 2831 1843 2857 pel·

531 2864 652 2897 culpam
679 2863 840 2889 destruunt
860 2862 926 2896 (sic)
953 2861 1042 2888 iidem
1070 2865 1097 2887 et
1125 2869 1177 2896 per
1203 2868 1394 2895 consequens
1423 2864 1467 2886 est
1497 2833 1635 2885 infidelis.
1667 2858 1725 2885 Sed
1757 2862 1842 2884 caute

531 2898 672 2932 intellige.
745 2896 787 2924 33.
809 2898 851 2925 A:
874 2896 1052 2924 distrahere.
