2017 3353
222 269 359 298 SERMO
375 261 448 316 vt]
729 273 871 305 PRIMA
898 273 1027 306 PARS.
1771 282 1821 323 37

224 379 336 416 Sicut
359 379 463 416 enirn
488 387 647 428 oportet
670 380 779 428 quod
813 379 967 417 medius
1002 390 1174 429 punctus
1209 381 1452 419 continuans
1487 382 1533 418 li-

223 449 316 474 neas
349 437 562 474 conveniat
595 450 685 474 cum
719 438 928 484 ambabus,
964 437 1019 476 sic
1042 448 1204 487 oportet
1229 439 1437 477 Christum
1462 440 1531 489 qui

223 505 280 532 est
306 495 548 543 principium
565 504 806 532 connectens
822 497 920 533 duas
938 496 1043 545 leges
1068 497 1118 533 ad
1142 497 1311 534 invicem
1337 511 1427 535 cum
1449 510 1533 534 am-

221 554 348 589 babus
368 553 734 602 proporcionaliter
751 554 964 591 convenire
981 558 1038 601 (ut
1056 555 1204 592 dicitur
1220 556 1386 593 Matthei
1401 557 1446 604 V,
1464 568 1530 603 17:

187 611 306 648 5Non
341 612 425 648 veni
454 612 579 663 legem
611 612 763 649 solvere
793 613 862 648 sed
894 613 1083 662 implere).
1133 614 1175 649 In
1209 613 1272 650 die
1305 623 1440 651 autem
1465 627 1531 651 oc-

220 678 310 706 tavo
357 669 430 706 fuit
479 670 581 706 facta
633 669 901 716 circumcisio,
954 670 1049 719 quia
1096 671 1317 719 spiritualis
1363 672 1533 709 circum-

220 727 316 764 cisio
368 736 448 764 tam
501 728 540 764 in
585 737 692 764 sexta
731 736 834 765 etate
885 729 1052 766 ecclesie
1098 743 1220 778 quam
1266 730 1305 766 in
1358 731 1532 768 beatitu-

220 786 310 821 dine
343 784 482 831 fiebat3
522 785 755 823 octonarius
795 786 901 823 enim
946 787 1132 824 convenit
1163 787 1279 824 nobis
1314 788 1353 824 in
1396 789 1533 825 obser-

219 843 386 880 vacione
419 843 497 881 diei
530 844 733 881 dominice
766 854 804 882 et
845 845 884 881 in
923 845 1179 894 quietacione
1212 846 1531 884 circumcisionis

166 913 204 935 10
220 901 361 950 patrie.

277 961 358 996 Nec
405 968 463 996 est
495 961 722 1008 putandum
763 961 874 1010 quod
914 971 1006 998 ante
1046 961 1172 1010 legem
1213 962 1534 1000 circumcisionis

218 1017 279 1054 vel
313 1027 496 1066 tempore
528 1018 789 1056 observancie
822 1019 942 1056 huius
976 1019 1072 1068 legis
1106 1021 1190 1057 sine
1223 1021 1424 1069 corporali
1458 1021 1533 1058 cir-

219 1075 464 1113 cumcisione
497 1089 580 1113 non
613 1076 686 1113 fuit
727 1076 920 1126 possibile
954 1090 1201 1127 quemquam
1243 1079 1402 1116 salvari.
1455 1080 1534 1116 Sed

218 1134 348 1182 ipsam
383 1134 736 1172 circumcisionem
776 1135 1119 1173 irracionabiliter
1156 1137 1360 1186 negligens
1402 1137 1532 1175 occidi

166 1194 201 1227 15
219 1191 355 1228 debuit
387 1201 425 1228 et
457 1193 623 1229 omnino
649 1193 1001 1231 circumcisionem
1035 1194 1286 1243 spiritualem
1311 1196 1532 1233 obmittens

218 1250 431 1299 dampnari
464 1251 615 1288 debuit.

275 1310 317 1345 In
351 1308 654 1346 circumcisione
678 1322 771 1358 ergo
805 1310 881 1347 ista
905 1310 977 1347 fuit
1000 1310 1130 1360 prima
1153 1311 1358 1360 sanguinis
1384 1311 1534 1350 Christi
1549 1314 1679 1354 Christ’Us
1692 1314 1822 1342 circum-

219 1366 371 1413 effusio,
397 1367 573 1415 figurans
593 1367 829 1405 effusionem
849 1369 1056 1417 sanguinis
1075 1369 1254 1406 exsudati
1278 1369 1318 1406 in
1344 1370 1532 1418 passione
1601 1357 1780 1412 §35:¹22an

218 1425 498 1473 multipliciter
530 1426 745 1473 cruentati,
770 1435 807 1463 et
837 1427 893 1464 sic
916 1440 1026 1464 arras
1052 1428 1350 1476 redempcionis
1375 1428 1532 1477 generis
1579 1420 1787 1456 redemption.

160 1495 202 1516 20
218 1483 383 1520 humani
408 1482 589 1521 Christus
613 1484 677 1522 hic
700 1485 820 1522 solvit
845 1485 963 1534 patri.
999 1486 1111 1523 Alias
1136 1495 1270 1523 autem
1294 1486 1450 1523 fabulas
1473 1486 1533 1526 vel

217 1541 406 1578 veritates
426 1543 658 1590 prophanas
679 1543 726 1580 de
746 1543 895 1581 Christi
919 1544 1116 1593 prepucio
1135 1553 1345 1594 tamquam
1370 1544 1534 1582 inutiles

218 1599 282 1636 hic
316 1599 514 1649 relinquo.

283 1658 464 1695 Vocatum
497 1666 551 1696 est
584 1671 718 1696 nomen
752 1660 831 1696 eius
851 1661 975 1705 Jesus,
1000 1662 1112 1710 quod
1135 1660 1425 1709 interpretatur
1448 1662 1533 1699 Sal-
1549 1665 1823 1694 ThenameJesus-

217 1726 346 1763 vator,
381 1717 483 1766 quod
515 1725 690 1754 vocatum
724 1726 779 1754 est
810 1719 857 1754 ab
890 1719 1030 1770 angelo
1065 1720 1170 1756 Luce
1194 1721 1238 1766 II,
1275 1730 1340 1757 21.
1383 1721 1535 1765 Quam-

160 1775 199 1808 25
217 1773 274 1810 vis
307 1785 444 1812 autem
477 1775 688 1823 multiplex
720 1776 772 1812 sit
793 1777 918 1823 Jesus,
953 1785 997 1813 ut
1017 1778 1131 1814 Jesus
1155 1777 1260 1814 filius
1284 1780 1388 1824 Nun,
1421 1780 1534 1814 Jesus

219 1833 369 1880 Syrach
403 1841 440 1869 et
474 1833 592 1870 multi
627 1833 708 1879 alii,
744 1842 878 1871 tamen
912 1834 1115 1883 singulare
1138 1844 1324 1873 nostrum
1348 1836 1534 1874 incarna-

220 1900 305 1927 tum
339 1891 646 1928 antonomatice
679 1891 753 1928 fuit
781 1893 906 1939 Jesus,
931 1892 1027 1942 quia
1059 1893 1299 1941 generaliter
1331 1904 1414 1931 tam
1448 1893 1534 1931 ani-

100 1950 175 2001 Fo'l.
228 1962 314 1985 mas
353 1962 475 1998 quam
511 1961 684 1997 corpora
723 1950 891 1987 salvavit
924 1952 971 1987 de
1012 1963 1114 1999 pena
1147 1960 1355 2000 perpetua.
1385 1954 1389 1999 Ι
1420 1953 1535 1989 Unde

102 1999 178 2037 ¹4³⁰
222 2008 269 2043 de
304 2007 665 2044 commendacione
710 2008 828 2045 huius
872 2009 1049 2046 nominis
1094 2020 1186 2047 sunt
1231 2010 1365 2058 plures
1398 2010 1535 2047 laudes

163 2066 203 2098 30
220 2078 343 2113 quam
382 2078 495 2102 mens
536 2066 713 2104 humana
752 2066 899 2104 sufficit
941 2067 1192 2116 depromere.
1247 2068 1395 2106 Dicunt
1428 2068 1535 2105 enim

219 2123 350 2171 ipsum
385 2136 469 2160 esse
507 2123 546 2160 in
586 2137 681 2161 aure
719 2125 921 2162 melodem
960 2126 1226 2173 armonicum‚
1266 2126 1307 2163 in
1349 2139 1418 2164 ore
1458 2126 1535 2164 mel

220 2181 516 2227 dulcissimum,
551 2193 590 2220 et
624 2182 665 2219 in
699 2184 821 2220 corde
856 2183 1001 2221 celeste
1034 2184 1221 2231 iubilum,
1256 2186 1362 2222 unde
1395 2185 1436 2222 in
1470 2198 1534 2222 ca-

220 2239 331 2276 sibus
365 2239 484 2276 huius
516 2240 696 2278 nominis
730 2241 943 2290 tripliciter
973 2242 1167 2280 variatur.
1232 2243 1309 2289 Qui
1350 2244 1455 2280 enim
1495 2243 1535 2279 in
1581 2249 1675 2276 Cases
1695 2249 1730 2276 of
1747 2250 1798 2276 the

220 2307 328 2335 recto
363 2297 497 2346 ipsum
541 2300 713 2335 nominat
756 2301 979 2337 secundum
1030 2300 1190 2338 literam
1237 2301 1321 2338 eius
1371 2301 1535 2350 quintu·
1579 2284 1793 2353 ζζτὲξέῑέξῗῑῖἓῑ

162 2357 203 2390 35
221 2355 365 2403 plicem
398 2356 509 2393 Jesus
542 2356 582 2393 in
616 2357 703 2405 ipso
739 2358 984 2406 salvabitur3
1019 2360 1069 2397 ad
1092 2361 1203 2409 quod
1226 2370 1363 2408 posset
1387 2359 1534 2397 adduci

289 2487 309 2506 1.
340 2478 361 2506 Β
395 2480 425 2507 in
459 2487 573 2511 marea
605 2480 791 2516 Exemplum
824 2482 853 2509 in
889 2483 1124 2510 mathematicis.
1200 2482 1224 2510 3.
1255 2485 1300 2511 A:
1334 2487 1535 2521 connectaris.

217 2522 248 2547 4.
269 2515 314 2542 A:
335 2519 367 2542 ut
388 2514 469 2542 dicit.
491 2515 558 2544 BC:
581 2516 649 2543 ideo
671 2517 781 2544 dicitur
794 2517 854 2545 Act
873 2516 909 2551 (C
923 2527 930 2545 ι
944 2517 1066 2549 Matth.)
1087 2517 1114 2544 V
1128 2519 1210 2553 quod
1234 2526 1294 2545 non
1316 2519 1414 2550 venit3
1437 2518 1477 2544 1b.
1495 2517 1535 2544 B:

219 2548 386 2577 convenire
411 2554 441 2577 et
468 2549 499 2577 in
525 2558 622 2583 marg.
707 2550 730 2578 5.
753 2553 798 2579 A:
828 2552 919 2579 venit.
994 2553 1022 2580 6.
1045 2552 1162 2581 Codd..
1191 2553 1384 2588 spiritualem
1405 2552 1536 2580 circum-

219 2584 379 2612 cisionem.
393 2584 532 2612 Correxi.
588 2585 616 2614 8.
637 2585 659 2613 Β
670 2586 699 2613 in
715 2593 829 2621 marg.:
846 2586 952 2622 Quare
961 2586 1103 2615 Christus
1117 2588 1253 2623 suscepit
1265 2587 1536 2616 circumcisionem

221 2623 248 2645 et
262 2626 357 2653 quare
371 2619 401 2646 in
417 2620 466 2647 die
486 2625 605 2648 octavo.
680 2620 708 2648 8.
730 2620 771 2649 C:
794 2621 884 2649 nobis
905 2622 999 2650 deest.
1076 2630 1113 2650 12.
1129 2625 1174 2650 A:
1195 2623 1272 2657 legis
1287 2623 1357 2651 nisi.
1431 2620 1469 2649 13.
1491 2622 1535 2649 A:

243 2662 312 2681 uem
327 2654 450 2682 salvari.
521 2664 564 2689 ¹4·
580 2655 619 2682 B:
635 2656 873 2684 racionabiliter.
947 2657 983 2685 15.
1001 2656 1022 2684 Β
1038 2657 1068 2685 in
1084 2665 1181 2693 marg.
1195 2668 1201 2685 :
1217 2658 1316 2686 Solvit
1330 2657 1535 2693 questionem.

221 2661 292 2727 aue·
319 2689 486 2718 necessitas
511 2690 571 2718 fuit
595 2690 846 2718 circumcidendi.
939 2699 977 2726 ι7.
1004 2693 1051 2720 A:
1083 2692 1142 2720 illa.
1243 2692 1282 2720 18.
1310 2693 1331 2720 Β
1363 2692 1393 2720 in
1420 2699 1535 2724 marga

222 2724 362 2752 Christus
378 2732 466 2752 suam
481 2726 752 2753 circumcisionem
769 2733 872 2754 arram
894 2732 998 2754 nostre
1020 2727 1090 2755 fecit
1111 2727 1350 2763 redempcionis.
1405 2734 1445 2760 19.
1468 2726 1534 2765 BC:

222 2759 349 2786 humani
392 2760 502 2787 eneris.
576 2760 618 2788 23.
641 2759 662 2786 Β
684 2761 712 2787 in
735 2768 853 2796 marg:
886 2761 1046 2797 Multiplex
1065 2761 1152 2790 Jesus
1179 2763 1290 2797 legitur
1310 2761 1340 2789 in
1361 2762 1534 2795 scripturis.

222 2794 263 2822 25.
284 2794 333 2821 A:
382 2794 440 2821 lius
466 2794 559 2823 Nave.
600 2796 646 2822 26.
667 2794 736 2822 BC:
759 2796 893 2824 salutare
922 2802 1074 2825 nostrum.
1134 2805 1180 2833 29.
1209 2799 1238 2825 A
1260 2798 1289 2824 in
1311 2804 1427 2829 marg.:
1450 2803 1536 2822 com-

223 2828 386 2856 mendacio
406 2829 542 2858 nominis
574 2830 655 2857 Jesu.
678 2832 713 2858 15:
738 2830 896 2866 Multiplex
921 2832 1157 2860 commendacio
1178 2833 1270 2860 huius
1291 2830 1410 2859 nomini
1435 2829 1534 2857 Jesus.

223 2863 382 2898 Multiplex
399 2863 487 2892 Jesus
512 2865 622 2900 legitur
641 2864 672 2892 in
699 2864 862 2900 scriptura.
944 2864 989 2893 30.
1012 2866 1076 2894 BC:
1106 2867 1220 2894 Dicunt
1245 2866 1353 2894 sancti.
1426 2862 1469 2892 32.
1489 2866 1534 2892 A:

222 2899 376 2926 celestem.
433 2897 478 2932 34.
500 2901 542 2927 A:
564 2899 733 2928 secundum
755 2900 864 2934 legem.
937 2901 984 2936 34,
1005 2901 1045 2929 35.
1067 2903 1111 2929 A:
1133 2901 1354 2937 quintiplicem.
