2017 3353
210 589 226 621 5

122 634 197 666 Fol.

129 678 206 712 1:31⁰l

191 889 228 911 10

192 1171 227 1202 ιζ’)

189 1471 231 1493 20

191 2043 232 2075 30

243 243 380 271 SERMO
402 234 502 287 xiv]
753 243 895 275 PRIMA
923 242 1051 274 PARs.
1797 231 1845 278 {³5

244 360 281 387 et
313 351 370 388 sic
402 349 572 387 faciliter
603 349 768 397 dignum
803 347 930 394 venia,
971 359 1042 383 nec
1083 346 1168 382 sine
1208 354 1374 394 peccato
1415 345 1559 382 veniali
1623 353 1796 392 andtexag-

245 421 457 456 possumus
491 408 619 443 vivere
653 406 693 442 in
726 407 799 443 hac
831 405 929 451 vita,
969 414 1006 441 et
1044 417 1134 441 curn
1179 416 1393 451 possumus
1427 404 1560 439 venia-
1606 388 1815 450 gcfflffiggssm

244 467 335 503 liter
367 478 533 514 peccare
563 465 815 513 depascendo
846 463 1071 500 iumentum
1102 462 1142 498 in
1174 461 1317 498 maiori
1358 461 1559 497 abstinen-
1617 458 1807 485 abstinence.

243 525 315 570 cia,
355 524 513 572 gravius
550 535 822 571 peccaremus.
869 520 920 559 Et
960 520 1015 558 sic
1055 520 1196 556 melius
1238 529 1296 556 est
1341 519 1465 556 levius
1499 531 1560 555 ex-

243 583 383 619 cedere
416 580 564 618 limites
598 580 772 618 racionis
806 592 927 628 quam
962 587 1189 615 creaturam
1224 590 1343 626 quam
1370 579 1475 613 Deus
1510 578 1560 613 ad

243 639 457 676 servicium
497 652 614 675 suum
655 637 839 674 condidit
879 637 948 673 illo
987 637 1109 673 modo
1139 635 1391 688 [destruere.
1437 637 1486 672 Et
1520 634 1561 670 in

243 698 312 735 illa
347 697 606 746 perplexitate
640 709 718 744 qua
751 708 890 732 sensus
924 705 982 732 est
1011 694 1155 731 dubius
1192 693 1345 730 racioni
1376 693 1562 729 illuditur

244 766 282 793 et
315 755 530 801 consentit,
573 763 611 791 et
653 753 743 790 talis
785 755 887 790 ordo
929 752 1153 801 temptandi
1188 760 1245 788 est
1279 751 1318 787 in
1351 751 1462 788 omni
1495 763 1559 799 ge-

243 826 338 850 nere
372 823 651 862 peccatorum3
685 823 721 848 et
755 811 810 848 sic
843 811 952 848 scola
985 811 1137 847 diaboli
1169 810 1390 847 introducit
1412 821 1560 845 nomen
1583 805 1838 867 Eenrffiniiiffiiiqp

245 871 400 920 peccati
434 871 601 907 venialis
635 879 671 906 et
705 869 902 915 mortalis,
943 881 988 905 ac
1021 878 1130 906 tante
1163 867 1317 905 cecavit
1349 867 1557 904 ecclesiam
1603 882 1691 902 come
1712 875 1814 914 orme
1835 884 1851 896 ο

243 931 352 978 quod
384 929 512 966 nescit
544 928 791 976 distinguere
824 927 929 963 inter
960 927 1041 964 illa.
1077 925 1253 963 Concedi
1284 926 1418 974 itaque
1442 926 1559 962 debet
1667 910 1755 937 devii.

243 988 318 1036 ipsi
350 987 512 1024 diabolo
545 987 655 1035 quod
688 998 854 1034 peccare
886 984 1084 1033 contingit
1116 986 1163 1021 de
1196 983 1407 1020 usibilibus
1440 983 1559 1019 nimis

243 1045 444 1093 superflue
489 1045 687 1081 sumendo
736 1056 781 1080 ac
824 1043 951 1080 eciam
997 1043 1115 1079 nimis
1161 1055 1294 1090 parce.
1341 1043 1402 1079 Ad
1447 1042 1558 1089 quod

244 1112 403 1152 oportet
435 1104 543 1152 quod
583 1102 690 1139 racio
731 1112 768 1138 et
808 1101 1031 1149 exemplum
1074 1110 1234 1148 captum
1269 1113 1291 1137 a
1325 1100 1486 1136 Christo
1521 1109 1557 1136 et

245 1175 317 1198 suo
350 1161 563 1209 evangelio
592 1161 643 1197 sit
674 1160 791 1196 iudex
823 1173 911 1196 cum
948 1159 1217 1207 inspiracione
1257 1158 1328 1194 Dei
1368 1170 1445 1207 que
1477 1170 1559 1194 non

246 1230 379 1268 potest
412 1219 497 1256 sine
531 1228 697 1267 peccato
732 1218 856 1266 priori
881 1217 1062 1254 deficere.
1098 1219 1195 1254 Pars
1221 1227 1354 1253 tamen
1380 1215 1561 1252 securior

246 1279 402 1314 videtur
439 1276 702 1323 abstinencia,
743 1276 846 1312 sicut
885 1275 1092 1324 paciencia
1133 1284 1192 1311 est
1225 1274 1405 1311 securior
1438 1287 1559 1322 quam

248 1336 432 1374 insultus.
456 1337 548 1372 Ideo
572 1335 611 1371 in
628 1336 702 1371 hoc
725 1344 901 1371 extremo
924 1334 1057 1382 plures
1074 1333 1263 1370 deficiunt
1280 1345 1400 1381 quam
1419 1332 1559 1380 priori.

305 1396 405 1431 Cum
445 1403 578 1430 autem
618 1392 805 1429 crevisset
850 1392 947 1428 fides
987 1392 1044 1429 sic
1085 1391 1213 1428 toxico
1256 1391 1409 1427 inimici
1451 1403 1561 1427 com-
1627 1399 1694 1426 Men
1716 1398 1803 1426 think

248 1452 370 1490 mixta
403 1461 440 1489 et
472 1451 563 1488 fecit
597 1451 725 1488 multa
757 1463 881 1498 opera
915 1452 1019 1486 bona
1053 1451 1099 1486 de
1123 1462 1280 1497 genere,
1315 1459 1411 1485 tunc
1438 1461 1560 1496 appa-
1578 1434 1841 1503 d¹<¹3¹5⁰1{'0‘3',¹}'‚²‘{¹s¹‡13¹{’5

248 1521 415 1547 ruerunt
460 1510 610 1546 fructus
654 1509 848 1555 zizannie,
889 1521 977 1545 cum
1020 1504 1147 1544 multa
1186 1508 1291 1544 mala
1332 1508 1378 1543 de
1419 1519 1562 1555 genere

247 1582 335 1606 cum
374 1568 488 1605 bonis
523 1567 697 1616 palliatis
729 1566 905 1615 ypocrisi
939 1567 1017 1603 sint
1050 1565 1281 1603 commixta.
1324 1565 1435 1601 Servi
1470 1577 1561 1601 vero

247 1627 315 1676 qui
350 1628 396 1663 de
430 1626 505 1663 ista
538 1625 721 1662 zizannia
755 1625 930 1661 Domino
966 1634 1272 1673 conqueruntur
1310 1633 1402 1660 sunt
1435 1623 1561 1659 sancti

248 1697 282 1721 et
330 1686 514 1721 doctores
559 1692 784 1732 sequentes,
830 1683 898 1731 qui
945 1683 1064 1720 istam
1110 1682 1347 1718 discrasiam
1395 1681 1561 1717 humani

192 1764 205 1783 2
248 1743 402 1791 generis
442 1742 668 1790 percipiunt
702 1754 745 1778 ex
779 1741 969 1778 instinctu
1005 1740 1154 1777 diaboli
1191 1740 1479 1777 introductam.
1515 1742 1562 1775 Et

252 1801 365 1837 multi
401 1812 482 1837 tam
518 1800 716 1836 seculares
749 1812 869 1848 quam
906 1798 1166 1836 ecclesiastici
1204 1798 1358 1834 seducti
1399 1806 1490 1833 sunt
1524 1797 1563 1832 in

250 1860 326 1895 isto
372 1859 481 1907 quod
526 1858 767 1906 generaliter
815 1857 912 1894 tales
960 1858 1119 1893 hereses
1167 1866 1259 1892 sunt
1313 1868 1356 1892 ex
1409 1856 1562 1891 cunctis

250 1917 472 1965 suppositis
505 1917 761 1955 destruende,
795 1918 844 1952 Et
875 1915 967 1952 licet
1001 1914 1183 1951 Christus
1218 1914 1325 1950 dicat
1370 1927 1455 1957 non,
1495 1914 1563 1949 sed

249 1977 357 2024 quod
398 1976 474 2011 hoc
515 1983 572 2011 est
610 1974 720 2010 finali
761 1973 910 2010 iudicio
953 1974 1252 2018 reservandum,
1288 1981 1420 2008 tamen
1453 1971 1563 2007 scola

250 2034 399 2070 diaboli
433 2034 483 2070 ad
517 2042 675 2069 tanturn
700 2032 850 2068 cecavit
874 2041 1027 2068 mentes
1056 2030 1268 2068 hominum
1293 2031 1560 2077 superborum

249 2093 357 2140 quod
404 2091 479 2140 ipsi
519 2103 562 2127 ex
603 2103 723 2127 causa
765 2089 979 2137 multiplici
1020 2089 1223 2137 accipiunt
1263 2101 1385 2136 super
1424 2100 1464 2124 se
1512 2088 1561 2123 ad
1579 2093 1849 2130 burtheycannot

250 2150 556 2186 internicionem
592 2149 663 2184 Dei
697 2148 884 2184 iniuriam
920 2147 1217 2184 vindicandam.
1242 2149 1290 2183 Et
1324 2147 1400 2183 isto
1436 2129 1626 2193 poris·tell
1655 2129 1849 2201 {ffrtezyf‘om

250 2218 355 2244 mate
388 2207 537 2244 diaboli
571 2206 750 2243 stabilito
785 2207 834 2242 ad
868 2215 1024 2243 tantum
1059 2205 1209 2242 cecavit
1241 2204 1397 2241 animas
1434 2204 1563 2252 prela-

250 2275 323 2302 tor(
345 2279 396 2312 rn,
431 2267 541 2313 quod
570 2265 755 2301 nesciunt
780 2264 1025 2312 distinguere
1048 2264 1152 2300 inter
1173 2263 1417 2300 catholicum
1442 2272 1563 2310 atque

250 2325 485 2371 hereticum,
532 2323 634 2360 sicut
677 2322 861 2359 nesciunt
906 2322 1153 2371 distinguere
1198 2322 1301 2358 inter
1351 2330 1561 2368 peccatum

319 2468 344 2487 2.
366 2461 432 2488 BC:
453 2468 522 2488 cum
545 2460 640 2487 deest.
713 2459 738 2487 5.
760 2460 803 2487 A:
827 2463 977 2486 creatura.
1059 2466 1085 2493 7.
1107 2458 1151 2485 A:
1174 2457 1358 2492 prolixitate.
1444 2464 1471 2491 9.
1493 2456 1559 2482 AB:

250 2495 431 2524 introduxit.
507 2503 546 2522 ιο.
567 2496 613 2522 A:
634 2495 763 2523 venalis,
827 2502 861 2521 u.
882 2495 928 2521 A:
949 2494 1107 2521 Concedit.
1180 2500 1217 2519 12.
1238 2493 1284 2520 A:
1306 2491 1436 2525 diaboli;
1458 2492 1498 2518 ib.
1521 2489 1561 2517 C:

249 2531 388 2565 contigit.
462 2530 504 2558 16.
527 2530 567 2556 ss:
587 2530 702 2564 priore.
785 2537 823 2564 ¹7·
845 2529 889 2556 A:
910 2528 1033 2556 videtur
1052 2544 1084 2548 —
1105 2527 1246 2555 securior
1266 2527 1360 2554 deest.
1452 2533 1494 2561 ¹9-
1516 2527 1561 2552 A:

250 2568 294 2593 sic
314 2573 420 2601 coyco.
483 2572 528 2592 20.
550 2565 617 2593 BC:
638 2569 666 2592 et
686 2565 779 2591 deest.
842 2564 884 2591 23.
905 2565 949 2591 A:
975 2566 1058 2598 quod
1073 2563 1128 2596 de;
1185 2562 1226 2589 ib.
1247 2563 1292 2589 A:
1315 2560 1451 2589 Domino
1468 2562 1561 2587 deest.

250 2609 295 2635 27.
319 2603 361 2628 A:
383 2608 419 2627 ex
438 2600 556 2633 cuntis;
578 2599 618 2627 C:
639 2599 791 2626 extinctis.
840 2599 885 2626 30.
906 2600 951 2626 A:
971 2598 1009 2625 ad
1031 2598 1125 2625 deest.
1161 2598 1205 2625 32.
1224 2598 1267 2624 A:
1291 2597 1327 2624 ad
1348 2595 1561 2628 internicioni;

251 2635 317 2663 BC:
348 2636 384 2663 ad
416 2634 721 2669 perinternicionem.
829 2633 870 2661 ib.
892 2633 913 2660 Β
935 2634 965 2660 in
986 2640 1100 2667 marg:
1124 2632 1239 2660 Contra
1261 2631 1329 2658 illos
1350 2631 1403 2666 qui
1425 2630 1562 2657 abiciunt

249 2670 401 2698 iudicium
422 2670 498 2704 legis
514 2669 578 2696 Dei.
635 2668 677 2696 35.
692 2670 735 2696 A:
758 2672 785 2695 et
807 2669 987 2696 hereticum.
1061 2668 1101 2695 ib.
1118 2668 1163 2694 A:
1185 2666 1376 2701 distinguere
1396 2665 1491 2693 deest.

323 2766 352 2797 3.
373 2765 424 2797 Cf.
453 2765 565 2797 Select
585 2763 731 2805 English
752 2763 881 2796 Works
899 2764 970 2795 vol.
996 2763 1051 2796 111.
1073 2772 1151 2806 pag.
1181 2761 1262 2795 155:
1288 2761 1339 2792 hit
1371 2770 1450 2803 may
1482 2760 1562 2792 falle

252 2821 286 2843 to
315 2823 330 2843 a
358 2823 436 2844 man
465 2811 538 2844 that
563 2811 607 2843 he
635 2820 763 2853 synnes
789 2810 823 2842 in
850 2811 1060 2851 abstinence,
1088 2809 1192 2840 when
1225 2807 1270 2839 he
1296 2807 1394 2839 fedes
1422 2814 1483 2838 not
1508 2806 1562 2838 his

252 2859 358 2890 horse
384 2860 458 2891 that
485 2858 632 2889 schulde
658 2857 739 2888 bere
766 2856 848 2899 hym
876 2864 911 2889 to
937 2866 1039 2888 serve
1067 2856 1120 2887 his
1147 2855 1258 2886 soule.
1287 2853 1492 2895 (Matthevv.)
