2057 3353
1041 274 1316 307 PRAEFATIO.

521 393 588 427 sed
622 392 850 428 differenter
881 399 960 427 tres
992 391 1228 428 dominicas.
1259 394 1375 428 Sexta
1407 405 1499 440 pars
1532 401 1568 429 et
1600 392 1742 429 ultima
1775 401 1831 429 est

521 461 542 485 a
580 449 711 498 prima
744 448 946 485 dominica
984 458 1074 497 post
1110 450 1254 486 festum
1293 459 1429 486 sancte
1460 450 1669 487 Trinitatis
1707 463 1831 498 usque

518 508 743 544 Adventum
773 506 935 542 Domini
965 507 1157 543 exclusive
1187 516 1223 544 et
1254 507 1430 544 continet
1459 509 1508 544 ad
1539 508 1666 544 maius
1693 508 1830 555 viginti

519 565 695 614 quinque
717 564 951 601 dominicas.
977 567 1025 601 Et
1048 565 1102 601 sic
1127 574 1233 601 totus
1256 578 1446 602 numerus
1470 565 1636 602 istarum
1659 565 1829 602 domini-

519 635 655 659 carum
681 622 858 659 continet
883 622 1173 671 quinquaginta
1196 625 1294 659 duas
1318 623 1553 669 dominicas,
1580 632 1615 660 et
1639 623 1828 672 septima·
1846 629 1861 660 5

518 693 566 717 ne
610 680 778 718 totidem
825 689 915 716 sunt
959 680 999 716 in
1043 694 1160 717 anno.
1202 681 1304 726 Quia
1349 690 1482 718 autem
1521 681 1561 717 in
1607 681 1829 718 meditullio

517 739 711 787 temporis
745 738 898 774 Natalis
930 738 1077 774 Christi
1111 747 1146 774 et
1185 739 1283 775 alias
1317 740 1440 775 multe
1473 738 1674 775 dominice
1712 751 1830 775 occu-

517 805 664 844 pantur
695 808 765 844 per
797 796 1098 844 solempnitates
1131 805 1375 842 sanctorum,
1409 796 1499 832 ideo
1533 796 1598 832 ille
1632 796 1694 832 cui
1726 799 1829 832 Deus

518 854 726 891 donaverit
758 863 891 902 posset
925 863 1057 901 preter
1096 854 1214 890 istum
1248 854 1465 902 adiungere
1498 867 1709 890 numerum
1751 867 1829 890 ser-

519 925 696 958 monum,
744 911 810 960 qui
861 911 900 947 in
952 911 1164 959 evangeliis
1214 924 1548 960 quorumcunque
1599 920 1829 948 sanctorum
1850 928 1887 948 10

518 969 788 1015 convenerint,
823 978 860 1005 et
893 969 947 1005 sic
981 969 1181 1006 dominice
1214 979 1380 1018 possunt
1413 969 1550 1017 apcius
1585 971 1635 1006 ad
1668 971 1828 1006 laudem

519 1027 678 1064 Domini
713 1036 749 1063 et
783 1027 1121 1075 exemplacionem
1156 1027 1349 1075 evangelii
1383 1028 1576 1076 coaptari.

576 1085 709 1121 Primo
735 1094 868 1121 autem
900 1085 938 1121 in
962 1085 1175 1121 dominicis
1197 1086 1450 1122 sermonibus
1474 1086 1682 1135 supposito
1712 1099 1828 1122 sensu

517 1143 660 1179 literali
700 1142 864 1179 intendo
898 1142 1068 1179 breviter
1100 1156 1258 1179 sensum
1301 1143 1501 1180 misticum
1542 1145 1754 1192 explanare
1793 1152 1829 1180 et

516 1202 691 1237 secundo
717 1214 828 1237 more
852 1201 1061 1248 Augustini
1091 1202 1274 1238 salutabo
1299 1201 1420 1238 dubia
1449 1214 1524 1250 que
1554 1215 1597 1238 ex
1626 1201 1829 1249 evangelio
1850 1206 1886 1238 15

516 1268 677 1307 possent
711 1258 811 1307 capi.

585 1390 605 1409 1.
628 1382 666 1409 B:
688 1382 862 1409 differenter
882 1386 1009 1409 correct.
1032 1383 1077 1409 in:
1100 1382 1293 1410 difformiter.
1372 1391 1399 1419 7.
1421 1384 1442 1410 Β
1464 1384 1493 1410 in
1515 1391 1582 1410 mar
1607 1405 1612 1410 .
1635 1392 1702 1419 sup.
1725 1384 1777 1412 fol.
1800 1393 1825 1411 ιε

516 1416 685 1444 meditullio
706 1417 865 1452 temporis.
958 1425 996 1444 12.
1020 1418 1043 1444 t:
1064 1418 1092 1444 in
1116 1426 1229 1452 marg:
1254 1419 1430 1445 Processus.
1523 1426 1565 1451 14.
1630 1418 1659 1445 in
1682 1427 1777 1454 marg.
1800 1424 1827 1445 et

513 1451 545 1480 in
565 1456 663 1479 textu:
686 1451 852 1478 misticum.
928 1451 964 1479 15.
987 1453 1141 1485 salutatum
1164 1453 1207 1479 sic
1227 1453 1318 1480 codd.
1341 1457 1435 1480 recte:
1459 1453 1587 1480 solvam.
