2017 3353
232 253 368 282 seluto
389 243 482 301 Lm]
747 256 886 288 PRIMA
917 257 1044 290 PARS.

287 363 472 399 Secundo
487 363 709 398 notandum
727 363 932 411 quomodo
949 375 992 399 ex
1016 363 1151 399 multis
1175 365 1350 412 peccatis
1375 375 1558 415 tempore

229 420 536 456 succedentibus
568 419 617 456 sit
656 420 761 456 idem
801 429 1013 469 peccatum
1047 419 1088 457 in
1120 434 1303 459 numero.
1345 424 1392 459 Et
1432 425 1558 462 tercio

227 479 453 515 notandum
486 479 595 527 quod
628 487 838 526 peccatum
872 478 1019 515 dicitur
1052 492 1262 516 remanere
1294 480 1335 517 in
1369 483 1556 529 potencia

227 536 289 572 vel
334 535 493 582 virtute,
540 537 703 585 quando
748 536 787 572 in
832 535 918 584 ipsa
962 546 1143 574 remanet
1188 537 1451 587 indisposicio
1496 542 1556 577 vel

193 594 415 631 5defectus.
470 593 557 630 Istis
599 594 739 642 positis
784 593 930 631 dicitur
974 596 1084 644 quod
1130 605 1342 644 peccatum
1399 599 1554 634 tamdiu

226 661 407 689 remanet
430 651 624 701 quamdiu
656 661 836 689 remanet
868 653 1062 690 defectiva
1094 653 1356 703 indisposicio
1390 655 1430 692 in
1463 658 1553 692 sub-

225 710 379 746 stancia
410 711 472 747 vel
502 710 660 756 virtute,
696 719 733 747 et
767 710 884 758 (sicut
917 711 1069 748 dictum
1112 721 1169 748 est
1203 713 1315 762 alibi)
1356 714 1551 762 quamdiu

225 776 405 805 remanet
438 767 573 805 anima
605 768 646 804 in
676 768 913 817 purgatorio
946 770 1101 806 tamdiu
1133 780 1314 808 remanet
1338 781 1549 820 peccatum

224 825 389 875 aliquod
435 828 749 875 expurgandum,
795 840 876 864 non
922 829 1056 876 quoad
1102 837 1258 865 reatum
1304 842 1405 867 nove
1450 843 1551 878 pene

170 885 292 920 1osed
342 885 477 933 quoad
525 897 672 933 penam
721 885 888 921 ulterius
936 887 1203 923 tolerandam.
1263 887 1361 924 Aliis
1414 897 1548 925 autem

221 941 378 979 videtur
411 944 520 991 quod
551 943 655 981 sieut
686 943 726 979 in
749 943 909 980 Christo
934 945 1126 981 remansit
1149 957 1252 993 pena
1275 946 1359 982 sine
1383 946 1550 984 crimine

220 999 275 1036 sic
308 1000 348 1037 in
380 1001 559 1050 quolibet
592 1001 732 1050 punito
765 1002 806 1038 in
843 1002 1079 1050 purgatorio
1117 1015 1220 1052 pena
1251 1014 1431 1041 remanet
1464 1004 1549 1042 sine

220 1059 350 1107 culpa,
383 1060 453 1096 sed
484 1059 560 1107 ipsi
590 1060 776 1096 videntur
807 1059 927 1096 nimis
960 1061 1138 1098 cruciare
1171 1064 1401 1110 purgandos
1435 1072 1471 1099 et
1505 1075 1549 1099 ex

219 1116 299 1153 alio
314 1117 438 1154 latere
452 1117 560 1166 ipsos
582 1131 732 1166 ponere
754 1117 873 1154 nimis
898 1119 1048 1155 beatos.
1074 1120 1314 1157 Cruciantur
1332 1120 1546 1169 (inquam),

169 1176 204 1209 15
220 1174 321 1211 sicut
355 1175 535 1212 Christus
567 1189 707 1225 passus
731 1185 788 1213 est
811 1189 957 1225 penam
988 1177 1205 1215 maximam
1229 1180 1297 1215 sed
1321 1178 1404 1215 sine
1428 1180 1546 1227 culpa

221 1245 321 1281 eque
368 1233 551 1282 dispositi
591 1244 629 1271 et
667 1234 775 1283 digni
822 1234 925 1271 sicut
969 1235 1000 1271 si
1046 1236 1152 1272 beati
1196 1236 1237 1273 in
1283 1238 1367 1273 celo
1412 1237 1546 1274 taliter

220 1300 465 1339 paterentur.
500 1292 541 1329 Si
576 1292 773 1341 (inquam)
809 1301 964 1329 tantum
999 1303 1182 1330 amarent
1215 1297 1344 1331 Deum
1372 1304 1414 1331 ut
1437 1304 1545 1343 post-

221 1351 386 1386 modum
421 1350 526 1387 beati
559 1359 716 1387 tantum
749 1352 798 1388 ab
831 1363 878 1388 eo
912 1361 1146 1388 amarentur
1179 1362 1216 1389 et
1240 1353 1371 1401 ipsum
1396 1366 1543 1401 cogno-

218 1417 386 1454 scerent,
421 1417 457 1444 et
501 1421 591 1445 cum
624 1408 665 1445 in
703 1409 771 1445 illo
815 1408 899 1445 sine
943 1410 1021 1446 loci
1066 1407 1314 1458 pertinencia
1363 1411 1544 1448 consistit

160 1477 204 1500 20
219 1466 438 1513 beatitudo,
473 1479 543 1503 cur
574 1480 656 1504 non
687 1467 1011 1504 intollerabiliter
1043 1468 1306 1517 punirentur?
1339 1470 1411 1506 Dei
1435 1469 1541 1506 enim

218 1523 386 1561 dileccio
426 1533 463 1561 et
503 1525 585 1562 eius
630 1525 814 1574 cognicio
860 1528 1189 1574 correspondent,
1237 1540 1327 1564 cum
1373 1527 1541 1564 dileccio

217 1581 267 1618 sit
299 1582 432 1630 passio
464 1596 533 1620 sue
565 1583 727 1630 noticie‚
760 1583 851 1620 ideo
883 1584 1040 1621 videtur
1073 1586 1181 1633 quod
1213 1594 1295 1622 tam
1328 1586 1368 1622 in
1391 1586 1542 1623 noticia

219 1652 287 1676 sue
326 1641 512 1688 potencie
557 1641 797 1679 intellective
842 1655 964 1691 quarn
1008 1642 1050 1678 in
1094 1643 1313 1680 affeccione
1357 1644 1542 1692 potencie

218 1697 380 1735 volitive
424 1709 634 1736 remanent
673 1701 845 1749 quedam
886 1700 1062 1737 defectus
1101 1701 1282 1750 reliquie,
1328 1714 1401 1738 nec
1441 1703 1543 1739 foret

163 1758 202 1790 25
219 1756 335 1793 aliter
367 1757 477 1794 racio
519 1770 642 1806 quare
687 1758 820 1795 anime
864 1760 1073 1807 purgande
1110 1759 1241 1796 forent
1280 1762 1541 1808 postmodum

219 1814 469 1852 dimittende.
514 1816 658 1853 Anime
703 1817 808 1853 enim
854 1817 970 1864 plene
1007 1826 1176 1865 purgate
1216 1831 1239 1854 a
1282 1827 1542 1867 peccatorum

217 1872 396 1922 reliquiis
440 1874 576 1910 statim
622 1876 824 1921 advolant,
871 1876 939 1911 sed
985 1888 1074 1911 cum
1123 1876 1350 1924 composito
1390 1889 1461 1925 per
1504 1889 1544 1914 se

218 1933 531 1980 correspondeat
564 1932 766 1979 meritum,
800 1933 933 1970 anime
966 1942 1099 1970 autem
1130 1933 1171 1970 in
1194 1935 1429 1983 purgatorio
1453 1943 1545 1971 sunt

218 1988 302 2025 sine
335 2002 407 2026 suo
441 2003 610 2039 corpore
642 1991 891 2039 premiande,
925 1990 1018 2027 licet
1051 1991 1267 2040 disponant
1300 2005 1340 2029 se
1373 1994 1423 2030 ad
1456 2006 1544 2042 pre-

159 2048 202 2081 30
218 2047 357 2093 mium,
401 2058 680 2086 verumtamen
723 2063 805 2086 non
849 2058 1066 2096 merentur,
1113 2050 1215 2086 sicut
1261 2063 1406 2099 corpus
1451 2060 1543 2088 ante

217 2105 515 2143 animacionem
550 2120 594 2144 ex
624 2108 800 2144 naturali
834 2107 905 2144 Dei
940 2107 1202 2145 ordinacione
1236 2109 1413 2158 disponit
1436 2122 1477 2146 se
1500 2119 1543 2146 ut

217 2176 308 2200 cum
341 2164 477 2201 anima
509 2168 771 2214 postmodum
807 2175 1022 2203 mereatur.
1057 2167 1149 2203 Ideo
1184 2166 1338 2204 dictum
1364 2177 1422 2204 est
1445 2168 1541 2205 alibi

216 2223 325 2270 quod
358 2222 503 2260 mereri
536 2233 593 2260 est
622 2233 810 2261 naturam
844 2224 1041 2272 integram
1082 2225 1307 2262 voluntarie
1342 2239 1382 2263 se
1416 2226 1543 2275 digni-

216 2280 336 2316 ficare
368 2283 418 2317 ad
451 2282 664 2329 premium.
700 2283 778 2319 Sed
819 2283 1033 2319 difficultas
1073 2282 1203 2330 logica
1241 2283 1398 2321 videtur
1437 2293 1542 2321 stare

159 2341 199 2374 35
215 2339 324 2386 quod
368 2348 534 2386 peccata
578 2340 839 2377 remittuntur
877 2353 954 2389 que
992 2353 1074 2377 non
1120 2350 1211 2377 sunt
1249 2354 1322 2379 nec
1365 2343 1539 2389 fuerunt,

215 2408 309 2444 ergo
333 2398 459 2434 multo
489 2398 614 2446 magis
643 2408 721 2436 stat
749 2408 961 2448 peccatum
992 2399 1226 2447 preteritum
1247 2400 1419 2447 dimitti,
1450 2401 1542 2437 licet

213 2466 284 2501 per
316 2456 611 2503 quantumlibet
643 2465 802 2506 tempus
835 2457 1072 2505 preteritum
1111 2470 1193 2494 non
1231 2458 1362 2505 fuerit,
1410 2468 1447 2496 et
1485 2459 1541 2495 sic

213 2513 372 2560 purgati
423 2513 645 2561 puniuntur
690 2524 727 2552 et
771 2524 994 2564 purgantur
1039 2528 1062 2552 a
1105 2516 1281 2563 peccatis
1324 2516 1538 2565 preteritis,

213 2569 305 2607 licet
337 2570 423 2619 ipsa
455 2585 537 2609 non
568 2572 647 2609 sint
676 2575 818 2620 modo3
854 2583 891 2610 et
924 2587 996 2622 pro
1031 2582 1238 2622 assumpto
1263 2575 1419 2623 capitur
1442 2574 1541 2611 illud

283 2725 303 2744 1.
324 2717 349 2744 Α
375 2717 401 2739 *¹
427 2725 539 2753 ,nai·g..·
562 2718 590 2746 b.
620 2718 701 2746 Nota
728 2719 764 2746 de
793 2725 917 2755 peccato
945 2725 972 2747 et
1000 2721 1065 2748 eius
1096 2721 1291 2748 remissione.
1401 2729 1427 2749 2.
1453 2722 1482 2749 A
1508 2721 1537 2748 in

214 2759 328 2787 marg:
350 2774 375 2779 ..
439 2761 472 2780 ιι.
494 2755 523 2781 Α
542 2753 573 2780 in
595 2762 709 2789 marg:
732 2754 960 2790 Purgatormm.
1030 2755 1067 2783 13.
1090 2756 1129 2783 B:
1154 2756 1343 2791 purgandas.
1407 2765 1449 2790 14.
1472 2755 1538 2784 BC:

214 2787 272 2814 nisi
304 2787 411 2814 bonos.
523 2787 565 2816 16.
595 2788 635 2816 C:
666 2789 745 2816 sicut
775 2789 871 2824 beati;
902 2790 941 2817 L':
971 2791 1050 2818 sicut
1081 2791 1179 2818 beato.
1289 2799 1332 2826 19.
1361 2790 1427 2819 BC:
1458 2791 1538 2826 ipso.

213 2829 260 2852 24-
282 2821 399 2849 Codd:
422 2822 559 2865 quidam.
633 2823 677 2852 25.
699 2824 766 2852 EC:
788 2824 898 2852 taliter.
974 2833 1019 2855 27.
1043 2825 1110 2853 BC:
1133 2826 1267 2853 avolant.
1342 2824 1389 2854 30.
1407 2825 1540 2864 BCznsic

213 2864 338 2892 corpus.
422 2865 467 2885 ³2.
488 2858 517 2885 A
536 2858 567 2885 in
588 2867 704 2895 marg:
727 2858 810 2894 Quid
832 2864 877 2887 est
898 2861 1019 2888 mereri.
1101 2859 1146 2896 37.
1168 2861 1212 2888 A:
1235 2869 1290 2896 per
1309 2861 1538 2896 quantumllbet

214 2896 336 2927 tempus
358 2891 452 2920 deest.
526 2892 571 2921 38⁴
593 2894 639 2921 A:
660 2902 675 2920 a
697 2894 792 2921 deest.

1356 2946 1396 2978 23

1773 257 1849 295 353

1580 606 1632 633 Sin
1657 609 1790 636 remains
1812 619 1846 636 so

1571 675 1575 679 .
1594 642 1665 676 long
1687 650 1719 669 as
1739 644 1823 672 there

1569 684 1594 702 1s
1615 684 1674 711 any
1694 679 1845 707 tende-nex*

1665 716 1695 738 to
1717 714 1748 739 it.
1827 712 1835 716 ”

1624 1827 1716 1855 Souis
1738 1828 1767 1855 in

1612 1867 1779 1899 purgatory

1578 1896 1668 1932 being
1687 1898 1817 1925 without

1578 1932 1684 1959 bodies
1705 1938 1817 1960 cannot

1575 1966 1664 1994 merit
1686 1968 1814 1995 reward.
