2017 3353
152 298 205 336 80

170 594 239 622 The
260 594 319 621 law
339 600 403 620 was

228 634 282 656 not
301 633 350 664 yet

200 663 384 698 abrogated.

158 825 304 859 Shewing
329 829 361 852 to
381 825 429 852 the

175 861 271 896 priest
291 859 411 898 typifies

197 895 387 922 confessmn.

737 303 961 336 JOHANNts
980 303 1164 336 WYCLIF
1191 303 1447 335 SERMONUM
1534 289 1756 347 [SERMOXII.

445 410 551 446 dicat
597 408 838 445 miraculum
886 409 1068 445 faciendo
1103 408 1339 446 scandalum
1375 409 1498 446 alicui
1532 421 1604 444 nec
1637 420 1754 455 pom-

442 468 577 515 pando
612 466 652 502 in
675 478 715 502 se
740 466 828 513 ipso
855 478 926 502 nec
950 468 1084 503 dando
1115 467 1339 514 exemplum
1376 467 1479 504 male
1502 466 1755 514 concipiendi

443 526 491 561 de
524 524 716 561 Domino.

501 584 578 619 Sed
626 582 722 631 quia
766 583 945 618 nondum
992 592 1199 619 cessarunt
1244 582 1401 631 legalia,
1448 583 1539 620 ideo
1585 582 1757 631 precipit

446 641 630 677 Christus
675 649 718 676 ut
765 640 940 676 ostendat
986 652 1026 676 se
1068 641 1333 677 sacerdotibus
1378 641 1574 690 offerendo
1622 642 1791 676 munusf)

444 700 546 748 quod
576 699 740 750 Moyses
772 698 862 733 dari
889 706 1120 747 preceperat
1153 698 1322 746 leprosis
1356 699 1523 736 Levitici
1556 700 1654 735 XIV.
1708 700 1757 735 Et

445 766 586 793 notant
620 755 738 792 multi
772 756 881 804 quod
914 755 1006 792 licet
1039 766 1204 803 peccata
1228 757 1482 794 subditorum
1510 757 1636 794 eciam
1665 766 1757 793 ante

446 814 743 851 confessionem
777 812 954 849 crebrius
987 813 1068 850 sint
1092 814 1236 861 deleta,
1268 824 1402 851 tamen
1426 824 1617 862 peccator
1639 815 1756 850 debet

446 871 659 909 humiliter
691 871 913 918 presbitero
948 871 1140 919 penitere,
1174 872 1235 909 vel
1268 877 1326 918 (ut
1358 881 1521 910 notetur
1553 872 1756 920 pertinen-

447 931 546 976 cius)
572 938 760 978 peccator
783 930 900 965 debet
922 939 1012 976 post
1035 930 1189 977 peccati
1213 930 1461 968 delecionem
1486 930 1755 979 presbiterum
1777 948 1815 968 10

446 988 648 1025 saniorem
684 987 893 1024 consulere
925 997 962 1024 et
991 987 1233 1025 medicinam
1273 989 1592 1026 conservativam
1615 1001 1664 1024 ne
1698 1000 1756 1024 re-

447 1046 593 1083 cidivet
617 1045 811 1093 accipere.
844 1046 959 1081 Tunc
982 1045 1088 1081 enim
1124 1047 1302 1082 ostendit
1333 1059 1373 1083 se
1397 1046 1597 1084 sacerdoti
1621 1056 1659 1083 et
1683 1045 1757 1082 toti

447 1104 614 1152 populo,
655 1104 818 1152 quando
853 1103 1067 1140 efficaciter
1104 1104 1255 1140 indicat
1286 1104 1410 1141 vitam
1456 1113 1651 1150 sanctam,
1698 1103 1758 1140 vel

447 1162 621 1198 activam
655 1170 838 1198 notatam
872 1174 943 1209 per
966 1162 1067 1198 duos
1101 1162 1233 1209 pullos
1270 1162 1554 1199 columbarum
1578 1162 1638 1199 vel
1664 1174 1757 1198 con-

447 1219 726 1268 templativam
761 1220 851 1267 plus
884 1219 995 1255 unite
1019 1229 1202 1257 notatam
1237 1233 1308 1268 per
1330 1234 1403 1268 par
1426 1230 1651 1267 turturum;
1686 1227 1816 1258 ncc15

448 1288 591 1325 pausat
616 1277 800 1314 Christus
825 1277 1110 1314 benefaciendo
1135 1278 1282 1325 Judeis,
1307 1280 1376 1315 sed
1400 1279 1610 1327 figurando
1635 1277 1758 1314 eccle-

449 1338 549 1372 siam
584 1336 759 1372 futuram
794 1335 834 1371 in
866 1335 1052 1383 gentibus
1085 1336 1283 1373 benefacit
1316 1350 1406 1373 cum
1431 1338 1506 1373 hoc
1529 1336 1759 1384 gentilibus,

448 1403 491 1429 ut
523 1404 634 1441 patet
668 1395 715 1429 de
749 1393 826 1430 isto
859 1393 1095 1430 centurione
1128 1394 1247 1431 fideli.
1298 1394 1480 1432 Centurio
1513 1404 1648 1431 autem
1683 1393 1758 1430 iste

448 1452 608 1500 gentilis
641 1451 799 1499 positus
839 1463 909 1498 per
941 1453 1143 1488 Romanos
1167 1453 1217 1488 ad
1241 1453 1552 1489 custodiendum
1579 1453 1758 1500 Caphar—

449 1523 584 1555 naum,
619 1522 694 1558 que
729 1509 802 1546 fuit
827 1510 1064 1557 metropolis
1089 1510 1252 1556 Galilee,
1290 1511 1444 1559 rogavit
1466 1512 1598 1547 Jesum
1624 1509 1756 1558 primo
1777 1526 1816 1547 20

450 1580 521 1615 per
541 1568 687 1603 Judeos
721 1567 781 1603 sui
814 1567 969 1615 generis
1003 1565 1066 1620 (ut
1098 1577 1209 1618 patet
1243 1569 1337 1605 Luc.
1371 1570 1473 1615 V110,
1511 1569 1559 1613 3).
1593 1571 1642 1604 Et
1665 1580 1756 1604 cum

450 1638 520 1673 per
551 1624 829 1662 internuncios
864 1624 1071 1661 didicisset
1104 1626 1307 1662 Christum
1353 1627 1453 1663 velle
1495 1626 1643 1672 venire,
1696 1637 1758 1661 ro-

450 1683 555 1731 gavit
589 1695 678 1719 eum
713 1683 753 1718 in
784 1682 847 1719 via
880 1683 919 1718 in
952 1695 1125 1730 persona
1158 1684 1322 1731 propria
1356 1695 1592 1730 reverenter,
1628 1692 1664 1720 et
1698 1679 1760 1735 (ut

452 1741 618 1789 quidam
653 1740 810 1792 dicunt)
844 1741 920 1777 hoc
953 1741 1044 1777 fecit
1078 1753 1119 1777 ex
1165 1742 1384 1779 devocione
1429 1752 1466 1779 et
1512 1741 1757 1786 humilitate,

453 1799 550 1847 quia
584 1799 719 1835 noluit
752 1811 891 1835 vexare
924 1799 1159 1836 Dominum.
1206 1800 1299 1836 Ideo
1332 1799 1543 1848 prohibuit
1575 1812 1665 1836 eum
1700 1799 1758 1834 in·
1776 1805 1815 1838 25

453 1867 560 1894 trare
593 1858 762 1893 domum
782 1869 910 1902 suam,
945 1869 1036 1893 cum
1061 1857 1175 1894 scivit
1198 1859 1346 1895 Judeos
1370 1857 1623 1895 abhominari
1648 1870 1758 1893 com-

456 1915 661 1952 municare
714 1927 804 1950 cum
859 1914 1045 1962 gentibus
1090 1915 1279 1952 intrando
1325 1916 1472 1954 domos
1519 1928 1657 1952 eorum
1701 1915 1761 1951 vel

454 1974 715 2010 comedendo.
773 1975 822 2009 Et
867 1973 932 2009 isti
977 1973 1110 2009 sensui
1152 1975 1200 2010 de
1232 1975 1461 2011 humilitate
1495 1973 1634 2010 militis
1667 1985 1761 2021 gen—

454 2031 537 2068 tilis
569 2031 728 2068 videtur
760 2040 911 2067 textum
946 2031 1137 2068 alludere.

511 2091 624 2125 Jesus
674 2097 807 2125 autem
855 2101 1100 2135 cognoscens
1146 2088 1263 2124 fidem
1311 2089 1559 2125 centurionis
1603 2089 1651 2124 de
1691 2094 1820 2126 suasso

456 2147 667 2183 divinitate
701 2159 780 2182 non
819 2146 949 2181 doluit
981 2148 1028 2182 de
1062 2147 1144 2182 eius
1178 2146 1346 2194 perfidia
1379 2147 1482 2183 sicut
1517 2148 1563 2183 de
1606 2145 1762 2182 defectu

457 2205 547 2241 fidei
589 2205 719 2255 reguli
748 2204 939 2240 Johannis
974 2206 1057 2250 1V0,
1091 2206 1143 2250 46
1178 2206 1355 2255 rogantis
1398 2217 1481 2241 eum
1523 2205 1764 2248 descendere,

458 2263 568 2310 prius
612 2275 733 2310 quam
777 2275 873 2297 suus
918 2261 1022 2298 filius
1067 2262 1267 2298 moriatur
1312 2264 1380 2299 sed
1428 2262 1680 2299 familiariter
1722 2270 1766 2297 ut

458 2321 564 2356 fideli
588 2320 748 2356 locutus
765 2329 823 2355 est
838 2321 947 2367 quod
970 2320 1122 2356 veniret
1145 2322 1194 2356 ad
1218 2333 1377 2357 servum
1402 2321 1485 2356 eius
1508 2320 1763 2368 paraliticum

459 2387 496 2414 et
521 2387 698 2424 curaret3
732 2378 841 2425 quod
874 2390 966 2424 sepe
999 2377 1042 2413 fit
1073 2379 1123 2414 ad
1156 2391 1316 2414 sensum
1351 2378 1567 2425 misticum,
1603 2378 1765 2426 quando
1782 2383 1821 2416 35

461 2436 668 2472 inferiores
704 2435 870 2483 gentiles
905 2435 971 2482 qui
1005 2435 1043 2471 in
1078 2435 1153 2472 fide
1186 2436 1384 2473 fluctuant
1417 2445 1461 2472 ut
1492 2435 1689 2484 paralitici
1724 2447 1767 2471 ex

458 2493 695 2531 visitacione
728 2492 889 2528 Domini
924 2502 1016 2529 sunt
1048 2494 1189 2530 curati.
1254 2495 1331 2531 Sed
1376 2493 1558 2531 centurio
1604 2494 1767 2530 credens

530 2606 557 2632 6.
592 2606 636 2632 A:
670 2612 726 2639 pro
764 2604 912 2638 leprosis;
944 2604 986 2631 ib.
1023 2604 1044 2631 B
1074 2604 1103 2631 in
1136 2612 1250 2639 marg.:
1287 2605 1331 2632 De
1359 2606 1557 2633 confessione
1587 2605 1767 2640 presbytero

463 2639 611 2668 facienda.
704 2647 733 2673 9.
754 2639 796 2665 B:
819 2639 988 2673 patensius.
1046 2647 1081 2665 ιι.
1103 2638 1147 2666 C:
1169 2640 1333 2667 seniorem.
1389 2648 1426 2667 12.
1448 2641 1491 2667 A:
1514 2644 1589 2667 toto.
1665 2640 1706 2666 16.
1728 2638 1766 2666 C:

463 2680 585 2710 pensat;
608 2674 649 2701 ib.
663 2673 700 2701 B:
723 2674 876 2711 signando
889 2673 1061 2701 ecclesiam.
1117 2674 1161 2702 23.
1176 2675 1221 2702 A:
1243 2682 1314 2702 curn
1327 2675 1357 2701 in
1372 2683 1436 2708 via;
1458 2675 1496 2701 ss:
1517 2674 1547 2701 in
1563 2675 1609 2701 via
1625 2680 1768 2712 persona.

462 2718 508 2743 24.
535 2710 572 2736 B:
594 2709 641 2736 hic
661 2707 742 2736 fecit.
825 2715 871 2734 20.
892 2709 936 2735 A:
957 2708 1082 2741 ludeas;
1105 2709 1147 2736 C:
1170 2709 1362 2736 abominare.
1434 2710 1472 2737 31.
1495 2708 1561 2736 BC:
1644 2708 1767 2739 deitate;

463 2745 504 2771 ib.
532 2746 579 2771 A:
607 2745 685 2771 sicut
715 2742 852 2775 defectu;
882 2742 922 2769 ib.
950 2744 979 2770 A
1006 2743 1036 2769 in
1059 2751 1155 2777 marg.
1187 2752 1255 2778 sup.
1286 2744 1340 2771 fol.
1367 2744 1447 2771 150⁸:
1482 2746 1562 2770 Puer
1587 2750 1670 2770 meus
1693 2742 1774 2769 iacet

464 2780 494 2806 in
507 2778 592 2806 domo
604 2778 792 2814 paraliticus.
807 2776 932 2804 Matthei
947 2777 1095 2805 Vlll.Hic
1111 2783 1255 2806 notantur
1269 2783 1421 2814 quatuor:
1438 2778 1515 2805 Puer
1529 2778 1652 2813 placens
1667 2777 1725 2804 sibi
1740 2777 1769 2814 in

465 2815 608 2847 stulticia,
627 2814 667 2840 ibi
686 2820 771 2848 puer:
793 2814 880 2847 piger
908 2813 1011 2839 iacens
1040 2813 1070 2839 in
1092 2820 1146 2839 sua
1169 2813 1306 2847 pigricia,
1326 2813 1367 2840 ibi
1388 2813 1489 2845 iacet;
1517 2819 1603 2839 error
1623 2812 1770 2850 latens-ln

465 2848 671 2882 consciencia,
698 2848 738 2875 ibi
759 2847 790 2874 in
810 2846 912 2881 domo;
934 2847 1064 2881 languor
1085 2855 1195 2882 parens
1216 2849 1260 2874 vel
1283 2852 1390 2882 patens
1410 2855 1481 2874 cum
1501 2846 1698 2881 impotencia,
1728 2846 1770 2873 1b1

463 2884 651 2918 paraliticus.
726 2880 769 2910 33.
790 2883 830 2909 A:
854 2882 1067 2909 famuliariter.
1140 2880 1186 2917 34.
1209 2883 1252 2909 A:
1273 2882 1355 2918 quod
1378 2883 1510 2909 velleret.
1590 2881 1633 2914 35,
1656 2880 1701 2908 36.
1723 2881 1769 2907 A:

465 2921 591 2953 quando
612 2919 640 2944 in
663 2916 764 2944 flores.
