2017 3353
211 246 348 277 SERMO
369 237 463 294 [ιιι]
716 250 857 282 PRIMA
884 249 1010 281 PARS.
1742 245 1787 280 35
1804 257 1813 280 1

267 360 320 393 Ex
353 356 428 392 isto
462 356 666 404 evangelio
701 355 874 392 dubitari
908 355 1007 391 solet
1041 354 1072 391 si
1105 354 1333 391 intellectus
1358 355 1531 391 hominis
1602 366 1716 405 Which
1738 367 1763 394 is

208 415 257 451 sit
289 414 471 462 superior
495 427 615 462 quam
647 413 824 454 affectus,
859 421 896 448 et
931 412 1086 448 videtur
1115 412 1221 449 iuxta
1246 414 1349 449 hunc
1374 426 1531 449 sensum
1558 401 1813 463 1111¹2¹lfflffi¹ss13¹¹51c

210 473 410 509 misticum
457 473 565 521 quod
609 471 677 511 sic.
725 484 813 508 cum
859 470 908 506 sit
954 471 1112 518 regulus
1158 480 1194 506 et
1240 471 1405 507 affectus
1451 471 1532 507 eius
1629 472 1738 498 desire.

210 531 325 571 silius,
360 532 426 567 sed
462 530 500 566 in
533 529 763 578 oppositum
798 528 955 565 videtur
995 530 1103 576 quod
1138 528 1242 564 idem
1278 538 1335 564 est
1368 529 1532 565 affectus

175 598 191 630 5
211 599 247 625 et
277 590 460 626 voluntas
491 587 677 633 hominis,
711 588 778 623 sed
803 586 889 634 ipsa
912 587 1096 622 voluntas
1120 595 1176 622 est
1199 599 1386 634 suprema
1409 586 1533 623 virtus

210 647 248 683 in
283 646 446 682 homine
480 646 683 694 imperans
716 644 904 681 omnibus
939 644 1026 680 aliis
1060 653 1102 680 ut
1138 644 1406 691 inferioribus,
1442 657 1531 680 cum

210 705 343 752 dirigit
373 703 632 752 imperatorie
666 716 789 751 opera
812 702 1050 738 intellectus.
1085 704 1132 738 Et
1157 711 1321 739 currunt
1346 702 1533 739 hincinde

212 764 336 799 multa
375 761 454 798 alia
494 770 743 810 argumenta,
785 762 852 797 sed
892 760 1047 797 videtur
1087 760 1208 797 michi
1247 762 1355 809 quod
1395 760 1533 797 distin-

208 822 365 869 guendo
409 832 499 856 vere
544 821 614 856 has
663 819 841 865 virtutes,
884 831 973 855 cum
1014 831 1093 855 non
1134 828 1300 866 possunt
1341 831 1424 855 esse
1463 831 1533 866 per

155 892 249 920 10se
293 878 408 924 (sicut
459 878 555 914 false
600 877 838 914 fantasiatur
882 876 920 912 in
970 876 1138 913 materia
1189 878 1236 913 de
1280 886 1534 913 sacramento

209 936 345 973 altaris
379 938 426 972 de
458 935 747 982 accidentibus)
781 948 860 971 non
895 944 951 971 est
985 935 1286 983 intelligendum
1321 937 1428 983 quod
1463 935 1536 971 iste
1570 946 1657 983 They
1678 956 1728 975 are
1750 953 1801 975 1101

210 996 286 1031 due
304 994 489 1043 potencie
511 993 588 1030 sint
612 993 777 1030 omnino
794 992 991 1035 distinete.
1017 1006 1105 1029 cum
1124 993 1201 1029 sint
1218 993 1322 1029 idem
1340 993 1533 1030 subiecto.
1602 983 1770 1045 Ἠξζῇξῗξῐ

269 1054 360 1089 Ideo
394 1061 479 1088 tota
511 1052 726 1088 difficultas
768 1060 824 1087 est
864 1060 996 1087 utrum
1037 1051 1267 1088 substancia
1307 1051 1533 1088 intellectus

210 1110 258 1146 sit
291 1120 333 1146 ut
367 1109 609 1146 intellectiva
641 1109 825 1158 superior
859 1122 979 1157 quam
1013 1118 1055 1145 ut
1088 1109 1264 1145 volitiva.
1298 1112 1346 1145 Et
1379 1101 1531 1146 certum

157 1176 192 1209 15
209 1178 266 1205 est
299 1170 406 1217 quod
440 1169 659 1205 secundum
692 1176 908 1216 utrumque
942 1168 1060 1203 habet
1090 1167 1293 1204 racionem
1318 1167 1533 1216 superiori-

209 1227 314 1273 tatis‚
360 1226 452 1263 licet
495 1239 575 1263 non
620 1226 669 1262 sit
713 1238 753 1262 se
798 1225 883 1274 ipsa
928 1225 1123 1274 superior.
1172 1227 1351 1274 Utraque
1398 1235 1530 1262 autem

208 1284 374 1322 istarum
399 1284 677 1333 potenciarum
704 1292 760 1320 est
784 1283 939 1331 passiva
965 1283 1176 1320 subiacens
1200 1283 1377 1320 mocioni
1402 1284 1533 1320 divine

209 1352 245 1379 et
279 1345 328 1379 ab
360 1343 446 1391 ipsa
478 1341 778 1380 necessitabilis.
823 1341 958 1377 Virtus
992 1350 1125 1378 autem
1160 1341 1401 1378 intellectiva
1441 1354 1530 1378 cum
1548 1343 1615 1371 The
1639 1344 1774 1393 intel-lectt
1797 1345 1823 1372 is

210 1401 258 1437 sit
291 1400 414 1449 prior⁷
448 1400 541 1450 quia
574 1413 693 1437 nemo
727 1408 835 1436 amat
867 1400 927 1436 vel
959 1401 1041 1436 vult
1064 1399 1162 1435 illud
1186 1401 1295 1448 quod
1318 1400 1428 1448 prius
1452 1413 1532 1436 non
1571 1379 1798 1449 thgs'fffaessljesssln

152 1478 194 1499 20
211 1458 454 1507 cognoverit,
505 1458 708 1506 signanter
759 1457 904 1494 dicitur
950 1459 1096 1494 habere
1149 1457 1353 1494 racionem
1408 1457 1532 1506 patris
1566 1448 1734 1511 inforaeiilrffg
1754 1450 1804 1476 ¹¹¹0

209 1517 448 1554 volicionem
488 1516 683 1565 gignentis
724 1525 760 1552 et
792 1517 1012 1552 secundum
1057 1515 1274 1562 racionem,
1321 1516 1432 1553 cuius
1464 1529 1533 1564 ap-
1718 1507 1723 1518 ⁷

209 1575 421 1623 prehensio
450 1584 506 1611 est
538 1574 703 1623 propria
735 1574 954 1610 intellectui
986 1573 1222 1622 regulalitis3
1257 1583 1293 1611 et
1326 1574 1381 1611 sic
1414 1575 1533 1611 habet

210 1633 413 1670 racionem
455 1634 588 1681 regule
621 1634 689 1669 sed
729 1632 956 1680 specialiter
1001 1634 1135 1681 quoad
1179 1632 1366 1668 affectum
1412 1632 1533 1669 sensi—

210 1691 334 1727 tivum
378 1692 439 1727 vel
481 1692 531 1727 ad
564 1690 818 1739 temporalia,
859 1703 949 1726 cum
989 1690 1076 1738 ipsa
1114 1689 1237 1726 virtus
1277 1690 1533 1739 specificatur

156 1757 194 1789 25
211 1750 516 1798 quodammodo
539 1750 588 1785 ab
613 1748 784 1794 obiecto,
811 1757 847 1784 et
870 1748 925 1784 sic
951 1750 1089 1785 eadem
1131 1748 1361 1785 substancia
1401 1748 1534 1785 anime

210 1809 429 1844 secundum
485 1807 605 1844 aliam
650 1807 854 1843 racionem
905 1820 1023 1855 quam
1070 1806 1312 1843 intellectiva
1357 1815 1393 1843 et
1437 1806 1534 1843 voli-

211 1865 337 1902 cionis
377 1865 565 1913 gignitiva
606 1874 663 1901 est
702 1864 884 1913 superior
923 1877 1043 1913 quam
1085 1873 1141 1901 est
1179 1874 1221 1901 ut
1258 1864 1314 1901 sic
1357 1864 1532 1911 volitiva,

211 1923 384 1960 volutiva
419 1936 512 1960 vero
544 1932 586 1960 ut
620 1932 677 1959 est
710 1932 752 1959 ut
784 1923 1009 1959 intellectus
1043 1922 1280 1971 imperativa
1313 1924 1533 1959 secundum
1563 1926 1615 1953 but
1633 1926 1685 1965 ,the
1705 1927 1768 1974 {vill
1787 1926 1812 1953 is

213 1983 320 2031 quod
357 1981 528 2018 voluerit
561 1990 618 2018 est
650 1981 832 2030 superior
865 1994 985 2029 quam
1018 1990 1060 2017 ut
1084 1981 1139 2017 sic
1168 1980 1422 2018 intellectiva.
1457 1982 1534 2018 Sed
1578 1961 1799 2031 Csissssgssgbfflg

156 2049 198 2082 30
212 2052 284 2076 nec
317 2039 479 2088 spiritus
503 2039 568 2076 ille
591 2052 665 2076 nec
689 2052 760 2076 sua
783 2039 970 2088 potencia
999 2048 1055 2075 est
1086 2039 1323 2087 simpliciter
1352 2039 1535 2087 superior
1579 2032 1629 2058 the
1649 2032 1793 2059 luteum·

213 2110 253 2134 se
285 2097 383 2146 ipsa.
419 2099 511 2134 Ideo
544 2097 659 2134 multi
692 2097 812 2134 nimis
843 2110 941 2134 vane
975 2106 1192 2145 evagantur
1224 2097 1263 2133 in
1293 2097 1368 2134 isto
1393 2097 1534 2143 dubio;

212 2169 336 2192 unum
361 2165 497 2192 tamen
518 2157 740 2192 notandum
764 2157 871 2204 quod
896 2164 977 2192 tam
1001 2155 1147 2192 volicio
1171 2168 1291 2204 quam
1311 2155 1535 2192 intelleccio

212 2213 477 2262 probabiliter
510 2214 656 2251 dicitur
688 2213 902 2251 subiectari
941 2226 1047 2250 nunc
1082 2213 1122 2250 in
1154 2213 1341 2261 potencia
1373 2213 1535 2250 volitiva

213 2281 250 2308 et
281 2285 387 2309 nunc
420 2272 461 2308 in
492 2272 679 2321 potencia
711 2272 965 2318 intellectiva,
1001 2285 1090 2308 cum
1123 2271 1172 2308 sit
1195 2271 1301 2308 idem
1335 2271 1534 2310 subiecto:

155 2339 195 2372 35
212 2330 436 2367 formaliter
467 2339 601 2367 autem
624 2330 884 2379 intelligendo
907 2343 989 2367 non
1013 2329 1250 2376 subiectant,
1275 2331 1343 2367 sed
1366 2331 1536 2366 fundant

213 2388 441 2425 accidencia
475 2389 786 2438 consequencia3
821 2398 857 2426 et
889 2388 945 2425 sic
964 2388 1145 2425 Christus
1167 2389 1395 2424 Joh.XV110
1420 2389 1535 2424 debet

284 2507 303 2526 1.
333 2500 361 2526 A
391 2499 419 2526 in
451 2507 564 2534 marg:
595 2499 733 2526 Primum
763 2499 909 2532 dubium:
940 2499 962 2526 B
992 2500 1020 2526 in
1053 2507 1166 2534 marg:
1199 2498 1340 2533 Questio.
1444 2506 1468 2525 2.
1491 2499 1533 2525 A:

215 2534 295 2561 hunc
316 2534 409 2561 deest.
482 2533 508 2564 3.
529 2544 558 2568 4.
580 2535 624 2561 A:
647 2534 712 2561 eius
732 2551 765 2553 —
785 2535 912 2561 affectus
933 2535 1028 2561 deest.
1103 2534 1126 2561 5.
1148 2535 1192 2561 A:
1216 2533 1274 2562 §ed
1299 2533 1366 2563 illa:
1394 2533 1434 2560 ib.
1455 2534 1484 2560 A
1504 2533 1533 2559 in

215 2577 328 2604 marg:
350 2568 395 2596 De
415 2569 566 2596 intellectu
588 2573 615 2596 et
635 2569 754 2596 affectu.
863 2569 891 2596 6.
915 2569 980 2596 BC:
1003 2569 1070 2596 aliis
1091 2569 1186 2596 deest.
1298 2576 1327 2604 9,
1350 2576 1390 2595 10.
1412 2576 1466 2603 pei·
1487 2576 1533 2599 se;

214 2604 259 2630 A:
288 2611 377 2638 pars:
407 2603 447 2630 ib.
476 2603 542 2631 BC:
574 2608 782 2632 sacramenta:
812 2603 853 2630 ib.
883 2604 904 2630 B
934 2603 962 2630 in
995 2612 1108 2642 marga
1139 2604 1219 2631 Nota
1247 2607 1332 2629 actus
1358 2602 1480 2629 volendi
1509 2607 1535 2628 et

214 2638 419 2673 cognoscendi
442 2638 592 2673 incipiunt
612 2638 641 2665 in
663 2638 771 2665 eodem
793 2638 931 2671 instanti,
954 2638 1024 2673 quia
1048 2647 1071 2665 51
1093 2638 1207 2670 aliquid
1231 2638 1299 2664 volo
1316 2641 1437 2672 oportet
1452 2637 1532 2671 quod

214 2673 286 2699 illud
310 2681 551 2707 precognoscam
573 2677 601 2699 et
622 2673 645 2699 si
668 2681 880 2708 precognosco
896 2678 967 2700 tunc
982 2678 1104 2708 oportet
1119 2682 1166 2699 me
1183 2673 1256 2699 velle
1272 2680 1534 2706 precognoscere:

216 2707 261 2734 via
282 2716 353 2741 ergo
374 2707 415 2734 im
441 2707 622 2734 erfeccionis
643 2712 728 2734 actus
749 2708 955 2742 cognoscendi
973 2708 1058 2742 prius
1074 2707 1182 2742 incipit
1197 2707 1248 2733 sed
1265 2706 1312 2732 via
1330 2706 1536 2741 profecciouis

215 2746 299 2769 actus
321 2743 407 2768 volen
435 2742 453 2769 i.
539 2741 575 2769 13.
597 2743 625 2769 A
647 2742 675 2769 in
699 2751 812 2777 marg:
834 2742 915 2769 Nota
937 2742 1159 2769 difficultatem.
1235 2750 1276 2775 14.
1298 2741 1364 2768 BC:
1388 2746 1417 2768 ut
1439 2741 1533 2767 deest.

215 2785 254 2811 17-
278 2777 313 2803 15:
336 2777 520 2803 subiectans.
613 2785 654 2812 19.
679 2778 723 2804 A:
746 2777 789 2803 vel
812 2778 875 2803 vult
896 2777 969 2803 illud
993 2777 1093 2805 deest:
1126 2777 1165 2803 ib.
1186 2777 1230 2803 A:
1253 2776 1311 2802 nisi
1333 2776 1414 2812 quod
1437 2775 1533 2810 prins.

214 2820 257 2838 22.
281 2811 345 2839 130.-
369 2812 550 2850 regulanter.
613 2811 657 2839 23.
680 2813 724 2838 A:
747 2812 889 2838 affectum
911 2812 1011 2840 deest:
1034 2810 1073 2838 C:
1096 2812 1246 2837 ellectum.
1309 2814 1355 2837 20.
1377 2811 1421 2837 A:
1444 2810 1532 2837 aliam

215 2846 314 2874 deest:
337 2846 377 2873 C:
400 2847 498 2874 illam:
526 2846 567 2873 ib.
588 2847 633 2873 A:
656 2855 716 2881 qua
738 2846 932 2873 intellectiva.
1024 2854 1069 2874 Υ,
1091 2847 1136 2872 28.
1160 2845 1225 2872 BC:
1248 2845 1291 2872 sic
1311 2845 1434 2872 volitiva
1457 2849 1483 2871 et
1506 2850 1534 2871 ut

214 2881 392 2908 intellectus.
432 2880 554 2907 3215&
574 2881 660 2908 Unde
678 2886 790 2907 tamen.
830 2880 872 2908 35.
887 2880 953 2908 BC:
971 2861 1119 2907 intellecte
1136 2889 1206 2907 non.
1247 2878 1293 2906 36.
1307 2879 1346 2907 C:
1362 2880 1534 2914 sequencia.
