2017 3353
217 261 353 290 SERMo
374 251 527 309 XLVIIL]
750 265 892 298 PRIMA
920 266 1047 297 PARS.

216 370 286 406 Dei
309 369 484 417 graciam
510 379 546 407 et
569 370 744 408 virtutes.
768 373 881 409 Tunc
905 381 1038 409 autem
1065 373 1181 409 datur
1212 374 1329 410 matri
1354 376 1530 421 ecclesie,

215 429 377 476 quando
415 429 533 465 servit
572 429 645 465 sibi
685 429 723 465 in
763 429 941 466 moribus
981 439 1016 466 et
1054 431 1186 467 zelans
1219 444 1292 479 pro
1326 432 1408 469 eius
1442 446 1532 480 pro-

214 486 317 522 fectu
350 486 434 522 odit
468 496 504 523 et
538 489 726 535 reprobat
760 489 892 524 hostes
931 488 1027 524 eius.
1082 490 1129 524 Et
1170 489 1262 525 hinc
1295 491 1532 537 generaliter

213 543 380 580 timebat
413 546 597 593 populus,
633 547 794 593 quando
817 545 914 582 vidit
944 547 1124 582 membra
1148 547 1295 583 Christi
1328 548 1383 585 sic
1414 549 1532 585 mira-

180 602 349 639 5culose
392 603 575 651 agencia;
623 603 750 640 maius
801 603 905 640 enim
951 613 1008 640 est
1054 604 1293 641 miraculum
1339 607 1532 644 suscitare

215 669 417 697 mortuum
452 674 522 709 per
555 671 778 709 peccatum,
814 675 904 698 cum
939 662 1013 698 hoc
1047 662 1120 699 soli
1152 665 1234 700 Deo
1268 673 1399 712 potest
1423 678 1532 702 com-

213 727 348 766 petere
392 732 512 767 quam
558 719 751 756 suscitare
796 729 999 756 mortuum
1046 722 1095 757 ad
1143 721 1265 758 vitam
1315 724 1530 761 carnalem.

214 778 306 813 Ideo
350 790 432 813 non
477 777 623 813 mirum
668 777 699 814 si
739 778 989 829 magnificant
1027 779 1153 815 Deum
1193 789 1229 816 et
1269 782 1531 829 propheciam

214 834 359 871 Christi
404 836 451 871 de
490 836 624 872 futuro
664 837 811 873 seculo.
851 837 929 872 Sed
966 837 1193 885 specialiter
1231 838 1271 874 in
1309 840 1385 876 hoc
1424 841 1532 889 quod

158 903 197 924 10
213 892 394 929 Christus
426 893 625 930 visitando
658 894 868 931 ecclesiam
902 895 1026 931 voluit
1060 895 1273 933 incarnari.

270 950 323 986 Ex
373 951 449 988 isto
500 952 704 1000 evangelio
755 952 831 989 tria
874 961 1085 990 notantur:
1146 954 1281 991 Primo
1325 957 1532 1004 quomodo

212 1008 378 1045 existens
412 1009 451 1045 in
486 1010 646 1046 mortali
681 1020 847 1058 peccato
887 1024 975 1047 cum
1010 1011 1059 1048 sit
1095 1021 1276 1049 mortuus
1315 1026 1397 1050 non
1436 1023 1531 1051 tunc

211 1076 386 1103 meretur
424 1068 732 1105 suscitacionem
766 1082 788 1106 a
821 1069 995 1106 Domino
1034 1071 1103 1106 sed
1136 1070 1202 1106 alii
1236 1081 1530 1119 conversantes,

211 1136 301 1160 cum
346 1134 482 1162 tamen
527 1126 576 1162 sit
621 1127 915 1175 predestinatus
964 1127 1140 1176 disponit
1187 1141 1227 1165 se
1278 1131 1328 1166 ad
1379 1132 1528 1167 bonum

157 1183 193 1215 15
209 1183 355 1230 gracie,
391 1192 427 1220 et
459 1184 549 1221 ideo
584 1184 765 1221 Christus
798 1194 840 1221 ut
862 1185 993 1222 vivum
1019 1198 1107 1222 eum
1133 1187 1352 1236 alloquitur
1375 1188 1529 1225 dicens:

209 1242 441 1278 Adolescens
479 1243 546 1278 tihi
582 1243 679 1290 dico,
725 1256 857 1294 surge.
905 1244 1096 1289 Quamvis
1141 1245 1244 1281 enim
1291 1246 1531 1283 criminosus

209 1298 329 1336 faciat
374 1301 499 1337 multa
533 1302 637 1337 bona
683 1302 730 1337 de
769 1314 912 1349 genere
956 1302 1169 1339 occasione
1213 1317 1385 1352 quorum
1425 1307 1530 1342 Deus

211 1358 277 1393 dat
311 1358 384 1394 sibi
417 1359 593 1406 graciam
627 1359 728 1395 sicut
761 1360 973 1397 occasione
1005 1369 1087 1397 tam
1121 1361 1288 1398 animati
1321 1376 1440 1411 quam
1472 1363 1530 1399 in-

210 1415 377 1453 animati
411 1417 591 1465 corporis
624 1418 746 1454 homo
778 1417 873 1455 facit
899 1430 1022 1466 opera
1046 1428 1212 1467 propter
1235 1433 1311 1469 que
1334 1430 1530 1470 perpetuo

151 1484 193 1506 20
209 1474 443 1521 premiatur.
478 1476 649 1523 Oportet
682 1475 787 1512 enim
821 1477 929 1525 quod
962 1477 1063 1513 adeo
1096 1490 1331 1525 promerens
1361 1479 1530 1516 beatitu-

209 1531 343 1569 dinem
377 1532 426 1569 sit
458 1533 498 1569 in
538 1542 643 1570 statu
681 1533 815 1571 viandi
854 1543 1042 1582 acceptus
1076 1537 1159 1572 Deo
1198 1538 1332 1585 quoad
1367 1550 1530 1574 conver-

208 1589 411 1627 sacionem
445 1601 685 1640 presentem,
728 1606 817 1629 cum
852 1605 971 1629 omne
1004 1595 1111 1641 quod
1145 1594 1324 1643 captivus
1357 1595 1529 1632 infidelis

207 1661 342 1685 servus
375 1649 446 1686 Dei
485 1649 579 1686 facit
618 1650 919 1687 attribuendum
959 1651 1008 1686 sit
1046 1664 1127 1688 non
1166 1665 1237 1689 suo
1277 1653 1420 1690 merito
1460 1655 1528 1691 sed

206 1706 338 1754 gracie
377 1708 643 1756 acceptantis;
683 1708 773 1746 ideo
811 1722 893 1745 non
932 1708 1137 1757 dignificat
1176 1723 1215 1747 se
1255 1711 1324 1748 tali
1357 1712 1526 1760 premio,

148 1764 188 1797 25
206 1776 296 1800 cum
331 1774 425 1802 tunc
456 1779 538 1802 non
570 1766 619 1802 sit
653 1766 794 1815 dignus
827 1768 895 1804 sed
930 1766 1106 1815 disponit
1139 1781 1178 1805 se
1212 1781 1255 1805 ex
1277 1770 1411 1817 gracia
1440 1783 1527 1818 pre-

204 1822 387 1860 veniente
415 1833 458 1860 ut
487 1826 745 1872 postmodum
772 1825 839 1862 fiat
869 1825 1022 1873 dignus.
1056 1826 1133 1862 Alii
1158 1836 1292 1863 autem
1317 1828 1526 1865 existentes

205 1880 245 1917 in
290 1881 436 1929 gracia,
483 1895 573 1919 cum
614 1883 692 1919 sint
737 1885 918 1920 membra
962 1884 1143 1932 corporis
1188 1886 1366 1932 ecclesie,
1415 1886 1526 1923 cuius

206 1939 387 1988 corporis
427 1940 615 1988 captivati
654 1950 744 1977 sunt
783 1943 977 1988 membra,
1019 1952 1223 1979 merentur
1256 1943 1384 1992 ipsam
1420 1958 1525 1981 mor-

205 1997 281 2033 tuis
325 1998 366 2034 in
404 1998 549 2035 virtute
592 1999 763 2047 Spiritus
802 2000 938 2036 Sancti
977 2000 1325 2048 predestinacione
1368 2015 1526 2052 semper

147 2058 189 2091 30
203 2055 440 2093 vivificantis
476 2065 602 2093 totam
638 2057 860 2101 ecclesiam,
902 2067 939 2095 et
970 2059 1234 2107 probabiliter
1271 2069 1403 2109 potest
1447 2061 1525 2098 dici

205 2126 247 2150 ex
285 2115 659 2163 superhabundanti
697 2116 832 2164 gracia
870 2119 977 2165 quod
1017 2118 1212 2165 prescitus
1252 2128 1434 2156 mortuus
1466 2132 1523 2156 se-

203 2174 379 2209 cundum
424 2182 650 2221 presentem
690 2174 933 2211 iniusticiam
975 2188 1018 2211 ex
1057 2176 1209 2212 meritis
1248 2179 1522 2214 membrorum

203 2231 368 2267 ecclesie
406 2231 621 2268 suscitatur
659 2233 936 2281 temporaliter
974 2235 1023 2269 ad
1061 2233 1198 2280 vitam,
1237 2248 1319 2272 non
1356 2245 1399 2272 ut
1444 2249 1524 2272 me-

201 2298 336 2326 reatur
380 2290 668 2327 beatitudinem
713 2292 781 2327 sed
825 2300 868 2328 ut
911 2292 998 2340 plus
1043 2292 1228 2340 proficiat
1277 2294 1441 2331 ecclesie
1487 2304 1523 2331 et

145 2349 184 2382 35
202 2346 343 2384 micius
377 2349 709 2397 condempnetur.
744 2350 891 2387 Omnia
916 2349 1019 2387 enim
1044 2349 1119 2387 ista
1143 2351 1236 2388 facit
1260 2354 1365 2388 Deus
1388 2353 1522 2400 gracia

201 2406 403 2452 profectus
436 2406 613 2443 ecclesie.

259 2465 487 2500 Secundum
526 2464 704 2502 notabile
749 2474 806 2502 est
850 2479 970 2515 quam
1010 2466 1189 2515 graciose
1222 2468 1402 2505 Christus
1441 2468 1521 2516 agit

201 2533 291 2557 cum
331 2521 493 2559 homine
533 2522 690 2571 ingrato
730 2525 827 2569 Deo,
868 2526 1031 2573 quando
1071 2525 1251 2573 prevenit
1289 2526 1520 2563 suscitando

269 2663 294 2683 2.
316 2657 359 2684 A:
382 2656 462 2695 quod
486 2657 587 2684 servit.
719 2667 750 2692 4.
770 2658 837 2687 BC:
860 2659 974 2687 Christi
997 2659 1091 2687 deest.
1226 2660 1250 2688 5.
1274 2660 1338 2688 BC:
1360 2665 1405 2687 est
1425 2660 1518 2688 deest.

202 2698 242 2718 10.
263 2692 307 2718 A:
335 2691 529 2718 vivificando.
605 2700 638 2719 11.
660 2693 687 2719 A
711 2693 740 2719 in
770 2702 884 2729 marg:
913 2694 993 2721 Nota
1020 2695 1088 2721 tria.
1111 2695 1265 2729 1³1-1mum3
1296 2695 1318 2722 B
1346 2696 1374 2722 in
1404 2704 1518 2731 marg:

199 2726 361 2753 Sentencia
382 2726 540 2753 evanoelii.
562 2727 595 2754 In
618 2732 740 2762 peccato
757 2729 877 2755 mortali
894 2729 1027 2756 existens
1042 2737 1102 2756 non
1119 2734 1191 2756 tnnc
1206 2734 1339 2757 meretur
1353 2738 1369 2756 a
1384 2730 1519 2757 Domino

200 2760 352 2788 suscitari.
410 2746 489 2788 1653
504 2761 534 2788 in
551 2770 667 2797 marg:
689 2763 737 2789 An
759 2771 853 2797 opera
874 2764 1025 2791 malorum
1048 2764 1168 2799 prosint
1188 2764 1241 2791 eis.
1293 2773 1332 2799 17.
1349 2764 1415 2792 BC:
1437 2765 1517 2792 facit.

201 2796 240 2822 18.
261 2796 305 2822 A:
334 2795 412 2823 sicut
432 2795 526 2823 deest.
643 2796 686 2824 23.
708 2798 752 2824 A:
788 2798 1015 2825 ascribendum.
1124 2798 1167 2831 25,
1189 2798 1236 2826 26.
1256 2799 1301 2826 A:
1328 2800 1431 2834 gracia
1452 2808 1519 2835 pre-

200 2829 378 2857 eminencie.
435 2830 480 2857 28.
501 2831 545 2857 A:
567 2830 653 2866 ipsis.
710 2831 755 2859 30.
778 2832 799 2858 B
820 2832 849 2859 in
872 2841 938 2860 mar
962 2843 985 2860 .:
1009 2833 1177 2868 Quomodo
1198 2841 1293 2869 opera
1313 2835 1516 2869 prescitorum

200 2864 321 2899 prosint
340 2865 428 2900 ipsis.
520 2864 614 2904 37·.A
634 2866 663 2893 in
686 2874 799 2901 marg:
828 2867 926 2895 Secun
954 2876 1023 2896 um:
1053 2869 1092 2895 ib.
1115 2869 1157 2895 A:
1186 2873 1231 2895 est
1251 2868 1352 2904 quod;
1383 2869 1422 2895 ib.
1445 2870 1466 2896 B
1487 2870 1517 2897 in

201 2907 314 2935 marg:
336 2900 513 2927 Secundum
534 2901 704 2936 principale
725 2902 882 2937 evangelii.
903 2903 947 2930 De
967 2903 1112 2937 periculis
1133 2908 1342 2939 peccatorum.

1743 264 1820 312 319

1595 954 1773 982 l'rex‘enient

1634 997 1733 1024 grace.
