2017 3353
186 275 263 311 310
764 283 987 315 JOHANNIS
1006 283 1190 315 WYCLIF
1208 283 1463 315 SERMONUM
1505 268 1656 326 [SERMO
1678 280 1784 307 XLVI-

472 389 746 438 proditoribus
770 389 999 427 huiusmodi
1024 398 1277 437 potestatem,
1320 397 1356 425 et
1390 388 1491 425 sicut
1519 389 1660 426 crescit
1684 389 1793 437 igno-

473 447 609 484 rancia
643 446 904 484 contricionis
936 447 1140 495 peccantis
1174 456 1210 483 et
1242 446 1465 484 volucionis
1499 447 1570 483 Dei
1603 447 1791 492 tollentis,

473 505 614 542 crescit
647 505 920 553 presumptiva
953 505 1122 542 audacia
1154 504 1389 542 Antichristi
1422 504 1639 555 sophistice
1663 506 1792 541 absol-

471 563 610 600 ventis.
637 563 800 599 Limites
824 563 935 599 istius
958 563 1167 611 potestatis
1190 563 1337 600 vicarie
1368 572 1650 599 mensurantur
1672 576 1792 611 penes

472 621 618 658 limites
661 621 876 658 voluntatis
921 621 1052 657 divine
1090 634 1210 670 quam
1251 634 1294 658 ex
1338 620 1537 669 scriptura
1581 624 1826 669 possumusS

474 679 677 716 evidenter
710 691 962 727 cognoscere.
997 681 1045 715 Et
1077 678 1133 716 sic
1166 680 1292 716 multa
1326 679 1534 727 exiguntur
1558 679 1675 716 hodie
1699 692 1792 716 con-

476 737 563 774 cedi
598 749 674 785 que
708 745 800 773 sunt
832 736 1003 785 perfidia
1036 736 1283 774 Antichristi.

206 801 439 849 lnfficujtiespas
535 795 799 831 Difficultates
833 804 967 832 autem
1001 794 1076 831 alie
1109 803 1200 831 sunt
1233 795 1328 832 alibi
1361 796 1658 844 pertractande,
1695 803 1736 831 ut
1761 794 1791 831 si
1809 822 1871 853 Fol

185 836 450 903 soseisssfj'ffiusscffl
476 856 583 890 Deus
618 853 848 889 eternaliter
881 852 1051 889 absolvit
1080 848 1085 905 Ι
1113 854 1173 889 vel
1204 855 1328 890 donat
1351 855 1719 902 quomodocunque
1752 865 1792 889 se
1811 846 1888 910 1752·

476 911 661 948 habuerit
684 912 734 947 ad
758 920 997 957 creaturam,
1033 920 1167 947 tamen
1190 911 1345 948 videtur
1371 911 1505 948 multis
1530 913 1637 960 quod
1661 911 1792 947 omnis
1813 925 1851 946 10

475 969 587 1006 accio
627 969 699 1005 Dei
745 969 904 1005 adintra
948 982 1029 1005 non
1076 977 1207 1017 potest
1245 969 1422 1017 incipere
1473 969 1552 1006 sive
1598 969 1790 1006 desinere.

476 1029 524 1063 Et
563 1027 619 1063 sic
652 1029 757 1063 Deus
798 1026 1029 1063 eternaliter
1068 1028 1238 1064 donaret
1283 1027 1437 1064 homini
1478 1037 1514 1064 et
1553 1029 1794 1075 dampnaret

476 1085 681 1122 hominem
707 1084 809 1122 sicut
833 1085 1029 1121 iudicaret
1044 1098 1163 1121 omne
1188 1085 1417 1122 eternaliter
1441 1098 1524 1122 esse
1549 1085 1791 1122 faciendum.

184 1158 217 1176 a>
238 1154 268 1176 to
290 1148 387 1187 sintin
410 1149 459 1176 1112=
476 1143 700 1180 Difficultas
735 1143 862 1180 eciam
897 1152 954 1179 est
986 1143 1017 1179 si
1051 1143 1346 1191 predestinatus
1379 1143 1616 1192 simpliciter
1654 1152 1794 1191 peccat

220 1184 425 1246 przclilqisqfligte
477 1201 702 1238 mortaliter
753 1210 790 1238 et
839 1200 1035 1249 prescitus
1079 1201 1128 1237 sit
1173 1201 1409 1250 simpliciter
1459 1201 1499 1237 in
1549 1201 1683 1249 gracia
1732 1201 1849 1237 vel15

198 1254 395 1287 ¹'‘'¹‘⁰k¹¹0‘³'¹¹3
417 1261 450 1280 ²¹⁵
477 1258 714 1307 simpliciter
747 1259 968 1295 absolvitur
992 1272 1013 1296 a
1036 1268 1203 1307 peccato
1236 1268 1304 1296 aut
1328 1272 1452 1308 opera
1483 1272 1554 1296 sua
1588 1258 1793 1296 meritoria

185 1287 465 1350 tiiiglingcfrfiiiiissbgf
476 1318 537 1354 vel
571 1317 830 1354 demeritoria
854 1317 932 1353 sint
957 1317 1076 1365 digna
1099 1317 1347 1354 beatitudine
1370 1319 1432 1354 vel
1454 1330 1557 1366 pena
1585 1326 1792 1366 perpetua.

194 1358 451 1429 afflttlpeelpcgjgter
478 1377 526 1411 Et
555 1375 679 1412 tercia
713 1375 927 1412 difficultas
968 1384 1025 1412 est
1065 1377 1113 1411 de
1152 1375 1331 1413 efficacia
1370 1384 1716 1413 sacramentorum
1757 1384 1794 1412 et

474 1442 672 1482 potestate
706 1433 877 1470 clavium
919 1446 1017 1481 quas
1056 1446 1195 1470 omnes
1235 1433 1419 1482 relinquo
1452 1433 1672 1470 scolasticis
1705 1446 1794 1481 per-

474 1492 720 1537 tractandas,
768 1492 981 1528 consulens
1021 1493 1129 1540 quod
1174 1492 1306 1528 omnis
1350 1501 1540 1540 peccator
1590 1492 1792 1528 fructuose
1810 1504 1852 1526 20

475 1549 716 1586 confiteatur
734 1551 818 1586 Deo
844 1558 880 1586 et
903 1549 1152 1586 contricione
1176 1549 1309 1597 penali
1333 1550 1407 1586 sibi
1434 1549 1665 1595 satisfaciat,
1701 1549 1794 1597 quia

474 1607 666 1656 quicquid
688 1607 737 1644 sit
759 1608 965 1644 decretum
987 1620 1009 1644 a
1031 1607 1214 1655 satrapis,
1239 1607 1324 1644 sine
1346 1607 1414 1644 illo
1436 1620 1518 1644 non
1539 1607 1582 1643 fit
1604 1606 1792 1653 salvacio,

474 1674 511 1702 et
543 1666 593 1702 ad
626 1665 723 1702 illud
756 1677 827 1714 per
859 1678 899 1702 se
928 1666 1033 1702 salus
1058 1665 1328 1714 consequitur.
1364 1667 1456 1702 Ideo
1478 1665 1634 1702 videtur
1658 1664 1793 1701 multis

475 1724 582 1772 quod
616 1732 915 1771 extravagantes
953 1723 1154 1760 sentencie
1193 1737 1214 1760 a
1248 1732 1606 1772 quantumcunque
1639 1722 1793 1771 magnis

475 1781 601 1818 eciam
635 1794 657 1818 a
689 1781 837 1818 sanctis
871 1783 1024 1818 detecte
1057 1781 1096 1818 in
1129 1781 1202 1818 ista
1242 1781 1410 1819 materia
1449 1790 1540 1818 sunt
1572 1782 1794 1829 respuende
1811 1783 1850 1816 25

185 1844 244 1872 We
267 1839 550 1891 leavgthesenisi
584 1841 631 1876 de
665 1848 816 1888 quanto
850 1839 890 1875 in
923 1840 1008 1888 lege
1032 1839 1195 1876 Domini
1229 1848 1320 1876 sunt
1352 1840 1529 1876 fundate.
1564 1841 1644 1876 Nec
1678 1840 1795 1875 debet

186 1878 459 1941 sssssffessdssffssntahkec
476 1897 563 1946 quis
596 1897 831 1934 submittere
863 1910 904 1934 se
937 1897 1103 1934 arbitrio
1137 1897 1409 1946 cuiuscunque
1446 1897 1679 1945 presbyteri,
1718 1897 1795 1933 nisi

196 1947 450 2010 Cs‘jlft'gffgssgnaffl
475 1956 525 1992 sit
557 1964 698 1992 notum
733 1955 808 1992 sibi
841 1957 949 2004 quod
982 1956 1031 1992 sit
1063 1968 1184 2004 preco
1218 1955 1354 1992 iudicii
1379 1955 1462 1992 Dei.
1498 1957 1609 1992 Patet
1643 1967 1686 1991 ex
1719 1956 1794 1992 hoc

282 2017 362 2045 God-
476 2015 584 2062 quod
617 2013 732 2050 aliter
770 2026 814 2050 ex
851 2013 925 2050 sibi
965 2013 1087 2050 dubio
1121 2016 1248 2050 Deum
1290 2014 1509 2050 deserendo
1542 2013 1794 2049 submitteret

475 2083 515 2108 se
549 2071 698 2108 iudicio
732 2071 906 2120 dyaboli.
940 2073 989 2108 Et
1022 2071 1145 2108 tercio
1180 2073 1299 2108 docto
1334 2071 1536 2108 evidenter
1569 2072 1676 2119 quod
1701 2084 1794 2108 con·
1809 2072 1852 2105 30

475 2129 608 2166 silium
642 2129 870 2178 penitencia
900 2130 961 2166 vel
992 2130 1112 2167 verba
1135 2129 1354 2178 presbyteri
1378 2129 1539 2177 sapiunt
1562 2129 1792 2175 avariciam,

476 2188 593 2224 debet
636 2187 768 2236 ipsum
814 2200 904 2224 cum
950 2187 1027 2224 illis
1073 2196 1372 2236 contempnere,
1418 2186 1511 2235 quia
1564 2199 1606 2223 ex
1654 2188 1792 2223 eadem

476 2245 681 2282 evidencia
726 2245 852 2283 inficit
896 2245 1120 2282 confessum
1173 2257 1326 2282 veneno
1373 2244 1553 2292 symonie
1601 2253 1637 2281 et
1683 2245 1794 2280 nullo

477 2304 599 2339 modo
643 2315 714 2351 per
759 2316 799 2339 se
843 2312 938 2340 tunc
982 2303 1154 2352 proficit,
1200 2303 1294 2351 quia
1338 2302 1541 2339 discordat
1586 2315 1607 2339 a
1652 2302 1794 2350 spiritu

478 2361 723 2397 consulente.
758 2363 807 2397 Et
838 2360 923 2397 istis
957 2361 1120 2398 servatis
1152 2373 1234 2397 non
1267 2361 1369 2397 foret
1400 2369 1534 2397 tantus
1563 2361 1668 2396 zelus
1692 2372 1794 2397 mer·
1809 2361 1850 2394 35

478 2418 620 2456 candie
653 2418 841 2456 audiendi
876 2419 1145 2456 confessiones
1178 2419 1280 2455 sicut
1314 2418 1431 2455 hodie
1464 2417 1665 2467 palliatur.

546 2665 571 2697 3.
592 2675 621 2701 4.
643 2668 687 2694 A:
717 2667 920 2696 absolventes.
1030 2677 1059 2702 4.
1082 2668 1102 2695 B
1124 2668 1153 2695 in
1176 2676 1289 2702 marg:
1321 2668 1408 2695 Unde
1439 2672 1654 2695 mensurantur
1681 2667 1793 2695 limites

479 2701 679 2729 sacerdotalis
701 2702 871 2740 potestatis.
911 2702 940 2733 ὅ,
957 2712 982 2738 7.
999 2705 1044 2730 A:
1069 2708 1097 2730 ut
1120 2703 1207 2729 fidem
1229 2703 1412 2731 concedere:
1434 2703 1472 2729 13:
1496 2707 1525 2729 ut
1545 2702 1687 2730 concedi:
1710 2702 1748 2729 ib.
1765 2702 1790 2728 Α

478 2736 507 2764 in
529 2744 644 2772 marg:
671 2736 841 2764 Difficultas
861 2737 981 2776 triplex.
1096 2737 1131 2764 13.
1155 2737 1193 2765 C:
1222 2745 1313 2763 omne
1340 2737 1439 2765 deest:
1469 2737 1509 2764 ib.
1531 2738 1558 2764 A
1579 2737 1608 2764 in
1632 2745 1744 2771 marg:
1766 2744 1790 2763 2.

480 2779 520 2804 ιιι.
543 2770 609 2798 BC:
634 2771 860 2806 predestinatus
883 2773 1024 2807 simplex.
1112 2780 1150 2807 17·
1172 2773 1199 2798 A
1220 2771 1248 2798 in
1272 2780 1384 2804 marga
1407 2771 1431 2798 Β.
1524 2780 1564 2801 10.
1588 2771 1704 2798 Codd.:
1727 2779 1791 2805 per-

478 2804 662 2839 tractandis:
684 2805 724 2832 ib.
740 2807 769 2832 A
784 2806 813 2833 in
830 2815 944 2842 marg:
960 2806 1049 2834 Nola.
1100 2815 1143 2833 22.
1162 2806 1226 2833 BC:
1251 2805 1314 2833 sine
1328 2805 1379 2832 illo
1395 2806 1457 2832 sive
1473 2805 1546 2832 nonJ
1595 2814 1640 2839 24.
1656 2807 1699 2832 A:
1723 2809 1749 2831 ct
1764 2814 1789 2832 a.

478 2839 521 2867 25.
544 2839 583 2867 C:
605 2848 622 2867 a
641 2840 742 2874 deest;
762 2840 803 2868 ib.
819 2841 841 2868 B
862 2840 892 2868 in
914 2850 1009 2877 marg.
1022 2851 1036 2879 ς,
1048 2841 1106 2868 Hic
1128 2841 1277 2876 recipiunt
1320 2840 1423 2867 uidam
1445 2840 1525 2875 quod
1549 2849 1607 2867 non
1629 2845 1674 2867 est
1694 2847 1791 2867 sacer-

478 2873 541 2901 doti
561 2874 769 2902 confitendum
790 2875 842 2902 sed
864 2875 938 2903 Deo.
1001 2880 1047 2903 20.
1069 2877 1097 2903 A
1118 2875 1145 2902 in
1169 2883 1282 2909 marg:
1332 2874 1482 2902 onclusio.
1539 2874 1585 2902 30.
1609 2874 1648 2902 C:
1671 2874 1789 2902 doctus.

477 2907 519 2937 35.
542 2908 607 2937 BC:
629 2917 664 2937 ex
684 2909 751 2937 istis
773 2910 901 2938 servatis
921 2910 1008 2938 foret.
1082 2909 1124 2939 35.
1146 2909 1192 2937 36.
1217 2910 1255 2937 B:
1278 2909 1460 2937 mercancie.
