2017 3353
279 259 414 288 samito
430 247 582 305 xxviii]
677 294 680 295 ⁷
787 260 929 292 PR1MA
958 261 1086 293 PARS.
1809 253 1881 288 185

280 368 375 405 illud
409 369 495 405 Joh.
530 368 633 404 XVI:
669 366 789 403 Petite
820 374 855 403 et
885 367 1090 416 accipietis.
1146 366 1383 415 Quicunque
1417 367 1521 403 enim
1558 368 1597 403 in

279 426 441 463 nomine
472 427 561 462 :lesu
595 425 811 474 quicquam
845 424 1010 472 pecierit
1043 425 1192 473 absque
1226 424 1348 461 dubio
1387 425 1595 462 obtinebit.

279 486 379 521 Cum
424 483 527 520 enim
573 485 684 520 Jesus
727 483 777 519 sit
820 482 965 519 veritas
1010 491 1047 519 et
1097 482 1299 531 sapiencia
1345 482 1416 519 Dei
1461 483 1597 531 patris,

279 543 408 578 solum
441 541 506 578 ille
539 541 579 577 in
611 554 682 578 suo
715 540 877 577 nomine
910 540 1008 588 petit
1051 540 1266 589 quicquam
1307 541 1373 589 qui
1407 541 1507 577 iuste
1540 541 1596 577 vel

245 600 319 636 5in
351 599 516 636 veritate
549 599 750 647 sapienter
788 598 887 647 petit
920 598 1208 635 beatitudinem
1244 600 1305 635 vel
1339 599 1514 635 medium
1549 600 1599 635 ad
1615 594 1723 655 {ss'jjssltd
1736 594 1823 663 *ἓξὲξ
1840 601 1889 654 ἒξ

280 658 402 694 illam.
437 659 538 694 Cum
573 657 677 693 enim
703 659 808 693 Deus
831 656 880 693 sit
902 656 1120 693 immensus
1144 656 1343 703 dominus,
1376 669 1457 693 non
1487 658 1599 694 decet
1614 650 1639 690 is
1665 663 1738 690 bliss
1759 660 1889 700 ana-the

280 717 386 764 quod
421 717 469 752 ab
501 715 569 751 illo
603 714 819 764 quicquam
853 714 960 751 aliud
993 715 1042 751 sit
1080 715 1269 763 petitum:
1315 715 1432 763 pauci
1465 724 1598 752 autem
1650 702 1805 725 means-to
1826 701 1857 724 ψ

280 782 370 810 sunt
408 773 475 821 qui
516 782 655 821 petunt
694 772 996 819 beatitudinem,
1038 786 1127 809 cum
1178 774 1265 821 plus
1309 773 1600 821 temporalibus

280 831 357 868 sint
390 831 533 871 affecti,
568 832 635 867 sed
669 831 785 879 longe
807 830 1018 879 pauciores
1041 839 1132 867 sunt
1157 831 1223 879 qui
1247 831 1286 867 in
1310 831 1471 868 nornine
1494 833 1598 877 Jesu,

227 903 265 925 ιο
281 891 356 926 hoc
389 899 459 929 est,
494 889 695 937 sapienter
728 898 868 937 petunt
902 888 1035 926 media
1067 891 1116 925 ad
1151 889 1439 926 beatitudinem
1465 889 1601 938 acqui-

281 949 460 993 rendam,
495 949 563 984 sed
599 947 658 995 (ut
691 946 927 995 plurimum)
961 956 1100 995 petunt
1135 947 1267 984 media
1299 960 1375 996 que
1408 956 1499 983 sunt
1532 949 1600 984 ad-

280 1005 495 1055 quisicioni
532 1004 790 1042 beatitudinis
829 1005 1031 1042 contraria
1067 1006 1126 1042 vel
1166 1019 1187 1042 a
1233 1005 1477 1042 beatitudine
1523 1014 1600 1042 tar-

281 1063 435 1101 dancia.
477 1065 524 1100 Et
557 1062 804 1112 impossibile
837 1072 894 1100 est
927 1076 1170 1112 quemquam
1212 1076 1345 1100 errare
1378 1077 1399 1100 a
1430 1063 1493 1100 via
1525 1063 1600 1100 vir-

280 1131 410 1158 tutum
443 1121 518 1158 nisi
542 1121 581 1157 in
605 1121 738 1158 medio
762 1120 837 1158 isto
861 1121 1097 1170 peccaverit.
1133 1123 1281 1158 Omnes
1312 1121 1415 1158 enim
1441 1130 1600 1158 natura-

228 1180 369 1216 15liter
401 1188 595 1228 appetunt
628 1179 915 1216 beatitudinem
950 1184 1006 1223 (ut
1040 1179 1177 1216 dicunt
1210 1179 1468 1228 philosophi),
1509 1192 1599 1216 cum

280 1238 329 1274 sit
363 1237 451 1274 finis
485 1237 658 1274 hominis
690 1237 883 1274 naturalis
916 1239 984 1274 sed
1017 1246 1124 1274 totus
1158 1251 1269 1274 error
1301 1246 1359 1275 est
1391 1238 1430 1274 in
1461 1237 1601 1274 mediis

281 1295 532 1345 adquirendi,
553 1309 644 1332 curn
669 1294 783 1332 multi
806 1295 934 1332 inflati
957 1304 1075 1332 vento
1099 1295 1248 1332 diaboli
1273 1305 1445 1345 querunt
1469 1295 1600 1332 media

281 1367 357 1403 que
390 1355 593 1390 abducunt
627 1353 826 1390 contrarie
865 1355 913 1390 ab
954 1354 1029 1390 hoc
1069 1354 1157 1390 fine.
1191 1355 1294 1391 Tota
1329 1367 1421 1402 ergo
1454 1353 1600 1390 sollici-

281 1413 378 1449 tudo
413 1411 621 1460 discipline
654 1411 855 1448 viancium
888 1411 990 1449 foret
1020 1412 1126 1448 circa
1149 1412 1430 1449 rectitudinem
1456 1413 1599 1448 horum

227 1482 266 1503 20
283 1469 508 1507 mediorum
543 1479 579 1506 et
613 1471 663 1507 ad
697 1482 851 1506 errores
885 1470 991 1507 circa
1024 1471 1096 1507 hec
1130 1470 1261 1507 media
1295 1471 1600 1507 excludendum.

281 1531 361 1564 Nec
395 1537 451 1564 est
485 1527 673 1576 possibile
706 1536 914 1576 peccatum
951 1528 1069 1565 alicui
1102 1528 1229 1565 inesse
1262 1528 1337 1564 nisi
1370 1530 1417 1564 de
1450 1536 1601 1577 quanto

189 1565 266 1642 11:5⁰ss
282 1586 387 1623 circa
433 1586 565 1623 media
609 1586 683 1623 ista
722 1586 924 1623 erraverit.
955 1582 960 1639 Ι
989 1588 1090 1623 Cum
1131 1599 1224 1634 ergo
1270 1586 1366 1623 fides
1406 1585 1602 1634 scripture

281 1644 604 1681 indefectibiliter
637 1646 753 1681 docet
786 1645 858 1681 hec
892 1644 1036 1691 media,
1071 1653 1180 1693 patet
1211 1658 1301 1681 cum
1333 1653 1482 1693 quanta
1516 1643 1603 1680 dili-

281 1702 419 1750 gencia
458 1702 587 1739 viator
624 1702 753 1750 ipsam
787 1702 1012 1739 addisceret
1045 1702 1132 1739 aliis
1167 1702 1319 1739 cunctis
1355 1701 1601 1751 postpositis,

226 1762 265 1794 25
282 1760 356 1797 nisi
394 1761 496 1797 forte
535 1762 582 1797 de
621 1770 772 1809 quanto
811 1762 861 1797 ad
900 1760 982 1797 eius
1021 1761 1264 1798 discenciam
1305 1769 1602 1809 promoverent.

738 1884 932 1925 SERMO
965 1885 1151 1926 XXVIII.

353 1981 456 2016 Vatis)
489 1982 540 2016 ad
572 1993 654 2017 eum
689 1980 754 2029 qui
784 1980 885 2016 misit
920 1993 988 2016 me.
1022 1981 1109 2017 Joh.
1135 1982 1256 2026 XV10,
1286 1982 1319 2017 5.

345 2040 491 2075 Sensus
551 2038 664 2075 istius
724 2038 916 2086 evangelii
975 2047 1032 2074 est
1085 2038 1262 2075 eiusdem
1317 2051 1406 2075 cum
1462 2038 1600 2087 priori,

288 2110 377 2133 cum
418 2109 489 2145 per
534 2096 710 2145 quinque
755 2095 944 2144 capitula,
977 2097 1064 2133 Joh.
1105 2098 1189 2133 XIII
1229 2109 1355 2145 usque
1394 2098 1443 2133 ad
1484 2097 1603 2133 finem

228 2150 448 2199 30XVIIfflf‚
502 2154 677 2191 inculcat
730 2154 911 2191 Christus
964 2155 1110 2191 multas
1162 2154 1327 2191 subtiles
1380 2154 1604 2191 sentencias

289 2211 503 2260 capacitati
566 2213 857 2261 discipulorum
921 2212 1309 2261 proporcionabiles‚
1372 2225 1443 2261 per
1505 2225 1603 2261 quas

288 2271 511 2307 sentencias
556 2271 686 2307 forent
730 2270 770 2306 in
815 2271 942 2307 tribus
981 2270 1193 2307 virtutibus
1233 2270 1470 2319 theologicis
1511 2283 1604 2307 con-

290 2328 437 2364 firmati
471 2337 508 2365 et
541 2342 562 2365 a
595 2329 722 2365 tribus
754 2328 866 2365 viciis
900 2328 995 2377 ipsis
1029 2328 1242 2366 contrariis
1275 2328 1464 2377 separati.
1499 2328 1605 2365 Dicit

290 2399 401 2434 ergo:
442 2387 546 2423 Vado
578 2388 630 2423 ad
660 2400 744 2424 eum
785 2387 849 2436 qui
886 2400 945 2424 me
983 2388 1084 2424 misit
1120 2395 1155 2424 et
1187 2400 1295 2424 nemo
1328 2399 1379 2424 ex·
1412 2387 1516 2423 vobis
1549 2387 1604 2422 in-

360 2517 378 2535 1.
400 2509 443 2535 A:
465 2509 545 2536 enim
567 2509 660 2536 deest.
716 2517 741 2536 2.
762 2510 806 2537 A:
829 2509 952 2536 nomine
974 2518 1041 2536 meo
1061 2509 1140 2536 Jesu.
1198 2508 1222 2537 3.
1244 2510 1288 2536 A:
1311 2510 1347 2536 sit
1369 2509 1462 2536 deest.
1511 2518 1539 2542 4.
1563 2509 1604 2535 C:

289 2544 392 2571 illum:
421 2543 459 2570 ib.
482 2545 525 2571 A:
553 2544 603 2579 qui
632 2548 719 2571 recte.
793 2543 821 2570 6.
843 2544 889 2571 A:
919 2544 1053 2579 Quando
1080 2544 1171 2571 enim¹
1246 2544 1272 2571 8.
1294 2544 1316 2571 B
1343 2544 1373 2571 in
1401 2552 1514 2576 marga
1546 2544 1605 2570 Iin-

290 2578 436 2613 possibile
457 2583 499 2605 est
515 2587 700 2613 quemquam
723 2586 823 2605 errare
844 2578 902 2606 nisi
924 2578 953 2605 in
975 2578 1085 2606 mediis
1105 2578 1142 2605 ad
1164 2579 1253 2606 finem
1270 2578 1410 2606 videlicet
1424 2578 1460 2605 ad
1478 2577 1605 2605 beatitu-

289 2612 404 2650 dinem.
428 2613 498 2647 quia
520 2613 602 2640 illam
624 2622 732 2640 omnes
753 2618 910 2653 appetunt.
974 2613 1064 2643 1213.
1085 2613 1245 2640 tardativa.
1302 2622 1343 2652 14.
1360 2613 1403 2640 A:
1425 2613 1484 2640 isto
1504 2612 1604 2640 deest:

289 2648 328 2674 ib.
350 2647 421 2675 AC:
443 2647 523 2674 enim
546 2648 639 2674 deest.
728 2648 764 2675 15.
786 2649 826 2674 (it
849 2653 963 2683 petunt.
1058 2656 1098 2683 ις).
1123 2648 1188 2675 BC:
1211 2648 1373 2683 discipline
1394 2648 1431 2674 ab
1452 2647 1509 2674 hoc
1531 2647 1604 2675 line:

289 2682 328 2708 ib.
350 2683 394 2709 A:
415 2682 451 2708 ud
475 2682 697 2709 rectitudinem.
780 2690 818 2709 21.
841 2682 881 2709 C:
903 2683 951 2709 alii
973 2682 1031 2709 cui.
1115 2691 1161 2717 24.
1183 2683 1227 2710 A:
1249 2682 1413 2710 addiceret.
1496 2681 1538 2709 25.
1560 2682 1604 2708 A:

313 2722 507 2743 romoverent
528 2722 600 2744 etc:
623 2717 688 2744 BC:
712 2722 939 2751 promoverent,
962 2717 1030 2744 ideo
1051 2722 1105 2744 etc.
1192 2717 1238 2744 26.
1260 2718 1288 2745 A
1308 2717 1338 2744 in
1361 2725 1473 2751 marg:
1496 2718 1605 2744 Sermo

289 2725 433 2779 {lxvlssz
460 2751 499 2777 ib.
522 2751 546 2779 C
572 2752 601 2778 in
629 2759 742 2786 marg:
770 2751 933 2778 Dominica
959 2752 1000 2778 lv
1022 2757 1090 2787 post
1118 2753 1221 2779 vasca.
1330 2751 1374 2778 28.
1396 2752 1439 2778 A:
1468 2750 1603 2777 eiusdem

290 2786 442 2813 sentencie
467 2794 537 2813 cum
565 2795 598 2813 su
625 2786 726 2813 eriori.
826 2793 873 2817 20.
896 2786 1012 2813 Codd.:
1036 2787 1100 2814 VII.
1122 2786 1202 2813 XIII.
1302 2785 1348 2819 ⁴34.
1371 2787 1414 2813 A:
1441 2794 1509 2812 eum
1531 2790 1603 2815 εἴς-ς

289 2821 328 2848 ib.
351 2821 373 2847 B
394 2820 422 2847 in
446 2828 559 2856 marg:
607 2820 667 2848 ado
687 2821 730 2847 (Id
747 2828 814 2848 eum
835 2819 997 2855 dupliciter
1017 2821 1204 2855 intelligitur.

361 2891 412 2923 27·
443 2881 494 2914 Cf.
515 2881 672 2924 Wyclif's
700 2883 868 2913 Sermons
895 2881 949 2914 ed.
977 2881 1021 2924 by
1048 2882 1180 2914 Arnold
1209 2882 1232 2922 1,
1265 2891 1337 2922 ¹44-
