2017 3353
129 307 201 343 158

152 765 212 793 We
235 773 281 791 see
302 764 366 790 that

140 799 247 826 wealth
270 799 374 825 harms

158 835 207 861 the
228 833 362 861 Church.

142 2270 177 2297 ll.
206 2270 253 2296 All
283 2266 414 2295 Christ's

167 2304 260 2331 deeds
282 2311 331 2329 are
352 2302 398 2328 sor

166 2347 222 2366 our
243 2337 390 2372 example.

700 311 924 344 „IOHANNIS
952 309 1136 341 WYCLIF
1164 305 1421 339 SERMONUM
1446 291 1597 349 [SERMO
1613 301 1722 329 XXIII.

411 421 491 456 dite
525 419 696 457 excitant
735 419 784 454 ad
823 416 1039 454 avariciam
1079 413 1278 451 contrarie
1317 412 1393 460 legi
1428 411 1594 451 Christi:
1634 410 1724 446 ideo

410 477 752 527 pernecessarium
786 476 888 512 foret
922 482 1061 511 contra
1089 473 1205 509 istam
1231 469 1465 507 Antichristi
1498 468 1724 517 nequiciam

410 538 518 585 quod
556 537 615 572 Iex
654 534 801 571 Christi
840 546 886 569 ac
924 545 995 569 sua
1032 530 1241 567 ordinacio
1280 529 1422 577 quibus
1458 526 1726 563 Antichristus

410 594 584 642 assignat
616 602 698 629 tam
732 594 891 628 brevem
925 589 1136 638 periodum
1170 588 1291 624 modo
1325 588 1452 622 duret.

469 655 517 688 Et
550 660 745 700 quantum
779 651 828 686 ad
861 649 959 685 illud
992 648 1099 696 quod
1123 646 1424 694 blasphematur
1453 644 1500 679 de
1522 643 1726 679 voluntate

412 710 588 752 Domini,
628 709 737 757 quod
769 707 949 744 Christus
986 704 1111 742 voluit
1148 712 1191 740 ut
1228 716 1300 739 sua
1338 701 1504 739 ecclesia
1536 700 1586 737 sit
1618 699 1728 736 omni

413 767 664 817 possessione
716 764 1001 813 temporalium
1056 761 1227 799 finaliter
1280 760 1559 807 circumsepta,
1620 766 1729 806 patet

414 839 534 875 quam
575 825 807 873 blaspheme
847 822 1009 871 fingitur
1041 819 1245 857 Christum
1278 817 1397 854 fuisse
1429 817 1469 853 in
1507 815 1729 853 tradicione

414 898 482 921 sue
507 883 601 931 legis
624 895 694 931 per
716 880 933 930 ypocrisim
956 878 1096 928 populi
1119 879 1385 914 seductorem.
1415 874 1537 912 Racio
1567 873 1728 922 quidem

413 941 609 979 naturalis
649 949 685 977 et
725 938 1001 976 testimonium
1041 934 1233 984 evangelii
1271 935 1346 970 hoc
1385 932 1585 970 convincit
1623 932 1730 980 quod

415 1001 620 1036 mundana
672 997 799 1046 gloria
852 1006 888 1033 et
940 993 1167 1044 specialiter
1220 992 1260 1028 in
1311 992 1388 1028 fine
1438 989 1631 1039 temporis
1681 990 1731 1026 ad

415 1056 705 1095 beatitudinem
745 1054 979 1103 indisponit.
1026 1051 1177 1089 Exhinc
1217 1050 1321 1087 enim
1359 1048 1570 1097 generacio
1603 1059 1732 1084 sacer-

417 1118 556 1153 dotum
601 1115 640 1151 in
684 1115 769 1162 lege
813 1112 936 1149 veteri
980 1120 1017 1148 et
1060 1122 1163 1147 nova
1207 1109 1311 1145 facta
1356 1116 1413 1144 est
1455 1105 1629 1155 pessima
1675 1106 1733 1152 (ut

418 1183 527 1223 patet
559 1176 752 1210 Sermone
784 1172 883 1219 XX).
917 1173 998 1206 Nec
1031 1168 1103 1205 scit
1126 1165 1393 1205 Antichristus
1427 1165 1575 1213 fingere
1607 1162 1735 1200 racio-

417 1245 508 1268 nem
543 1243 665 1280 quare
698 1230 901 1266 mundana
924 1227 1052 1276 gloria
1076 1227 1125 1263 ad
1148 1224 1397 1274 spiritualem
1432 1221 1733 1259 edificacionem

419 1289 583 1327 ecclesie
615 1301 721 1325 nunc
754 1288 974 1336 prodesset,
1009 1284 1104 1334 quin
1137 1282 1277 1332 pocius
1316 1282 1418 1318 foret
1450 1282 1526 1317 hoc
1564 1278 1735 1316 semina-

420 1348 522 1384 rium
556 1349 605 1384 ad
639 1359 798 1383 amaras
831 1343 1115 1381 contenciones
1153 1351 1189 1378 et
1228 1340 1315 1377 lites
1348 1339 1388 1375 in
1421 1337 1587 1375 ecclesia
1619 1336 1735 1373 semi-

419 1407 618 1451 nandum3
652 1404 683 1441 si
717 1403 822 1440 enim
856 1400 1139 1450 temporalium
1171 1397 1287 1447 copia
1311 1406 1347 1434 et
1372 1398 1576 1433 mundana
1609 1394 1736 1443 gloria

420 1464 498 1501 sint
541 1463 657 1500 sectis
702 1462 781 1499 iam
820 1461 1060 1497 introductis
1100 1455 1316 1506 disposicio
1356 1457 1405 1491 ad
1445 1453 1734 1491 beatitudinem

421 1521 722 1571 acquirendam,
776 1520 982 1568 quomodo
1034 1517 1121 1553 illas
1174 1513 1462 1562 disposiciones
1510 1513 1734 1560 perderent,

422 1580 518 1629 quin
550 1579 689 1628 pocius
722 1586 860 1614 contra
885 1589 925 1612 se
948 1575 1055 1624 ipsos
1086 1573 1290 1621 reciproce
1315 1580 1351 1608 et
1377 1579 1515 1607 contra
1538 1569 1736 1606 seculares

423 1637 609 1675 dominos
643 1635 823 1673 extinctis
857 1632 1085 1671 elemosinis
1118 1629 1372 1668 laborarent?

480 1698 567 1733 Hoc
600 1694 706 1731 enim
742 1706 824 1730 non
858 1693 960 1729 foret
997 1690 1317 1731 incitamentum,
1346 1695 1389 1722 ut
1412 1685 1554 1734 aliquis
1588 1685 1738 1720 mundo

424 1752 631 1791 renunciet
668 1753 729 1789 vel
772 1764 843 1788 sua
881 1748 1122 1798 temporalia
1155 1744 1424 1794 indigentibus
1457 1743 1579 1791 gratis
1613 1744 1737 1785 daret,

425 1826 514 1849 cum
549 1813 624 1847 hoc
662 1809 831 1858 gloriam
872 1809 1118 1844 mundanam
1153 1814 1190 1841 et
1222 1816 1292 1852 per
1326 1814 1573 1850 consequens
1607 1800 1738 1848 dispo-

424 1870 617 1907 sicionem
650 1869 700 1905 ad
733 1865 1022 1904 beatitudinem
1056 1876 1169 1901 suam
1204 1861 1413 1898 minueret.

482 1930 530 1964 Et
573 1927 648 1963 ista
692 1935 749 1962 est
792 1923 951 1961 fallacia
995 1935 1073 1971 qua
1110 1919 1378 1958 Antichristus
1416 1915 1569 1954 seducit
1613 1923 1740 1951 sectas

427 1987 534 2034 quod
567 1984 841 2033 perturbando
876 1981 1085 2018 ecclesiam
1117 1981 1218 2016 adeo
1247 1986 1337 2014 sunt
1360 1975 1468 2013 avari
1504 1976 1610 2019 (cum
1645 1972 1741 2008 dicit

427 2042 719 2091 evangelizacio
744 2041 871 2088 Pauli)
908 2038 1107 2076 contrarie
1141 2037 1247 2086 quod
1281 2035 1463 2071 habemus
1494 2033 1554 2068 hic
1587 2043 1739 2067 manen-

427 2110 500 2138 tem
525 2102 714 2138 civitatem
740 2112 806 2136 nec
828 2100 1012 2148 futuram
1038 2095 1285 2145 inquirimus:
1316 2102 1352 2128 et
1376 2090 1543 2127 omnino
1567 2087 1741 2126 ostendit
1758 2091 1773 2101 η

428 2173 468 2196 se
512 2172 595 2196 esse
640 2160 687 2194 de
732 2157 909 2205 capitulo
955 2154 1187 2203 impiorum,
1234 2149 1444 2198 Sapiencie
1489 2151 1554 2193 110,
1602 2155 1743 2183 contra

430 2221 557 2254 Deum
591 2215 862 2265 loquencium.

489 2276 632 2321 Quoad
665 2274 885 2310 secundum
918 2279 1027 2319 patet
1056 2269 1163 2317 quod
1191 2266 1314 2303 nichil
1349 2274 1405 2301 est
1435 2262 1590 2300 fidelius
1623 2274 1742 2310 quam

432 2334 539 2382 quod
573 2331 708 2369 onmia
746 2343 869 2379 opera
908 2325 1168 2365 humanitatis
1202 2323 1348 2361 Christi
1386 2322 1463 2358 sint
1503 2318 1744 2368 exemplaria

431 2404 454 2427 a
499 2390 681 2427 fidelibus
726 2388 968 2436 exequenda.
1013 2388 1067 2421 Ex
1106 2383 1197 2420 hinc
1236 2381 1340 2418 enim
1381 2379 1544 2428 ponitur
1583 2377 1775 2414 coraula⁰

502 2522 531 2547 4.
553 2513 596 2539 A:
619 2512 705 2539 duret
728 2511 821 2537 deest.
886 2510 913 2536 (ἃ.
935 2509 979 2535 A:
1003 2512 1033 2535 ut
1054 2516 1108 2534 sua
1129 2506 1217 2533 datur
1238 2505 1281 2531 sic
1302 2512 1370 2531 eum
1393 2502 1600 2537 possessione.
1659 2508 1684 2534 7.
1700 2500 1744 2526 A:

433 2548 561 2575 finaliter
582 2547 675 2573 deest.
749 2547 776 2572 S.
798 2546 840 2572 A:
865 2543 1061 2578 blasphemo:
1089 2541 1129 2568 ib.
1152 2539 1268 2567 Codd.:
1292 2539 1319 2565 in
1342 2537 1520 2564 tradicione.
1596 2545 1623 2570 ς).
1645 2536 1689 2561 A:
1711 2534 1745 2560 lit

434 2583 514 2609 racio
536 2581 693 2609 naturalis.
740 2580 780 2606 m.
803 2579 868 2606 BC:
892 2577 1016 2605 ecclesie
1037 2577 1130 2603 deest.
1177 2583 1215 2608 17.
1237 2574 1280 2600 A:
1303 2581 1427 2608 avaras:
1449 2572 1488 2598 ib.
1505 2572 1548 2597 A:
1570 2574 1597 2596 et
1618 2569 1685 2596 licet
1705 2569 1745 2595 in.

435 2626 476 2646 ιω.
498 2618 542 2644 A:
564 2620 644 2643 suut.
684 2622 782 2650 19.20.
799 2615 843 2641 A:
867 2611 1082 2639 beatitudinem
1100 2610 1135 2637 ud
1153 2609 1287 2644 quidem.
1327 2607 1370 2635 25.
1386 2612 1432 2633 20.
1449 2606 1489 2633 C:
1506 2604 1746 2639 disposicionem

434 2650 533 2678 d'eest:
563 2651 601 2677 15:
624 2649 909 2683 indisposicionem.
1018 2654 1060 2680 27.
1085 2645 1149 2671 HC:
1172 2648 1216 2670 est
1236 2643 1354 2669 sabula:
1376 2642 1416 2668 ib.
1439 2644 1552 2666 sectas:
1573 2639 1617 2665 A:
1640 2638 1746 2665 deitas.

434 2688 479 2713 28.
501 2687 544 2713 A:
567 2685 725 2712 ecclesiam
748 2683 841 2710 deest.
924 2689 970 2711 eo.
994 2680 1039 2707 30.
1062 2681 1104 2706 A:
1128 2682 1278 2705 manente.
1361 2675 1407 2702 30.
1430 2675 1496 2701 BC:
1518 2682 1578 2701 uon
1601 2673 1745 2699 suturam.

435 2721 579 2755 Vulgate:
613 2718 681 2746 Non
712 2718 790 2744 enim
819 2714 962 2744 lzabemu's
991 2715 1039 2741 hic
1067 2716 1235 2741 manentem
1265 2711 1426 2741 civitatem,
1455 2709 1509 2736 sed
1527 2707 1672 2744 suturam
1702 2707 1747 2733 in-

435 2756 593 2791 quirimus
639 2753 677 2780 31.
700 2752 764 2779 BC:
788 2752 823 2779 de
844 2751 998 2781 catalogo:
1020 2750 1060 2776 ib.
1076 2750 1119 2775 A:
1141 2749 1182 2774 im
1210 2747 1322 2778 iorum,
1344 2743 1504 2779 Sapiencie
1525 2747 1561 2769 et.
1609 2741 1651 2768 33.
1674 2741 1694 2767 Β
1716 2740 1745 2767 in

437 2798 548 2824 marga
572 2789 674 2823 Opera
696 2787 809 2814 Christi
832 2778 1006 2812 humanitas
1029 2788 1097 2810 sunt
1119 2792 1135 2809 a
1156 2783 1172 2809 fi
1199 2781 1296 2808 elibus
1317 2778 1532 2813 exemplariter
1552 2775 1744 2814 exequenda:

436 2825 476 2852 ib.
491 2826 519 2851 A
540 2824 569 2850 in
592 2831 705 2857 marg:
727 2822 759 2849 B.
850 2819 896 2854 34.
919 2819 983 2846 BC:
1007 2818 1086 2853 quod
1110 2817 1209 2844 deest:
1231 2815 1271 2842 ib.
1290 2814 1357 2842 BC:
1378 2812 1572 2844 humanitus:
1594 2811 1633 2837 1b.
1649 2811 1693 2836 A:
1715 2809 1744 2836 in

439 2859 635 2893 exemplaria.

511 2940 562 2973 29.
589 2928 693 2960 Hebr.
720 2927 808 2967 XIII,
841 2936 891 2966 14.

1744 647 1760 678 5

1751 945 1789 967 10

1754 1223 1790 1255 15

1752 1523 1794 1545 20

1756 1802 1796 1834 25
