2017 3353
219 251 356 280 sERMo
370 243 444 298 vr]
731 253 870 286 PRIMA
899 254 1023 286 PARS.

279 361 355 398 Sed
378 361 554 397 secundo
590 358 801 396 dubitatur
832 369 970 397 utrum
1004 360 1156 398 omissa
1190 361 1410 399 vocacione
1442 365 1533 400 Jesu

219 432 289 466 per
320 418 506 467 angelum
553 427 590 454 et
637 427 822 465 parentes
862 419 939 455 hoc
980 431 1129 455 nomen
1168 420 1281 455 Jesus
1314 419 1388 456 sibi
1423 432 1533 457 com-

219 485 383 524 peteret.
418 477 496 513 Sed
534 476 800 523 supponenda
840 486 899 513 est
932 476 1146 513 distinccio
1188 477 1383 524 nominis,
1423 480 1533 527 quod

217 534 385 583 aliquod
431 543 489 571 est
531 546 680 570 nomen
726 533 830 570 reale
868 535 977 583 quod
1022 547 1066 570 ex
1110 535 1432 583 proprietatibus
1478 550 1532 573 rei

182 593 439 634 §secundum
474 591 802 629 Lincolniensem
837 592 1054 640 colligitur,
1089 601 1127 629 et
1149 592 1259 630 aliud
1294 602 1353 630 est
1384 607 1533 631 nomen

218 651 356 688 vocale
390 651 500 699 quod
524 662 567 686 ex
590 649 857 687 ordinacione
888 651 1067 687 humana
1091 651 1414 699 imponitur.Sed
1439 652 1533 701 quia

217 709 415 756 scriptura
447 720 561 745 sacra
594 716 631 744 et
664 707 907 755 profundior
939 708 1202 756 philosophia
1235 709 1420 758 loquitur
1453 723 1532 747 cre-

216 767 327 803 brius
372 767 419 803 de
464 766 597 814 primo
642 766 821 813 nomine,
873 767 963 803 ideo
1016 766 1191 804 limitata
1224 767 1438 804 locucione
1483 770 1533 805 ad

216 825 346 873 ipsum
378 824 546 862 concedi
581 825 698 861 debet
723 825 836 873 quod
868 824 901 861 si
938 837 1009 872 per
1041 824 1293 873 impossibile
1316 827 1428 863 Jesus
1452 839 1533 863 non

163 883 333 924 iofuerit
366 892 533 920 vocatus
566 882 623 919 sic
657 895 727 930 per
750 882 959 919 hominem
983 882 1043 919 vel
1068 883 1258 930 angelum
1281 897 1365 921 non
1400 885 1533 921 minus

217 954 260 978 ex
292 941 511 978 vocacione
546 949 682 977 eterna
706 940 777 977 Dei
813 950 850 977 et
883 941 1205 989 proprietatibus
1238 942 1532 979 humanitatem

216 1012 330 1036 suam
365 1000 625 1048 sequentibus
659 998 743 1047 ipse
776 999 881 1036 foret
915 999 1078 1036 realiter
1111 998 1218 1036 idem
1250 1001 1376 1037 Jesus.

273 1060 322 1094 Et
356 1070 399 1094 ex
443 1058 528 1095 istis
574 1066 685 1104 patet
728 1057 885 1094 solucio
921 1057 1151 1094 communis
1191 1058 1303 1094 dubii
1349 1058 1533 1106 logicalis

215 1128 339 1165 quare
372 1115 518 1164 aliquis
552 1124 610 1152 est
641 1115 857 1162 Johannes,
905 1116 1172 1163 supponendo
1206 1118 1315 1165 quod
1356 1117 1533 1165 quelibet

161 1181 389 1222 15persona
420 1174 480 1211 vel
513 1173 723 1210 individua
756 1173 988 1211 substancia
1020 1174 1141 1211 habet
1175 1174 1436 1211 condiciones
1475 1175 1532 1211 in-

216 1232 470 1269 dividuantes
503 1232 563 1269 vel
597 1231 869 1279 proprietates
903 1244 980 1280 que
1013 1231 1146 1268 solum
1181 1233 1255 1269 sibi
1286 1232 1533 1270 conveniunt

216 1290 297 1327 sive
330 1291 544 1327 convenire
576 1298 760 1338 possunt.
795 1292 870 1327 Iste
905 1303 999 1338 ergo
1036 1289 1199 1327 racione
1232 1290 1406 1328 istarum
1440 1304 1532 1339 pro-

217 1348 435 1397 prietatum
458 1349 519 1386 vel
544 1348 835 1385 condicionum
860 1347 1211 1385 individuancium
1237 1358 1294 1386 est
1315 1349 1532 1396 Johannes,

217 1417 254 1444 et
287 1406 392 1444 sicut
424 1407 525 1443 nulli
550 1406 666 1444 alteri
700 1406 775 1443 iste
798 1406 1070 1455 proprietates
1093 1416 1263 1454 possunt
1289 1417 1532 1455 competere,

159 1482 200 1503 πο
215 1465 271 1502 sic
304 1478 376 1502 nec
408 1466 484 1502 hoc
516 1477 666 1501 nomen
698 1466 915 1502 Johannes.
972 1465 1093 1509 Quod
1134 1474 1270 1502 autem
1312 1465 1431 1502 multi
1464 1479 1533 1503 vo-

217 1533 361 1561 cantur
394 1523 473 1561 isto
508 1522 638 1560 vocali
672 1523 838 1560 nomine
873 1533 931 1561 est
964 1522 1061 1560 satis
1095 1523 1302 1572 equivoce.
1358 1524 1531 1569 Quando

214 1592 350 1620 autem
394 1581 647 1630 baptizantes
690 1581 906 1619 nominant
954 1580 1126 1618 infantes
1166 1581 1250 1618 suis
1295 1581 1532 1618 nominibus

215 1641 275 1677 vel
309 1641 458 1677 habent
497 1652 540 1676 ex
574 1639 824 1677 revelacione
857 1649 966 1677 certa
998 1639 1058 1675 vel
1083 1639 1291 1676 communi
1316 1640 1533 1678 influencia

215 1699 327 1748 quod
359 1698 469 1746 ipsos
502 1697 715 1735 nominent
748 1697 1123 1746 proporcionaliter
1156 1699 1206 1734 ad
1244 1711 1394 1735 nomen
1428 1698 1532 1735 reale

159 1760 199 1793 25
216 1757 326 1805 quod
359 1758 466 1792 Deus
497 1755 698 1803 nominat,
733 1766 830 1793 tunc
854 1769 949 1792 vero
983 1755 1149 1792 nomine
1182 1756 1397 1793 nominant
1421 1757 1531 1805 quod

215 1814 359 1851 infanti
384 1823 442 1851 est
475 1814 687 1862 proprium
712 1824 749 1851 et
783 1814 901 1851 aliter
922 1815 1094 1850 errando
1129 1815 1177 1850 ab
1211 1813 1289 1851 isto
1321 1814 1533 1862 deficiunt3

219 1882 256 1910 et
289 1872 345 1909 sic
379 1872 558 1909 creditur
589 1882 779 1909 vocatum
813 1872 935 1908 fuisse
969 1871 1192 1908 Dominum
1227 1882 1264 1909 et
1288 1872 1528 1920 Baptistam‚

220 1941 257 1968 et
291 1943 313 1967 a
345 1929 549 1978 probabili
583 1930 735 1967 multos
770 1940 907 1978 patres
937 1929 1083 1967 veteris
1117 1930 1364 1967 testamenti.

275 1991 324 2026 Et
344 2001 414 2036 per
433 1987 551 2025 istam
572 1988 879 2036 philosophiam
899 1987 1171 2037 evangelicam
1190 1998 1301 2036 patet
1320 1988 1532 2036 responsio

160 2050 200 2083 30
218 2048 267 2084 ad
312 2045 531 2083 instancias
577 2046 869 2094 sophistarum.
923 2048 1110 2094 Arguunt
1144 2046 1251 2082 enim
1292 2047 1404 2096 quod
1444 2046 1532 2095 qui-

217 2105 315 2142 libet
347 2105 471 2141 homo
504 2114 639 2152 potest
673 2117 757 2142 esse
789 2106 1003 2151 Johannes,
1047 2103 1301 2151 Wilhelmus,
1341 2106 1455 2141 Jesus
1496 2115 1534 2142 et

218 2173 369 2209 cetera;
405 2175 541 2210 ymmo
575 2163 686 2212 quod
720 2173 856 2211 potest
889 2175 972 2199 esse
1007 2162 1158 2209 asinus,
1198 2162 1380 2209 felicitas,
1422 2162 1531 2209 fides,

218 2230 255 2258 et
288 2220 488 2270 quidlibet
512 2220 625 2258 aliud
657 2221 966 2268 nominandum,
1002 2220 1099 2269 quia
1132 2229 1266 2269 potest
1289 2220 1427 2258 vocari
1461 2220 1531 2258 tali

218 2279 394 2325 nomine,
428 2278 533 2316 sicut
566 2289 691 2327 patet.
727 2279 952 2328 Loquendo
987 2288 1123 2316 autem
1157 2280 1205 2315 de
1237 2279 1335 2316 reali
1369 2279 1534 2316 nomine

160 2341 200 2375 ³5
219 2348 256 2375 et
290 2339 407 2374 rebus
446 2338 496 2375 ad
537 2347 646 2375 extra
685 2337 890 2386 suspensis
924 2337 1091 2374 vocibus
1125 2338 1262 2386 quoad
1302 2337 1533 2375 considera-

219 2396 375 2433 cionem
409 2395 657 2444 philosophi,
693 2406 803 2444 patet
837 2396 1048 2445 quomodo
1083 2405 1141 2433 est
1175 2395 1404 2433 dicendum.

287 2515 308 2535 1.
329 2508 358 2535 A
385 2508 414 2535 in
442 2515 556 2543 marg.:
585 2507 764 2536 Secundum
790 2507 939 2541 dubium3
979 2506 1000 2533 Β
1027 2507 1058 2534 in
1086 2515 1200 2542 marg:
1229 2507 1362 2542 Questio
1389 2507 1534 2534 secunda.

217 2551 248 2576 4.
267 2544 313 2570 A:
333 2542 449 2579 aliquid
464 2548 509 2570 est
525 2544 621 2576 reale;
636 2544 665 2570 A
685 2543 715 2570 in
731 2550 844 2577 marg.:
867 2541 1057 2578 Responsio;
1078 2541 1099 2569 B
1120 2542 1151 2570 in
1172 2550 1290 2576 marg.:
1312 2542 1433 2570 Nomen
1455 2542 1535 2569 reale

241 2578 291 2605 uid
319 2582 378 2611 est:
409 2577 443 2605 In
474 2578 560 2605 black
581 2578 648 2605 mk:
674 2578 852 2613 Antequam
879 2585 957 2612 puer
983 2581 1109 2604 vocatus
1136 2582 1180 2604 est
1205 2576 1306 2613 JesuS,
1326 2576 1483 2605 credidisti
1505 2576 1533 2604 in

233 2621 321 2640 esum
345 2620 406 2640 non
428 2613 596 2640 vocacione
616 2612 668 2640 sed
685 2620 727 2640 re.
801 2612 829 2639 8.
851 2612 918 2640 BC:
941 2612 1077 2645 nomine,
1098 2612 1154 2645 ita;
1176 2613 1204 2639 A
1224 2612 1254 2639 in
1276 2620 1390 2645 marg:
1412 2611 1532 2638 Nomen

219 2648 342 2681 duplex.
415 2645 453 2674 13.
467 2646 508 2675 C:
524 2648 644 2675 locucio
657 2648 850 2681 communis;
866 2647 887 2674 B
904 2647 933 2674 in
950 2655 1064 2681 marg.:
1079 2646 1218 2674 Solucio.
1288 2655 1328 2682 ¹4·
1341 2647 1407 2674 Ain
1419 2654 1533 2680 marg.:

219 2682 324 2716 Quare
345 2682 440 2709 homo
468 2687 513 2710 est
533 2682 688 2709 Johannes
709 2687 785 2717 etc.;
812 2682 853 2709 ib.
874 2682 919 2709 A:
946 2682 1072 2717 quilibet
1101 2689 1244 2717 persona.
1336 2690 1376 2716 ¹7·
1398 2681 1438 2707 B:
1459 2688 1533 2708 con—

220 2717 324 2744 venire
345 2718 446 2752 deest3
468 2718 510 2745 ib.
525 2718 569 2744 A:
591 2716 723 2744 illarum.
763 2724 810 2751 20,
824 2724 864 2744 21.
881 2718 928 2744 A:
950 2716 1034 2752 quod
1055 2725 1127 2744 curn
1148 2717 1200 2744 illo
1223 2716 1321 2744 vocali
1343 2716 1469 2744 nomine
1490 2720 1534 2742 est

219 2760 332 2779 nomen
353 2751 426 2779 satis
447 2754 606 2787 equivoce.
708 2758 751 2778 2².
767 2751 806 2778 B:
828 2752 992 2779 nominant
1013 2752 1078 2779 suis
1098 2751 1199 2784 deest:
1216 2752 1260 2779 A:
1282 2751 1415 2778 infantes
1438 2750 1533 2777 norni-

220 2791 302 2814 nant.
376 2785 418 2814 23.
441 2787 479 2813 B:
500 2788 546 2815 vel
566 2787 664 2822 quasi.
737 2793 783 2821 24.
806 2785 844 2814 C:
870 2786 1042 2814 nominant.
1117 2793 1162 2822 29,
1185 2787 1229 2813 A:
1251 2785 1344 2813 illam.
1418 2783 1464 2811 30.
1492 2784 1533 2812 C:

219 2821 404 2849 instanciam
419 2832 426 2855 ς
444 2821 480 2849 B:
503 2821 755 2857 sophisticarum.
865 2819 903 2848 31.
925 2823 953 2849 A
973 2821 1004 2849 in
1025 2829 1144 2857 marg.:
1166 2820 1324 2848 Obieccio.
1424 2819 1467 2858 33.
1488 2820 1533 2846 A:

242 2856 302 2917 uffd
323 2860 433 2895 potest.
530 2857 577 2889 34.
598 2858 627 2884 A
647 2855 677 2883 in
699 2863 796 2889 marg.
813 2865 820 2883 ε
840 2855 1023 2891 Responsio.
1114 2855 1156 2884 35.
1178 2856 1224 2883 A:
1244 2854 1531 2882 consideracionem

236 2898 254 2917 o
279 2897 378 2918 annis.

1772 249 1821 300 39

1578 373 1614 399 11.
1637 372 1787 400 VVhether

1576 407 1681 435 Christ
1701 408 1792 435 could

1550 443 1626 470 have
1643 443 1716 470 been
1730 442 1821 470 ,lesus

1590 476 1615 504 if
1632 485 1700 505 men
1722 478 1779 504 had

1524 537 1530 542 ,
1561 517 1614 539 not
1634 512 1722 546 given
1746 512 1808 539 him

1603 548 1651 574 the
1673 555 1774 574 name.

1605 1059 1633 1086 A
1656 1066 1746 1086 name

1550 1101 1619 1129 may
1647 1094 1683 1120 be
1709 1101 1823 1128 proper

1579 1137 1615 1156 or
1635 1128 1797 1164 arbitrary.
