2017 3353
271 685 437 724 Tlireefold

302 729 416 748 service

274 766 291 783 1.
315 762 344 784 to
366 756 445 785 (lod.

221 811 245 830 2.
263 803 365 837 loving
381 802 494 829 service

239 844 268 866 lo
289 848 346 867 our
367 839 493 866 l'ellows.

276 990 301 1018 3.
325 990 455 1017 service

218 1026 360 1053 eul‘orced
376 1025 413 1061 by
426 1025 492 1051 law.

270 1788 337 1816 Tlie
357 1788 457 1822 clergy

229 1823 323 1857 ought
344 1826 395 1849 uot
416 1826 445 1849 to
467 1821 501 1848 be

295 1857 435 1893 wealtlly.

793 278 1016 312 JOHANNIS
1037 277 1220 310 WYCLIF'
1238 275 1494 308 SERMONUM
1519 260 1670 318 [SERMO
1694 270 1812 298 XLVII-

507 389 614 425 illam
649 386 770 423 vitam
805 392 1042 434 preparant:
1097 392 1133 419 et
1173 391 1267 418 tunc
1316 381 1502 417 deficeret
1547 380 1677 417 omnis
1722 379 1818 416 luci-

507 446 633 483 ferina
666 443 862 492 cogitacio
896 455 974 491 qua
1007 441 1287 478 machinamur
1320 439 1359 475 in
1393 438 1574 475 dominio
1615 447 1651 475 et
1689 438 1818 486 splen-

509 503 649 541 dencia
682 501 849 539 seculari
883 501 1024 537 fratres
1057 508 1216 535 nostros
1251 498 1451 543 excellere,
1498 496 1592 545 quia
1638 505 1678 532 ut
1712 509 1819 532 com-

510 562 683 598 muniter
716 561 836 597 ambo
869 559 943 595 ista
977 558 1110 606 quoad
1144 558 1311 605 gradum
1349 554 1605 591 beatitudinis
1638 563 1729 591 sunt
1761 554 1820 590 vel

509 617 816 668 impertinencia
849 617 908 653 vel
941 615 1149 652 tardancia
1182 616 1240 651 vel
1274 623 1502 661 utrumque.
1838 613 1854 645 5

567 680 614 714 Et
648 685 778 725 potest
824 688 866 712 ex
911 674 986 710 isto
1035 673 1240 721 evangelio
1285 671 1372 708 elici
1418 671 1525 720 quod
1578 670 1719 718 triplex
1765 677 1821 706 est

510 736 689 779 servitus,
725 733 875 770 scilicet
907 732 1101 769 naturalis
1141 744 1219 780 qua
1258 730 1432 779 quelibet
1478 738 1662 765 creatura
1706 728 1823 764 debet

510 794 655 831 servire
689 795 785 833 Deo,
819 791 911 827 velit
944 790 1057 836 nolit,
1103 790 1277 826 secunda
1311 797 1368 824 est
1401 787 1568 824 servitus
1615 785 1823 823 caritativa

511 866 589 901 qua
613 851 779 900 quilibet
803 851 919 886 debet
941 848 1088 885 servire
1113 847 1274 884 cuilibet
1297 847 1365 882 sed
1389 844 1616 894 specialiter
1640 852 1824 881 creatura

511 912 636 958 gradu
689 907 871 957 superior
916 908 1032 943 debet
1079 905 1225 942 servire
1278 913 1458 941 creature
1506 901 1699 940 racionali
1745 913 1821 950 que
1847 914 1884 935 10

509 968 557 1004 sit
591 969 717 1016 gradu
750 965 926 1002 inferior.
960 967 1008 1001 Et
1041 963 1164 1000 tercia
1196 971 1253 1000 est
1285 962 1451 999 servitus
1485 961 1610 998 civilis
1643 972 1721 1009 qua
1753 971 1826 996 nec

509 1035 653 1063 natura
693 1037 765 1061 nec
804 1023 937 1072 gracia
976 1024 1042 1059 sed
1084 1021 1268 1058 humanis
1306 1019 1614 1057 statuicionibus
1645 1030 1737 1066 sepe
1770 1017 1826 1053 in-

510 1084 686 1133 providis
726 1090 993 1119 mensuratur.
1041 1081 1226 1117 Secundo
1271 1078 1401 1115 notari
1446 1086 1577 1126 potest
1622 1077 1828 1125 quomodo

511 1143 651 1190 duplex
691 1150 749 1178 est
786 1139 1014 1176 sollicitudo
1055 1137 1228 1174 hominis
1266 1137 1416 1173 scilicet
1455 1135 1562 1172 licita
1602 1143 1638 1171 et
1676 1133 1827 1171 illicita.
1845 1158 1906 1190 FO!

511 1203 559 1237 Et
592 1200 700 1236 licita
729 1197 733 1249 1
763 1199 919 1246 duplex,
953 1198 1013 1234 vel
1047 1196 1262 1244 respiciens
1297 1207 1394 1243 pure
1426 1194 1548 1231 vitam
1583 1192 1829 1240 contempla-
1851 1182 1927 1246 ,773⁵

512 1259 633 1295 tiram
667 1270 742 1306 que
776 1259 902 1293 Deum
938 1264 974 1292 et
1006 1255 1170 1291 virtutes
1193 1254 1254 1290 vel
1279 1265 1416 1290 eorum
1442 1264 1564 1300 opera
1585 1249 1831 1299 speculativa

512 1316 740 1353 considerat
785 1323 852 1351 aut
896 1313 1125 1350 sollicitudo
1170 1313 1330 1348 turbata
1374 1323 1450 1359 que
1492 1309 1613 1346 vitam
1659 1307 1829 1345 activam

513 1374 727 1423 respiciens
769 1372 996 1409 considerat
1036 1370 1168 1419 primo
1202 1372 1329 1406 Deum
1364 1377 1400 1405 et
1433 1375 1724 1416 consequenter
1756 1365 1831 1402 vir-

515 1442 614 1469 tutes
652 1444 697 1468 ac
737 1444 875 1468 eorum
916 1442 1037 1478 opera
1077 1427 1255 1477 practica
1293 1439 1369 1475 que
1408 1428 1458 1463 ad
1491 1424 1829 1474 gubernacionem

511 1491 589 1527 rite
628 1489 823 1538 presentis
861 1489 1081 1525 secundum
1121 1486 1285 1522 virtutes
1324 1484 1531 1521 inferiores
1568 1492 1658 1519 sunt
1696 1494 1830 1519 neces-
1848 1493 1889 1515 20

513 1548 630 1585 saria.
672 1547 813 1583 Illicita
854 1556 985 1583 autem
1027 1554 1083 1582 est
1117 1543 1291 1593 quelibet
1324 1551 1456 1591 preter
1489 1542 1602 1582 istas:
1637 1550 1673 1577 et
1705 1539 1830 1576 tercio

514 1606 645 1643 notari
679 1614 809 1654 potest
843 1605 1049 1653 quomodo
1083 1601 1213 1639 omnis
1248 1601 1424 1637 defectus
1458 1600 1496 1636 in
1532 1599 1710 1635 moribus
1741 1611 1831 1634 cau-

514 1673 624 1702 satur
668 1676 711 1700 ex
751 1663 905 1699 defectu
946 1662 1036 1698 fidei
1077 1661 1286 1699 credende,
1332 1668 1374 1695 ut
1413 1658 1452 1694 in
1496 1656 1729 1706 particulari
1769 1655 1833 1692 hic

515 1722 740 1760 ostenditur
775 1729 811 1757 et
845 1720 938 1757 alibi
972 1719 1123 1768 patebit
1157 1717 1406 1766 generaliter.

574 1781 650 1817 Sed
684 1779 760 1816 tria
799 1787 889 1815 sunt
923 1778 1043 1814 dubia
1076 1776 1258 1825 graviora
1298 1787 1341 1811 ex
1374 1774 1449 1810 isto
1482 1782 1589 1810 textu
1623 1772 1890 1816 movenda‚25

517 1838 691 1887 primum
738 1837 769 1873 si
814 1838 941 1873 clerus
987 1836 1127 1872 debeat
1172 1833 1461 1881 temporalibus
1501 1831 1752 1873 habundare:
1798 1838 1835 1865 et

515 1897 670 1933 videtur
693 1896 801 1944 quod
824 1908 923 1936 non:
958 1893 1050 1942 quia
1083 1892 1214 1929 omnis
1246 1891 1335 1928 talis
1365 1888 1646 1927 habundancia
1669 1887 1835 1936 requirit

516 1953 827 1991 sollicitudinem
868 1965 944 2001 que
983 1965 1062 1988 non
1103 1952 1218 1987 debet
1256 1948 1454 1986 sacerdoti
1494 1946 1641 1984 Christi
1675 1957 1834 1993 compe-

518 2022 612 2057 tere,
649 2025 739 2048 cum
774 2012 915 2047 debeat
947 2010 1076 2046 virere
1100 2007 1341 2057 speculative
1366 2015 1402 2043 et
1425 2005 1703 2042 turbacionem
1729 2003 1834 2040 circa

519 2071 644 2106 multa
689 2070 909 2106 excludere.
962 2070 1009 2103 Et
1055 2067 1128 2104 ista
1174 2075 1230 2102 est
1276 2064 1477 2101 sentencia
1511 2062 1738 2111 Apostolil
1785 2062 1834 2098 ad
1852 2063 1893 2095 30

517 2129 622 2165 Tim.
656 2129 741 2173 V10‚
777 2128 798 2164 8
835 2140 912 2175 qua
945 2127 1026 2162 vult
1059 2138 1098 2161 se
1132 2134 1168 2161 et
1203 2123 1411 2161 ecclesiam
1446 2122 1699 2158 sacerdotum
1734 2119 1835 2156 sicut

520 2200 540 2223 a
583 2185 742 2223 Christo
782 2184 919 2221 didicit
960 2185 1005 2220 de
1042 2183 1232 2219 alimentis
1269 2189 1303 2217 et
1340 2179 1569 2231 tegumentis
1610 2177 1834 2214 contentari.

520 2247 600 2280 Nec
633 2243 770 2280 evitari
804 2251 934 2291 potest
968 2242 1173 2290 quomodo
1206 2240 1294 2288 plus
1327 2239 1366 2274 in
1400 2239 1505 2274 clero
1538 2236 1597 2273 vel
1627 2234 1837 2284 superfluit

520 2303 579 2338 vel
612 2302 741 2350 ipsum
776 2300 1003 2348 imperficit,
1037 2299 1130 2347 quia
1163 2298 1254 2334 licet
1286 2296 1390 2333 vivat
1411 2296 1533 2333 vitam
1559 2294 1834 2338 diaconorum,

522 2359 788 2396 ministrando
829 2358 974 2394 mensis
1015 2357 1304 2405 apostolorum.
1345 2356 1416 2390 sub
1456 2366 1534 2402 quo
1575 2353 1709 2389 colore
1746 2352 1836 2388 date
1854 2353 1892 2386 35

522 2417 667 2454 fuerint
701 2416 917 2453 elemosine
951 2416 1057 2452 clero
1091 2415 1242 2459 dotato,
1277 2413 1407 2449 adhuc
1441 2411 1534 2448 vivit
1559 2408 1836 2458 imperfeccius

591 2536 616 2556 2.
640 2528 757 2556 codd:
779 2527 917 2555 domino.
999 2534 1025 2559 2,
1046 2524 1071 2554 3.
1095 2525 1160 2553 BC:
1182 2526 1211 2553 in
1233 2524 1441 2561 splendencia.
1521 2532 1551 2558 4.
1573 2524 1617 2550 A:
1640 2521 1835 2549 beatitudiuis

523 2564 616 2591 deest.
690 2571 717 2598 7.
739 2563 765 2590 8.
787 2563 831 2590 A:
854 2562 969 2589 scilicet
987 2577 1021 2581 -
1045 2561 1175 2588 servitus
1196 2560 1290 2587 deest.
1365 2567 1406 2586 10.
1427 2560 1470 2586 A:
1492 2556 1679 2585 racionabili.
1755 2563 1788 2582 11.
1809 2556 1837 2582 A

523 2599 552 2626 in
569 2606 682 2633 marg:
704 2597 832 2632 Triplex
852 2601 897 2623 est
912 2596 1053 2625 servitus,
1076 2595 1233 2622 caritativa
1249 2603 1308 2634 qua
1323 2593 1449 2629 quilibet
1465 2593 1553 2620 debet
1568 2591 1681 2619 servire
1696 2589 1835 2619 cuilibet:

523 2633 635 2672 duplex
661 2637 705 2660 est
734 2631 897 2659 solicitudo
928 2630 1073 2665 hominis,
1105 2630 1219 2657 scilicet
1248 2629 1329 2657 licita
1358 2633 1387 2656 et
1415 2627 1519 2656 illicita
1548 2631 1576 2654 et
1600 2625 1682 2654 licita
1708 2625 1835 2663 duplex:

524 2668 544 2694 B
565 2675 595 2694 1n
617 2675 730 2702 marg:
752 2666 879 2701 Triplex
901 2670 945 2692 cst
966 2664 1095 2692 servitus
1123 2663 1268 2693 hominis.
1297 2662 1445 2691 naturalis
1471 2661 1621 2696 generalis
1648 2665 1675 2687 et
1703 2659 1835 2694 pol1tica.

525 2710 561 2729 12.
585 2702 627 2729 A:
650 2711 707 2737 que
729 2710 789 2728 uon
810 2701 910 2733 cvi-aeia
933 2700 995 2727 sed.
1096 2699 1131 2726 15.
1155 2700 1176 2726 Β
1199 2699 1228 2726 in
1250 2707 1316 2726 mar
1341 2708 1364 2725 .:
1386 2698 1506 2732 Duplex
1527 2695 1701 2723 sollicitudo
1723 2693 1837 2721 scilicet

524 2737 603 2763 licita
625 2741 652 2763 et
673 2736 794 2763 illicita:
810 2729 856 2762 ib.
874 2735 911 2761 ss:
934 2735 1047 2770 duplex
1068 2733 1190 2769 duplex.
1248 2742 1286 2769 17.
1342 2743 1346 2759 :
1369 2736 1469 2759 autem
1491 2730 1675 2758 sollicitudo.
1734 2736 1775 2759 ιο.
1791 2729 1835 2755 A:

524 2779 616 2804 opera
638 2771 752 2798 eciam:
784 2771 821 2797 15:
849 2778 941 2805 opera
963 2768 1106 2795 secunda.
1216 2776 1254 2795 21.
1278 2769 1298 2794 Β
1321 2767 1349 2794 iu
1372 2775 1484 2801 marg:
1514 2764 1695 2793 Sollicitudo
1723 2761 1835 2789 illicita.

525 2806 566 2834 23.
589 2807 633 2832 A:
656 2806 812 2834 credente:
835 2804 874 2831 C:
896 2804 1018 2831 credite.
1093 2802 1135 2833 23,
1152 2811 1198 2836 24.
1221 2803 1257 2829 B:
1281 2802 1327 2829 hic
1347 2801 1532 2828 ascenditur.
1606 2799 1648 2826 25.
1672 2797 1736 2826 BC:
1758 2797 1837 2824 dicta

524 2840 681 2879 graviora:
704 2840 744 2867 ib.
761 2840 789 2867 A
809 2840 838 2866 in
860 2846 973 2873 marga
996 2838 1133 2865 Primum
1156 2837 1300 2867 dubium:
1322 2837 1343 2863 B
1359 2836 1388 2863 in
1410 2844 1523 2870 marg:
1547 2833 1686 2876 Questio.
1743 2831 1789 2859 30.
1809 2832 1837 2858 A

524 2884 552 2901 lu
575 2882 687 2910 marga
712 2873 825 2901 Contra
846 2871 1050 2900 dotacionem.
1137 2870 1179 2899 33.
1202 2871 1241 2899 C:
1264 2871 1410 2906 quoniam
1433 2870 1511 2905 plus.
1597 2877 1643 2903 24.
1666 2865 1732 2896 BC:
1754 2865 1837 2893 siant

523 2910 614 2937 riam.
687 2908 733 2936 36.
756 2907 820 2935 BC:
842 2907 1066 2944 imperfectum.
