2017 3353
215 242 353 272 SERMo
368 234 455 289 vu]
727 243 866 276 PRIMA
894 243 1019 274 PARS.
1760 242 1815 288 47

214 352 363 388 riorem
408 349 564 387 facilius
598 349 756 397 eligere,
796 357 935 397 peccat
974 349 1022 385 ad
1064 347 1276 384 minimum
1318 348 1527 384 venialiter

213 410 268 446 sic
300 409 491 454 vivendo;
525 407 616 443 ideo
651 406 831 443 Christus
865 419 946 443 non
981 415 1117 455 posset
1150 406 1189 441 in
1222 418 1394 454 persona
1435 419 1525 454 pro-

214 466 299 515 pria
320 466 450 503 vivere
473 465 582 502 illam
606 465 742 504 vitam.
781 464 887 510 Quid
911 477 1003 512 ergo
1027 465 1147 500 habet
1169 473 1526 512 quantumcunque

213 525 450 561 habundans
485 524 523 560 in
557 523 848 571 temporalibus
872 523 977 558 ultra
1011 522 1202 559 alimenta
1226 531 1262 558 et
1294 531 1527 570 tegumenta

181 583 252 621 Sin
285 582 429 631 quibus
463 583 581 618 docet
614 581 823 630 apostolus
848 580 995 617 Christi
1019 580 1262 628 discipulum
1288 579 1653 626 contentari‚1<iches
1684 591 1750 631 {ead
1785 596 1816 618 to

214 653 349 677 revera
371 640 431 676 vel
454 640 528 676 erit
560 649 740 676 terrenus
764 651 927 685 avarus;
954 647 991 675 et
1014 638 1069 674 sic
1094 637 1211 686 copia
1240 637 1527 686 temporalium
1608 634 1746 660 avarice3

1543 668 1579 688 ΟΓ
1599 669 1649 689 are
1679 671 1692 688 S
1719 667 1767 689 ent
1788 669 1817 688 ln

214 699 289 735 sibi
323 707 455 745 nocet,
488 698 548 734 vel
582 697 862 734 meliorabitur
895 697 933 733 in
966 696 1103 745 aliquo
1138 697 1283 732 horum
1318 695 1454 742 trium,
1487 704 1530 732 ut
1562 670 1735 732 affluxurpy,

214 758 401 794 habendo
441 756 633 793 alimenta
673 765 710 792 et
753 764 986 804 tegumenta
1031 754 1214 802 corporis
1261 753 1388 802 magis
1421 754 1530 790 lauta
1563 731 1706 800 1235&ng
1734 767 1815 800 good

215 824 282 852 aut
326 815 511 852 habendo
552 815 691 850 laudes
730 813 854 850 seculi
888 813 975 861 plus
1009 813 1222 859 clamosas,
1264 821 1332 849 aut
1365 813 1529 860 prodes·
1559 804 1658 828 ¹⁰¹¹¹e
1680 802 1817 829 cnurcn.

162 890 199 911 ιο
217 874 341 910 sendo
388 872 554 910 ecclesie
598 872 639 908 in
684 871 917 908 defensione
961 870 1117 907 iusticie
1162 879 1200 906 et
1241 870 1531 907 distribucione

95 927 173 988 1:0¹2
218 933 422 968 bonorum
456 943 680 979 pauperum
714 929 912 967 voluntati
946 929 1018 965 Dei
1052 929 1315 967 conformius,
1346 933 1349 973 Ι

98 972 159 1014 ¹46
275 991 317 1026 In
350 991 481 1038 primo
517 998 576 1025 est
607 988 727 1025 nimis
761 1001 906 1037 magna
937 987 1105 1032 vanitas,
1149 1000 1239 1023 cum
1274 987 1401 1035 magis
1435 999 1532 1035 pau-

217 1060 330 1096 peres
363 1047 500 1084 vivunt
524 1046 681 1083 diucius
716 1056 753 1083 et
785 1046 928 1083 melius
952 1046 1087 1094 quoad
1112 1057 1259 1094 corpus
1283 1055 1321 1081 et
1354 1045 1531 1090 indubie,

217 1107 402 1142 habendo
438 1107 589 1141 bonurn
624 1103 823 1152 spiritum,
858 1104 1001 1141 melius
1041 1105 1175 1151 quoad
1210 1106 1353 1142 Deum.
1418 1104 1533 1140 Unde
1576 1117 1704 1152 Luxury
1723 1117 1782 1144 and

165 1169 575 1212 15quantumcunque
620 1163 728 1199 dives
761 1163 850 1211 quis
883 1161 1016 1209 fuerit,
1057 1170 1101 1198 ut
1139 1174 1288 1209 comes,
1336 1162 1426 1208 dux,
1468 1174 1533 1197 rex
1549 1160 1644 1188 pomp
1665 1159 1716 1179 are
1736 1153 1821 1184 vain;

215 1222 275 1259 vel
309 1235 421 1259 cesar
454 1221 713 1258 difficultabit
744 1233 785 1257 se
818 1221 858 1257 in
881 1220 1017 1257 debito
1042 1221 1220 1256 humano
1254 1219 1469 1268 multiplici
1493 1219 1533 1255 in

217 1280 292 1317 fine
325 1280 419 1317 anni
445 1289 481 1316 et
503 1280 581 1316 vite
605 1279 816 1328 presentis,
851 1279 957 1315 ultra
981 1279 1058 1315 hoc
1081 1279 1191 1327 quod
1215 1287 1378 1326 oportet
1401 1277 1533 1314 minus

216 1347 422 1387 potentem
463 1347 501 1375 et
539 1338 579 1374 in
619 1337 820 1374 alimentis
861 1350 907 1374 ac
939 1336 1182 1386 tegumentis
1222 1336 1365 1372 melius
1398 1335 1531 1372 valen-

216 1407 296 1434 tem
330 1396 370 1433 in
403 1409 476 1433 suo
511 1405 693 1444 tempore
726 1395 910 1432 debitari.
945 1393 997 1432 Et
1029 1395 1104 1432 ista
1136 1394 1290 1431 vanitas
1324 1394 1531 1442 insepara-

159 1472 200 1494 20
217 1455 350 1491 biliter
382 1455 647 1504 consequitur
686 1454 778 1491 loco
818 1452 986 1491 honoris
1026 1452 1235 1490 mundani.
1292 1452 1390 1498 Quis
1425 1452 1530 1488 enirn

217 1522 274 1550 est
306 1513 516 1561 longevior
554 1512 686 1561 egenis
724 1525 807 1549 non
845 1512 901 1549 sic
940 1511 980 1547 in
1013 1512 1166 1547 mundo
1208 1510 1461 1559 potentibus?
1496 1519 1533 1546 et

215 1580 368 1608 certum
402 1581 460 1608 est
493 1573 603 1620 quod
635 1584 708 1607 sua
730 1569 951 1619 longevitas
975 1569 1121 1607 sufficit
1153 1570 1203 1606 ad
1226 1571 1310 1606 Deo
1345 1569 1533 1606 devocius

216 1629 542 1666 ministrandum.
577 1631 618 1665 In
652 1629 777 1665 tercio
812 1638 945 1666 autern
971 1629 1082 1677 quod
1111 1628 1311 1664 clamatur
1342 1627 1431 1675 plus
1464 1640 1531 1663 ne-
1589 1642 1648 1670 and
1671 1651 1687 1669 a
1707 1651 1778 1670 man

217 1688 437 1725 cessarium
487 1700 532 1724 ac
577 1687 830 1724 meritorium
877 1686 939 1723 vel
985 1696 1044 1723 est
1087 1696 1228 1734 patens
1268 1685 1436 1723 omissio
1471 1678 1823 1749 velCmi'rrgiihriuiislffby

160 1754 200 1787 25
217 1746 321 1783 facta
354 1745 566 1794 diligencia
604 1746 729 1783 stulta
771 1745 964 1789 mutacio,
1006 1757 1095 1781 cum
1130 1744 1372 1781 dimittendo
1406 1744 1529 1780 vitam
1561 1748 1808 1787 living—Christ’s

218 1804 326 1840 illam
363 1813 642 1852 sumptuosam
677 1813 714 1840 et
744 1804 914 1840 vivendo
944 1803 1066 1839 vitam
1092 1815 1323 1851 pauperem,
1353 1810 1396 1838 ut
1420 1802 1533 1838 Chri·
1653 1783 1715 1811 life.

217 1871 299 1898 stus
343 1862 437 1898 vixit
482 1874 571 1898 cum
618 1862 700 1898 suis
745 1861 943 1910 apostolis
989 1870 1027 1897 et
1074 1860 1162 1897 aliis
1207 1861 1297 1909 plus
1343 1860 1530 1906 morosis,

217 1922 342 1957 homo
378 1920 465 1968 plus
499 1921 710 1968 prodesset
744 1920 921 1956 ecclesie.
956 1920 1048 1956 Ideo
1074 1927 1432 1967 quantumcunque
1466 1919 1532 1954 de-

218 1977 344 2015 fensio
384 1977 474 2014 talis
514 1978 673 2014 affuerit
714 1978 822 2014 dives
862 1977 917 2014 sic
952 1978 1167 2014 defendens
1202 1989 1245 2013 ex
1277 1977 1399 2013 stulta
1432 1976 1531 2012 elec-

160 2044 201 2076 30
217 2036 333 2073 cione
365 2049 446 2073 non
481 2045 538 2072 est
571 2049 708 2084 expers
743 2037 871 2085 culpe.
907 2037 1000 2072 Ideo
1035 2035 1251 2072 solicitudo
1290 2034 1427 2081 seculi,
1468 2048 1532 2071 su-

218 2094 356 2143 perbia
389 2104 426 2131 et
460 2093 773 2131 ministracionis
797 2094 966 2131 omissio
1002 2093 1325 2142 inseparabiliter
1356 2093 1412 2129 sic
1436 2093 1533 2129 divi-

216 2163 296 2190 tem
337 2163 641 2201 consequuntur
678 2154 747 2189 sed
786 2152 1046 2190 rnediocritas
1091 2152 1193 2188 inter
1231 2151 1533 2188 mendicitatem

217 2220 337 2259 atque
370 2210 537 2247 divicias
578 2212 752 2259 petenda
785 2220 844 2248 est
876 2212 1097 2247 secundum
1138 2209 1387 2258 sapienciam
1421 2210 1534 2246 Salo-

217 2269 364 2306 monis.
401 2269 583 2305 Christus
618 2278 750 2306 autem
786 2269 825 2306 in
858 2269 933 2306 ista
968 2269 1251 2306 mediocritate
1285 2281 1375 2305 curn
1410 2267 1536 2304 instar

161 2335 201 2367 35
217 2327 500 2364 innocencium
525 2327 664 2364 habuit
687 2327 770 2364 sine
794 2328 1052 2364 solicitudine
1076 2326 1318 2375 temporalia
1337 2335 1532 2374 quantum

217 2385 292 2422 sibi
325 2385 489 2434 profuit,
525 2394 562 2422 et
594 2385 704 2422 illam
739 2386 1063 2423 mediocritatem
1096 2385 1266 2422 vivendo
1301 2394 1338 2422 et
1370 2397 1533 2432 progre-

218 2443 365 2480 diendo
400 2443 497 2480 satis
521 2444 674 2489 docuit,
710 2454 747 2481 et
781 2444 1010 2493 specialiter
1034 2453 1075 2480 ut
1104 2443 1317 2492 presbiteri
1350 2443 1410 2479 sui
1434 2443 1535 2479 sicut

219 2501 395 2549 apostoli
429 2502 506 2538 hoc
543 2512 745 2539 notarent.
782 2504 860 2539 Sed
893 2503 984 2551 quis
1017 2511 1076 2538 est
1108 2502 1147 2538 in
1180 2502 1257 2538 hoc
1282 2500 1535 2538 ordinacioni

219 2570 255 2596 et
301 2559 590 2608 exemplacioni
625 2560 773 2596 Christi
820 2561 946 2609 magis
986 2559 1210 2597 contrarius
1255 2572 1376 2607 quarn
1418 2571 1533 2607 papa,

159 2636 203 2667 40
220 2617 401 2666 episcopi
435 2627 472 2654 et
505 2617 572 2654 alii
606 2618 748 2665 prelati
783 2619 948 2655 ecclesie
982 2619 1069 2666 plus
1104 2617 1267 2654 excelsi?
1308 2619 1399 2653 Ideo
1435 2617 1535 2653 sicut

289 2714 308 2733 ι.
321 2706 359 2733 13:
375 2707 503 2741 erigere.
579 2714 602 2732 ε».
615 2705 636 2732 Β
653 2707 683 2733 in
698 2715 797 2741 marg.
811 2716 817 2733 :
835 2707 950 2735 Divicie
965 2707 1148 2734 difficultant
1162 2707 1208 2733 via
1223 2704 1254 2741 (l)
1269 2705 1394 2740 sequele
1411 2704 1535 2731 Christi.

216 2741 242 2769 3.
262 2743 307 2768 A:
329 2741 413 2777 Quid
433 2749 520 2776 rogo.
595 2742 623 2769 6.
639 2742 668 2768 A
687 2741 719 2768 in
740 2750 855 2776 marga
878 2750 905 2773 1;
926 2742 968 2769 ib.
988 2743 1033 2769 vel
1056 2742 1113 2769 erit
1133 2741 1211 2768 talis.
1285 2749 1311 2776 7.
1328 2740 1400 2767 Ain
1417 2747 1536 2773 marga

216 2783 242 2802 2.
261 2775 352 2803 Nota.
425 2784 464 2804 21.
487 2777 532 2804 A:
554 2776 716 2811 longevior
735 2781 794 2811 est3
815 2777 856 2804 ib.
877 2777 922 2804 A:
944 2777 1124 2812 potentibus
1144 2776 1238 2803 deest.
1319 2783 1363 2801 22.
1383 2776 1427 2802 A:
1449 2774 1536 2801 suffi-

216 2811 256 2838 cit
275 2811 392 2846 aliquid
412 2812 487 2838 Deo.
560 2819 608 2844 24.
628 2811 674 2838 A:
695 2811 826 2839 omisso.
900 2814 945 2838 26.
968 2813 1012 2839 A:
1034 2819 1218 2847 pauperum.
1291 2810 1337 2838 28.
1377 2810 1417 2836 ss:
1438 2817 1536 2844 quan-

217 2846 427 2917 tpiirgisbyoegm.
450 2845 490 2874 C:
510 2854 630 2881 expars.
703 2846 750 2880 34.
771 2847 816 2874 A:
837 2847 894 2874 ista
915 2848 1088 2874 medietate.
1161 2846 1208 2881 39.
1229 2846 1271 2873 A:
1295 2853 1391 2880 pape;
1420 2845 1465 2872 A:
1488 2844 1536 2871 alii
