2017 3353
305 272 440 300 semu>
457 261 594 319 xxxn]
812 275 951 306 PRIMA
979 275 1104 307 PARS.

757 393 954 433 SERMO
986 393 1156 433 XXXII.

362 498 463 533 Erat
505 499 617 534 homo
657 510 708 534 ex
742 499 938 548 phariseis
977 499 1212 535 Nicodamus
1251 500 1401 536 mmzine
1436 500 1619 549 princeps

300 556 524 592 ιΙιιᾶοονιιηι.
558 556 645 592 Joh.
680 558 763 602 1110,
806 570 836 592 1.

361 613 464 659 Quia
480 613 576 650 fides
590 613 798 650 Trinitatis
823 623 880 651 est
903 615 1209 651 fundamentum
1228 615 1410 651 fidelihus
1427 615 1616 663 quicquid

269 671 446 708 5viando
480 671 735 718 crediderint,
769 672 859 709 ideo
893 673 968 708 hoc
1002 673 1307 709 fundamentum
1344 682 1400 709 est
1435 673 1618 709 fidelihus

301 729 507 766 sollercius
540 731 842 767 attendendum.
888 731 965 767 Sed
1005 730 1099 778 quia
1144 730 1217 767 iste
1249 731 1493 767 Nicodemus
1527 731 1618 768 licet

300 786 418 823 fuerit
443 787 650 835 phariseus
672 800 715 824 ex
738 788 900 837 speciali
925 788 1145 826 dileccione
1169 798 1361 837 purgatus
1386 799 1442 826 est
1467 803 1489 826 a
1513 789 1619 825 rudi-

302 854 436 881 mento
459 845 638 893 perfidie,
656 859 902 894 cognoscens
917 846 957 883 in
973 846 1093 895 signis
1117 847 1260 896 quibus
1284 856 1445 895 aptatur
1468 847 1619 884 noticia

299 902 507 940 Trinitatis
532 905 658 940 multa
674 904 765 941 fidei
782 904 997 941 christiane
1014 905 1204 951 misteria,
1221 905 1324 942 inter
1342 919 1417 954 que
1434 905 1619 954 cognovit

246 974 283 996 10
299 963 468 998 obscure
500 962 806 999 fundamentum
843 962 934 1000 fidei
969 965 1016 1000 de
1040 963 1249 1000 Trinitatis
1283 963 1482 1010 misteri03
1528 964 1618 1000 ideo

299 1019 499 1056 ordinavit
532 1020 700 1057 ecclesia
744 1022 852 1069 quod
898 1022 973 1058 hoc
1019 1022 1268 1069 evangelium
1315 1024 1362 1059 de
1395 1022 1617 1059 Nicodemo

298 1077 586 1126 sollempnitati
621 1078 736 1115 huius
769 1079 923 1116 servicii
958 1088 1176 1127 aptaretur.

356 1135 461 1172 Dicit
506 1149 599 1184 ergo
634 1137 880 1185 evangelium
927 1139 1034 1186 quod
1070 1138 1319 1182 Nz'codemus,
1364 1138 1456 1175 licet
1501 1138 1617 1175 fuerit

299 1193 505 1242 phariseus
539 1194 605 1243 qui
651 1207 694 1231 ex
733 1195 876 1232 maiori
922 1205 1035 1244 parte
1074 1196 1234 1233 Christo
1285 1196 1615 1237 discrediderant,

246 1252 398 1288 152'enl't
429 1253 480 1288 ad
510 1253 638 1289 Jesum
672 1261 792 1301 nocte,
825 1255 933 1302 quod
965 1253 1075 1290 novit
1109 1254 1313 1291 humiliter
1347 1254 1541 1291 confitens
1574 1264 1617 1291 ut

298 1323 320 1346 a
352 1310 460 1347 fonte
495 1310 695 1358 sapiencie
719 1312 895 1348 archana
927 1312 1043 1360 plura
1068 1321 1345 1360 cognosceret3
1378 1325 1452 1349 nec
1485 1313 1613 1349 solum

297 1367 426 1416 signat
470 1369 662 1405 adventus
707 1369 766 1405 sui
810 1369 850 1406 in
893 1378 1011 1406 nocte
1055 1370 1371 1419 occupacionem
1417 1384 1530 1408 suam
1577 1371 1616 1408 in

298 1425 470 1462 tenebris
494 1426 738 1474 ignorancie,
763 1428 831 1464 sed
856 1427 1043 1464 timorem
1078 1441 1197 1477 quem
1222 1428 1361 1466 habuit
1386 1429 1433 1465 de
1465 1429 1615 1466 noticia

298 1484 625 1521 communicandi
659 1498 749 1521 cum
776 1485 950 1532 Christo,
986 1499 1075 1523 cum
1100 1487 1275 1535 pharisei
1309 1487 1447 1524 exhinc
1469 1488 1616 1524 Judeos

241 1554 282 1576 20
297 1551 406 1579 extra
437 1556 681 1591 synagogam
707 1545 939 1591 expulerant
975 1542 1036 1596 (ut
1070 1554 1180 1593 patet
1201 1547 1289 1582 Joh.
1324 1547 1410 1590 1X0)
1444 1555 1481 1582 et
1514 1545 1617 1582 into-

296 1600 501 1637 lerabilem
553 1600 877 1649 indignacionem
929 1602 1150 1640 incurreret
1196 1605 1243 1640 de
1293 1603 1373 1640 suis
1425 1603 1616 1640 fratribus

296 1658 573 1707 multipliciter
606 1660 900 1697 molestantem.
956 1662 1033 1697 Sed
1067 1661 1192 1698 tercio
1225 1663 1418 1698 adventus
1451 1675 1544 1698 suus
1576 1661 1616 1698 in

295 1717 424 1753 noctis
462 1718 627 1754 tenebra
665 1717 795 1766 signat
832 1720 1016 1756 naturale
1057 1719 1299 1757 desiderium
1341 1721 1390 1757 ad
1424 1720 1616 1756 articulos

296 1775 388 1811 fidei
420 1774 586 1811 ulterius
622 1778 959 1823 cognoscendum.
996 1777 1106 1814 Licet
1139 1777 1243 1814 enim
1278 1778 1397 1815 fuerit
1429 1778 1616 1826 princeps

238 1833 511 1869 25Judeorum
552 1842 589 1869 et
622 1846 692 1882 per
726 1847 973 1883 consequens
1006 1835 1109 1872 inter
1147 1836 1353 1884 phariseos
1386 1836 1614 1885 precipuus,

293 1891 422 1927 noluit
466 1900 601 1928 tamen
641 1892 973 1929 communitatem
1021 1894 1236 1940 offendere,
1283 1907 1373 1930 cum
1418 1894 1502 1931 sine
1546 1894 1615 1931 tali

295 1949 515 1986 offensione
554 1949 685 1998 potuit
723 1949 917 1987 noticiam
958 1951 1049 1987 fidei
1090 1952 1358 1989 desideratam
1392 1952 1613 2001 acquirere.

296 2007 398 2053 Quia
432 2020 525 2055 ergo
559 2007 763 2044 humiliter
795 2009 997 2045 confessus
1038 2018 1093 2046 est
1127 2010 1274 2047 Christi
1308 2010 1614 2057 humanitatem,

296 2067 390 2101 dum
424 2065 479 2102 sic
513 2065 641 2114 aperit
673 2065 756 2102 sine
790 2066 954 2104 ficticia:
998 2068 1148 2104 Scimus
1180 2069 1264 2118 quia
1304 2082 1325 2104 α
1360 2070 1443 2105 Deo
1483 2069 1618 2105 venisti

239 2124 280 2156 ‘30
296 2124 498 2174 magister,
549 2133 685 2161 tamen
729 2124 811 2160 eius
857 2124 1106 2162 divinitatem
1153 2126 1340 2174 ignorans
1386 2126 1531 2163 meruit
1576 2127 1615 2163 in

295 2181 380 2230 ipsa
414 2191 450 2218 et
484 2181 570 2218 aliis
605 2182 746 2218 instrui
780 2191 821 2218 ut
856 2182 995 2220 fidelis.
1043 2184 1178 2229 Nemo,
1218 2184 1359 2233 inquit,
1388 2193 1515 2234 potest
1548 2186 1615 2221 lzec

295 2241 407 2290 signa
442 2241 584 2289 facere
616 2253 685 2289 que
718 2249 756 2276 tzt
793 2242 902 2290 sacis
935 2242 1008 2277 nisi
1040 2243 1170 2291 fuerit
1203 2244 1309 2279 Deus
1341 2255 1425 2279 cum
1465 2256 1518 2279 eo.
1574 2246 1614 2279 ln

299 2298 442 2346 quibus
481 2298 611 2334 verbis
656 2298 751 2335 satis
797 2298 1032 2347 exprimitur
1066 2300 1213 2337 Christi
1259 2301 1500 2343 humanitas,
1546 2303 1613 2337 sed

296 2356 401 2392 ultra
434 2355 533 2392 alios
558 2356 739 2393 homines
765 2370 807 2393 ex
831 2358 1063 2405 precellenti
1079 2358 1241 2395 Domini
1271 2359 1405 2407 gracia
1430 2360 1612 2396 exaltata.

240 2413 279 2446 35
296 2416 424 2450 Nemo
450 2413 554 2450 enim
580 2427 601 2450 a
624 2416 708 2451 Deo
733 2415 904 2451 mittitur
927 2424 1135 2465 tamquam
1162 2417 1350 2465 magister
1374 2417 1614 2454 miraculose

296 2484 476 2508 reserans
509 2480 567 2508 tot
599 2474 774 2510 archana
806 2473 881 2510 nisi
914 2474 1032 2510 fuerit
1055 2476 1253 2523 propheta
1277 2475 1442 2512 eximius
1476 2484 1512 2512 et
1545 2487 1615 2523 per

366 2591 390 2609 2.
413 2583 436 2609 C
457 2583 485 2609 in
508 2590 621 2618 marg:
643 2583 805 2611 Trinitatis
826 2586 919 2615 sesto:
947 2586 986 2612 ih.
1009 2587 1052 2613 A:
1075 2586 1298 2613 Nichodemus.
1372 2594 1397 2616 2.
1419 2585 1443 2613 3.
1465 2587 1508 2613 A:
1532 2586 1614 2624 prin-

297 2626 369 2652 ceps
388 2617 555 2644 Jndeorum
578 2617 670 2645 deest.
756 2618 781 2646 3.
803 2620 847 2646 A:
867 2620 934 2646 Joh.
958 2621 1036 2648 XIII.
1121 2630 1150 2654 4ι..
1172 2621 1215 2648 A:
1237 2621 1379 2648 fidelibus
1400 2621 1512 2648 viando
1534 2621 1612 2647 1dc0.

298 2661 322 2686 7.
344 2653 388 2679 A:
410 2652 578 2687 spirituali:
609 2652 647 2679 ib.
678 2658 817 2687 iurgatus
838 2654 930 2681 deest.
1006 2656 1031 2681 N.
1054 2656 1096 2682 A:
1120 2655 1244 2690 perlidie
1265 2655 1358 2682 deest.
1435 2664 1470 2682 11.
1492 2656 1534 2682 A:
1557 2655 1613 2681 hoc

298 2687 390 2713 deest.
478 2685 514 2713 13.
536 2688 579 2713 A:
602 2662 683 2722 quod
704 2686 894 2716 Nicodemus
915 2690 1007 2716 deest.
1096 2698 1135 2723 ιι.
1159 2690 1198 2717 C:
1222 2690 1346 2717 Christi.
1431 2690 1471 2717 υἱ.
1494 2691 1536 2716 A:
1560 2698 1613 2716 nec

299 2722 444 2748 seculum.
502 2721 541 2747 18.
557 2722 601 2748 A:
624 2722 772 2749 habuerit.
828 2731 870 2750 22.
893 2723 933 2751 C:
956 2725 1075 2755 multis:
1098 2724 1136 2751 ib.
1155 2725 1175 2751 l’›
1197 2725 1224 2751 in
1248 2733 1362 2760 marg:
1383 2724 1509 2759 Triplex
1532 2724 1613 2751 racio

298 2764 391 2783 tnarc
412 2756 447 2782 ad
469 2755 572 2783 Jesum
594 2756 784 2784 Nicodemus
805 2758 886 2785 venit
907 2764 1003 2786 nocte.
1061 2767 1106 2793 21,
1129 2759 1168 2786 C:
1190 2759 1257 2786 {idei
1281 2759 1373 2786 deest.
1435 2759 1478 2787 25.
1500 2758 1545 2785 2⁴3.
1568 2760 1611 2785 A:

297 2765 464 2817 Jludeorum
486 2807 518 2809 —
539 2791 602 2817 sine
623 2791 672 2817 tali
696 2792 788 2818 deest.
879 2800 922 2828 27.
944 2795 972 2820 A
993 2794 1020 2820 in
1044 2802 1157 2828 marga
1178 2793 1202 2820 3.
1301 2802 1347 2829 2¹)-
1370 2793 1414 2820 30.
1436 2794 1479 2820 A:
1504 2793 1611 2820 xenisti

300 2826 444 2860 magister
465 2825 564 2857 deest:
587 2825 614 2852 in
638 2826 704 2852 cod.
727 2831 781 2853 etc.
855 2826 898 2854 32.
919 2829 963 2855 A:
985 2829 1082 2855 facere
1102 2845 1134 2847 —
1155 2837 1190 2855 co
1212 2828 1304 2855 deest.
1328 2829 1359 2855 In
1382 2828 1449 2855 cod.
1471 2833 1524 2855 etc.

370 2907 398 2928 2.
425 2896 476 2929 Cf.
497 2895 662 2940 Wyclif's
689 2898 854 2929 Sermons
881 2900 935 2931 ed.
962 2899 1005 2943 by
1035 2901 1166 2932 Arnold
1196 2901 1218 2939 1,
1252 2899 1324 2934 158.

1829 272 1904 307 215

1686 626 1770 661 why
1792 625 1852 652 this

1687 661 1804 695 history
1826 660 1851 687 is

1652 695 1818 730 appointed
1841 695 1887 722 for

1646 730 1694 757 Ille
1716 730 1829 771 Gospel
1852 739 1890 757 on

1633 764 1755 801 Trinity
1771 765 1908 801 bunday.

1726 1136 1811 1163 ΧΥΙιν

1674 1168 1865 1199 Nicode'nms

1635 1215 1720 1234 carne
1743 1207 1780 1242 by
1803 1208 1898 1242 night.
