2017 3353
780 292 1002 330 JOHANNIs
1022 298 1206 330 WYCLIF
1226 299 1481 332 SERMONUM
1549 286 1698 343 [SERMO
1720 298 1798 325 XLI-

481 401 605 438 cionis
638 403 755 440 faciet
787 403 861 439 sibi
894 403 1046 440 amicos
1079 406 1127 440 ad
1167 404 1454 441 beatitudinem
1495 406 1795 454 acquirendam.

479 461 572 496 Vult
606 460 708 497 enim
744 463 849 497 Deus
888 474 930 498 ex
971 461 1148 498 bonitate
1187 476 1257 499 sua
1290 462 1485 499 immensa
1518 473 1695 512 prestare
1729 466 1798 500 do-

463 518 597 564 ⁴minis
631 519 752 555 seculi
787 519 869 556 eius
901 519 1059 556 vicariis
1092 529 1269 557 terrenas
1310 520 1472 557 divicias
1513 531 1549 558 et
1587 522 1798 558 licenciare

217 582 285 609 (jod
307 582 391 617 gives
411 587 441 609 to

220 618 338 645 secular
358 617 442 644 lords

218 653 267 679 the
289 661 393 687 power
413 653 447 679 of

214 688 335 723 dealing
355 688 383 714 in
406 688 441 714 all

199 723 260 759 just
280 732 364 759 ways
384 724 456 751 with

275 759 382 786 riclies.

189 1576 278 1602 Alms
300 1574 408 1602 should
429 1575 464 1601 be

243 1630 262 1649 1.
285 1622 357 1661 git'ts
378 1626 407 1648 to

258 1661 394 1691 captives

210 1692 379 1727 tinclnding
397 1691 447 1718 the

191 1728 254 1755 sick
278 1727 336 1754 and
365 1728 464 1762 poor),

239 1782 264 1801 2.
286 1775 361 1801 dues
381 1778 411 1800 to

265 1815 395 1843 curates,

201 1856 225 1885 3.
248 1858 295 1884 foi·
315 1856 454 1890 building

243 1892 333 1919 roads
355 1891 413 1918 and

247 1927 406 1954 clmrclieS.

480 589 548 613 eos
593 579 641 613 ad
687 577 993 625 quomodolibet
1026 577 1126 614 iuste
1158 592 1231 626 pro
1264 578 1435 615 utilitate
1475 592 1613 615 eorum
1649 589 1684 616 et
1717 593 1798 616 non

482 635 643 671 Domini
672 638 1002 681 consumendum,
1037 645 1078 671 ut
1111 636 1199 672 illos
1222 636 1406 673 licenciat
1439 639 1489 673 ad
1523 640 1796 684 cremandum,
1816 642 1832 675 5

481 693 570 730 illos
603 702 735 730 autem
771 695 820 730 ad
854 693 1018 742 provide
1052 695 1226 730 dandum
1274 704 1310 731 et
1354 694 1443 731 illos
1488 697 1537 732 ad
1580 697 1683 732 bona
1727 695 1798 732 Dei

482 753 530 789 ab
564 751 708 788 iniuste
741 751 1010 788 detinentibus
1044 751 1248 789 caritative
1271 752 1542 800 spoliandum,
1568 753 1661 802 quia
1684 754 1799 790 aliter

482 822 689 846 mammon
721 809 760 845 in
794 810 901 846 clero
940 809 1216 846 dominaretur
1259 810 1342 847 sine
1387 811 1565 848 remedio
1611 812 1798 848 ordinato

481 881 550 916 per
583 867 785 905 Christum
820 869 869 904 ad
902 867 1089 904 iniuriam
1129 881 1172 904 ex
1212 868 1294 904 eius
1338 868 1484 906 iniusta
1527 869 1799 918 occupacione

480 925 763 974 temporalium
797 925 1095 962 vindicandum.
1130 926 1236 962 Olim
1277 926 1381 963 enim
1422 936 1603 975 tempore
1636 929 1798 964 Macha-
1819 942 1856 964 10

480 985 646 1020 beorum
680 984 839 1020 fuerunt
870 983 1033 1032 gloriosi
1068 993 1272 1032 martyres,
1307 984 1399 1033 quia
1430 986 1643 1022 noluerunt
1667 999 1799 1022 come-

480 1043 572 1078 dere
597 1055 735 1078 carnes
758 1041 894 1078 suillas
917 1044 975 1090 (ut
999 1051 1107 1090 patet
1133 1053 1153 1078 2
1179 1043 1493 1079 Machabeorum
1509 1045 1631 1091 V110);
1648 1053 1798 1092 quanto

481 1100 605 1148 magis
649 1099 800 1136 subiret
844 1101 1031 1137 sacerdos
1071 1100 1217 1137 Christi
1268 1101 1505 1148 martyrium
1551 1102 1799 1138 defendendo

480 1157 626 1194 Christi
649 1157 882 1206 pauperiem
916 1167 952 1195 et
985 1157 1335 1195 renunciacionem
1371 1159 1668 1207 temporalium,
1710 1173 1798 1196 cum

478 1216 552 1253 ista
586 1229 705 1253 causa
736 1215 785 1252 sit
816 1217 934 1264 longe
977 1216 1239 1264 sollempnior
1278 1226 1314 1253 et
1346 1217 1579 1254 Antichristi
1623 1217 1801 1266 imperti-
1822 1221 1857 1253 15

478 1274 619 1311 nencia
652 1273 892 1310 defensionis
925 1287 1062 1311 eorum
1097 1283 1237 1311 contra
1270 1274 1417 1311 Christi
1455 1275 1698 1312 sentenciam
1744 1275 1801 1312 in-

479 1332 690 1369 duracior?
723 1334 770 1368 Et
803 1341 938 1369 tamen
970 1342 1125 1381 partem
1153 1332 1387 1369 Antichristi
1424 1342 1558 1370 tenent
1590 1334 1731 1370 fratres
1765 1343 1801 1370 et

480 1390 608 1427 maior
640 1403 732 1438 pars
766 1390 859 1426 cleri
893 1390 1159 1427 concorditer.
1193 1393 1274 1427 Nec
1305 1391 1469 1427 dubium
1511 1391 1606 1440 quin
1647 1391 1877 1450 1101111111Ρ01

478 1449 676 1484 seculares
710 1448 981 1494 consenciunt,
1016 1448 1109 1497 quia
1138 1445 1142 1501 Ι
1172 1449 1389 1485 defendunt
1421 1449 1633 1486 addicione
1657 1459 1693 1486 et
1717 1463 1799 1486 ma-
1821 1443 1899 1507 172}

478 1506 718 1543 nutencione
753 1519 890 1542 eorum
925 1519 1000 1555 que
1034 1515 1217 1554 parentes
1252 1520 1390 1543 eorum
1425 1516 1564 1544 contra
1588 1507 1797 1544 consilium
1816 1521 1857 1543 20

480 1564 626 1601 Christi
660 1577 751 1600 cece
783 1573 1134 1612 presumpserant3
1169 1573 1205 1601 et
1235 1564 1275 1600 in
1308 1564 1383 1601 isto
1408 1578 1602 1601 consensu
1626 1565 1801 1601 inficitur

479 1631 586 1659 totus
620 1623 805 1659 mundus,
847 1621 912 1659 Sic
951 1635 1044 1670 ergo
1084 1622 1123 1658 in
1164 1622 1331 1659 dacione
1378 1623 1544 1671 triplicis
1585 1623 1800 1660 elemosine

481 1680 661 1717 consistit
694 1679 811 1716 activi
845 1679 1023 1727 largicio,
1057 1680 1188 1728 primo
1222 1679 1261 1716 in
1295 1682 1427 1717 dando
1462 1681 1627 1729 captivis
1651 1681 1799 1718 Christi

481 1748 522 1774 ut
555 1738 811 1786 pauperibus,
852 1737 966 1783 cecis,
1013 1738 1164 1775 claudis
1212 1747 1331 1787 atque
1370 1739 1578 1781 debilibus,
1625 1740 1800 1776 secundo

480 1796 520 1832 in
554 1797 687 1833 dando
721 1795 867 1833 curatis
907 1795 1082 1833 decimas
1121 1805 1157 1832 et
1196 1796 1425 1833 oblaciones
1464 1806 1506 1833 ut
1550 1798 1654 1845 leges
1699 1797 1801 1833 limi-
1818 1800 1856 1832 25

481 1863 578 1899 tant,
620 1864 655 1890 et
695 1854 819 1891 tercio
853 1853 891 1889 in
926 1855 1058 1890 dando
1113 1868 1185 1902 pro
1231 1854 1432 1902 pontibus,
1472 1869 1545 1903 pro
1584 1855 1719 1892 stratis
1765 1865 1801 1892 et

481 1912 654 1949 basilicis
695 1912 972 1948 construendis
1012 1914 1189 1949 cavendo
1221 1925 1378 1960 semper
1412 1914 1458 1949 de
1488 1913 1594 1949 falsis
1629 1915 1801 1961 prophe-

480 1970 529 2006 tis
563 1980 599 2007 et
631 1970 718 2006 aliis
751 1970 936 2006 inanibus
968 1970 1096 2006 verbis
1129 1970 1410 2007 seducentibus
1444 1980 1481 2007 et
1514 1980 1607 2007 tunc
1628 1980 1801 2008 meretur

481 2028 556 2064 ista
589 2028 717 2065 activa
749 2028 829 2064 vita
863 2037 996 2064 eterna
1032 2029 1303 2065 tabernacula.

539 2088 587 2122 Et
619 2095 715 2123 nota
748 2087 855 2135 quod
889 2087 1018 2122 solum
1053 2088 1152 2122 duos
1184 2095 1362 2122 tenentes
1394 2087 1592 2123 allocutus
1638 2095 1693 2123 est
1738 2086 1801 2123 hic
1819 2089 1859 2121 30

481 2144 647 2190 villicus,
684 2145 734 2180 ad
767 2145 1039 2180 denotandum
1075 2146 1182 2192 quod
1215 2145 1342 2180 solum
1369 2145 1466 2180 duas
1489 2154 1623 2192 gentes
1646 2144 1801 2181 vocavit

483 2201 692 2247 Dominus,
712 2201 863 2238 scilicet
878 2211 1035 2250 gentem
1051 2202 1237 2250 gentilem
1256 2211 1374 2250 atque
1388 2202 1616 2248 Judaicam;
1636 2202 1800 2250 gentiles

483 2269 616 2296 autem
632 2259 788 2296 vocavit
810 2259 849 2296 in
872 2261 1022 2296 clerum
1041 2260 1184 2308 quibus
1206 2259 1373 2295 iniunxit
1399 2260 1668 2307 penitenciam
1686 2260 1799 2309 quin-

483 2317 769 2365 quagenariam
795 2327 830 2354 et
853 2317 1031 2366 precepit
1054 2328 1095 2354 ut
1118 2317 1196 2354 cito
1217 2317 1406 2353 scriberet
1430 2318 1685 2354 medietatem
1710 2331 1799 2366 pos-

482 2375 703 2411 sessionum
728 2388 889 2412 suarum
914 2375 1080 2412 divisam
1105 2388 1177 2423 pro
1201 2384 1307 2411 sorte
1326 2375 1487 2411 Domini
1510 2385 1546 2412 et
1569 2385 1799 2412 constanter
1816 2378 1855 2411 35

482 2432 629 2469 viveret
659 2432 697 2468 in
726 2433 917 2481 pauperie
941 2433 1101 2470 Christi.
1130 2435 1275 2469 Judeos
1305 2442 1438 2469 autem
1464 2433 1641 2481 precepit
1669 2433 1798 2470 vivere

483 2490 523 2526 in
538 2503 639 2539 pane
656 2490 835 2538 decalogi
851 2491 889 2526 in
906 2491 1164 2539 octogenario
1180 2491 1270 2527 novi
1288 2491 1527 2527 testamenti.
1540 2494 1587 2527 Et
1604 2493 1674 2528 hec
1690 2491 1799 2528 racio

483 2561 605 2596 quare
629 2548 760 2596 primo
785 2548 937 2585 remisit
961 2549 1249 2597 quinquaginta
1275 2558 1311 2585 et
1334 2551 1509 2585 secundo
1533 2549 1681 2597 viginti.

540 2609 587 2642 Et
621 2606 839 2643 consimilis
880 2616 935 2642 est
974 2606 1203 2643 notabilitas
1244 2607 1283 2642 in
1317 2607 1495 2655 quolibet
1528 2609 1648 2643 verbo
1683 2620 1798 2643 evan-

483 2664 586 2712 gelii.
621 2666 696 2701 Sed
730 2663 901 2701 obicitur
934 2665 1041 2712 quod
1067 2666 1172 2701 Beda
1201 2678 1319 2713 super
1342 2664 1417 2701 isto
1441 2665 1530 2701 loco
1564 2664 1659 2701 dicit
1692 2666 1797 2713 quod
1814 2675 1856 2706 40

553 2794 577 2813 2.
600 2786 639 2813 C:
662 2786 777 2813 Voluit.
857 2785 884 2813 6.
908 2786 971 2813 BC:
995 2790 1094 2812 antem
1118 2786 1210 2813 deest.
1294 2795 1325 2813 11.
1349 2786 1413 2813 BC:
1436 2786 1505 2821 quia
1527 2787 1619 2813 deest.
1695 2794 1730 2813 12.
1752 2787 1796 2813 A:

484 2821 539 2847 vil
556 2821 649 2847 deest.
690 2822 784 2854 1413:
807 2821 1050 2848 renunciacione.
1091 2821 1125 2848 15.
1144 2823 1186 2848 A:
1209 2821 1430 2848 Antichristus.
1469 2829 1506 2848 21.
1523 2822 1566 2848 A:
1590 2821 1704 2847 Christi
1720 2829 1796 2847 cccc.

484 2863 527 2882 22.
549 2856 575 2883 A
597 2856 625 2882 in
648 2864 761 2891 marg:
783 2856 826 2883 De
846 2855 1022 2882 elemosina.
1105 2855 1146 2882 23.
1169 2857 1195 2882 A
1218 2856 1246 2882 in
1269 2864 1381 2890 marg:
1405 2864 1425 2882 1.
1511 2864 1555 2886 24·
1578 2856 1621 2882 A:
1644 2860 1674 2882 ut
1696 2856 1797 2882 deest:

485 2890 523 2916 ib.
540 2891 565 2916 Α
588 2890 616 2916 111
639 2899 751 2924 marg:
774 2898 799 2917 2.
884 2890 930 2916 20.
952 2891 979 2916 A
1001 2890 1029 2916 in
1052 2898 1164 2923 marg:
1186 2890 1210 2917 3.
1298 2889 1418 2919 ’ἕο-30.
1441 2891 1484 2916 A:
1506 2890 1543 2917 Et
1564 2895 1635 2916 nota
1655 2906 1687 2908 —
1708 2898 1797 2916 evan-

485 2925 551 2957 gelii
574 2925 666 2951 deest.
750 2934 799 2957 40.
816 2926 843 2952 Α
866 2925 893 2951 111
918 2933 1029 2959 marg:
1053 2924 1199 2951 Obie-ecio
1221 2924 1346 2959 triplex3
1369 2922 1409 2951 ib.
1427 2925 1448 2951 B
1469 2925 1497 2951 in
1521 2932 1633 2959 marg:
1657 2924 1796 2958 Questio.
