2017 3353
280 274 416 303 SERMO
431 263 572 321 xxxv]
789 278 931 310 PRIMA
958 278 1084 310 PARS.

280 382 546 420 Antichristus
584 382 779 431 pessimus
824 383 1144 421 excommunicat
1189 397 1229 420 se
1274 384 1404 432 ipsum
1447 394 1483 422 et
1523 398 1593 422 sua

280 440 648 478 excommunicacio
687 450 744 477 est
782 440 1043 489 impertinens
1082 444 1132 479 ad
1178 442 1327 479 directe
1372 444 1592 491 dampnum

278 500 338 536 vel
370 499 602 536 scandalum
638 498 752 535 alteri
784 499 1048 536 inferendum.

1801 273 1880 320 239

1669 394 1749 422 Such
1771 402 1820 422 are

1685 429 1809 457 invalid.

335 558 520 594 Secundo
554 557 761 593 dubitatur
799 559 848 594 ad
888 558 983 606 quid
1016 557 1197 595 Christus
1229 558 1354 595 voluit
1391 558 1593 596 incarnari
1607 567 1692 604 Why
1708 568 1812 596 Christ
1829 569 1880 596 did

244 617 314 652 5et
357 624 439 652 tam
485 615 637 652 diutine
681 617 731 652 ad
770 615 1050 652 redimendum
1089 629 1211 664 genus
1252 616 1460 653 hominum
1506 630 1592 654 cru-

276 673 386 720 ciari,
421 686 511 710 cum
533 675 641 710 nudo
664 675 786 710 verbo
818 683 953 722 posset
985 687 1108 722 genus
1142 676 1362 712 humanum
1396 675 1593 712 redimere

276 741 312 768 et
346 731 596 769 meliorando
620 731 823 768 hominem
849 744 895 769 ac
917 732 1091 769 iuvando
1115 732 1245 781 ipsum
1270 735 1593 783 quandocunque

275 799 480 838 oporteret
513 789 669 826 brevius
692 802 738 826 ac
762 789 904 827 melius
933 790 1110 840 undique
1133 791 1276 838 facere,
1311 800 1347 828 et
1380 792 1436 828 sic
1469 805 1592 841 quare

274 861 356 885 non
408 847 662 885 confirmavit
713 847 920 885 hominem
973 858 1063 897 post
1107 858 1261 886 tantam
1308 851 1507 887 morulam
1552 850 1592 887 in

220 917 260 940 10
275 915 382 943 statu
419 905 667 951 innocencie,
713 915 756 942 ut
795 906 1048 944 confirmavit
1086 908 1285 956 angelum.
1332 909 1445 946 Tunc
1485 908 1590 945 enim

274 965 432 1002 exclusa
462 964 600 1001 fuisset
631 973 716 1002 tota
748 964 824 1001 ista
856 964 1030 1002 miseria.

332 1025 374 1060 In
405 1021 491 1059 istis
523 1024 741 1060 tenendum
775 1031 833 1060 est
866 1032 908 1059 ut
942 1023 1039 1060 fides
1072 1025 1180 1073 quod
1213 1023 1394 1073 oportuit
1425 1026 1591 1061 verbum

274 1080 437 1118 Domini
469 1080 684 1127 incarnari,
722 1094 817 1118 nam
856 1094 978 1130 genus
1017 1083 1237 1119 humanum
1277 1082 1455 1119 totaliter
1493 1082 1593 1120 citra

274 1139 478 1176 Christum
531 1141 752 1176 secundum
798 1141 927 1176 Adam
979 1140 1128 1177 factum
1183 1150 1241 1177 est
1292 1141 1493 1190 impotens
1545 1154 1591 1178 ac

220 1197 553 1246 15imperfectum
599 1199 650 1234 ad
694 1210 735 1234 se
773 1197 904 1246 ipsum
943 1199 1193 1235 salvandum.
1234 1201 1451 1246 Quomodo
1497 1212 1590 1248 ergo

271 1255 518 1293 satisfaceret
550 1264 716 1304 propter
753 1265 883 1292 totum
918 1269 1040 1305 genus
1074 1258 1321 1294 humanum?
1353 1259 1401 1294 Et
1439 1259 1587 1294 nedum

272 1323 438 1362 propter
470 1314 739 1351 salvacionem
773 1314 939 1351 humani
961 1315 1129 1363 generis,
1164 1317 1233 1352 sed
1265 1315 1391 1364 magis
1424 1325 1591 1364 propter

271 1372 565 1420 perfeccionem
598 1371 868 1409 universitatis
902 1381 939 1409 et
971 1373 1242 1410 ostensionem
1266 1373 1447 1422 graciose
1480 1384 1590 1423 pote-

269 1429 383 1467 statis
428 1430 558 1467 divine
602 1430 676 1467 fuit
719 1431 884 1467 verbum
925 1431 1088 1468 Domini
1131 1431 1398 1469 incarnatum.
1444 1434 1493 1468 Et
1536 1432 1591 1470 ita

215 1498 256 1520 20
270 1490 515 1525 credendum
539 1497 609 1535 est,
641 1502 731 1526 cum
764 1501 884 1526 omne
906 1489 1057 1526 factum
1081 1503 1197 1526 suum
1222 1490 1313 1527 fecit
1337 1492 1387 1527 ad
1410 1491 1589 1539 regulam

270 1548 379 1595 quod
421 1560 503 1584 non
540 1559 611 1596 per
649 1556 900 1584 momentum
938 1549 1000 1585 vel
1036 1547 1188 1585 instans
1228 1557 1408 1585 moratus
1439 1548 1512 1585 fuit
1551 1549 1590 1586 in

271 1604 406 1654 aliquo
438 1617 560 1654 opere
591 1605 725 1654 penali
756 1606 818 1643 vel
850 1605 1077 1643 delectabili
1115 1606 1192 1643 nisi
1225 1616 1391 1656 propter
1424 1620 1587 1644 causam

272 1663 535 1700 certissimam
575 1677 622 1701 ac
659 1663 942 1711 necessariam,
981 1664 1083 1701 sicut
1122 1674 1232 1713 patet
1274 1665 1503 1714 specialiter
1541 1667 1589 1702 de

270 1730 356 1758 toto
389 1730 571 1770 tempore
602 1721 795 1759 viacionis
828 1735 908 1759 sue.
949 1724 998 1759 Et
1030 1722 1086 1759 ita
1118 1723 1150 1759 si
1181 1725 1291 1760 nudo
1322 1725 1443 1760 verbo
1477 1726 1588 1760 rede-

215 1780 253 1812 25
272 1779 407 1816 misset
446 1780 665 1826 hominem,
706 1780 907 1817 medicina
945 1780 1236 1818 satisfaccionis
1280 1791 1472 1830 perpetue
1511 1795 1587 1831 que

270 1837 349 1874 iam
383 1838 546 1886 ponitur
580 1838 780 1884 defuisset,
822 1848 859 1875 et
891 1839 946 1875 ita
984 1839 1126 1876 melius
1159 1849 1216 1876 est
1249 1841 1358 1889 quod
1391 1841 1513 1877 homo
1547 1840 1587 1877 in

268 1896 520 1944 perfeccione
564 1906 738 1945 ponatur
783 1896 822 1933 in
866 1896 936 1933 tali
979 1899 1107 1945 gradu
1159 1907 1196 1934 et
1246 1907 1353 1935 statu
1406 1899 1585 1935 merendi

268 1967 389 2002 quam
427 1955 530 1991 foret
567 1954 652 2003 ipse
689 1967 809 2003 super
846 1956 1008 2004 angelos
1039 1956 1100 1992 vel
1133 1956 1337 1993 Christum
1371 1966 1585 2005 quantum-

267 2012 364 2049 libet
398 2013 610 2059 exaltatu53
644 2015 750 2050 unde
773 2013 954 2050 obiectus
988 2022 1045 2050 est
1078 2013 1301 2051 infidelium
1335 2014 1583 2063 ingratorum

211 2070 333 2119 30qui
379 2070 577 2108 diabolice
619 2084 700 2108 non
745 2080 1030 2109 contentantur
1073 2073 1121 2109 de
1166 2072 1238 2109 Dei
1289 2073 1583 2120 munificencia,

267 2130 422 2177 agendo
467 2129 541 2166 sibi
586 2129 740 2178 gracias
785 2143 858 2178 pro
896 2139 979 2167 tarn
1018 2139 1129 2179 grate
1168 2130 1283 2177 datis,
1330 2133 1438 2180 quod
1478 2145 1583 2168 mur—

268 2196 427 2224 murant
464 2188 525 2224 vel
564 2187 756 2224 musitant
795 2201 918 2237 quare
956 2202 1038 2225 non
1076 2189 1169 2226 fecit
1208 2189 1349 2226 melius
1384 2203 1473 2226 cum
1508 2191 1583 2226 hoc

266 2254 411 2293 posset.
447 2245 524 2294 Ipsi
558 2245 663 2282 enim
695 2246 877 2283 nesciunt
900 2246 931 2283 si
961 2247 1136 2295 pensatis
1159 2248 1346 2284 omnibus
1378 2248 1428 2284 sit
1461 2250 1582 2284 modo

267 2303 407 2340 melius
451 2317 572 2352 quarn
618 2305 719 2341 foret
764 2304 917 2341 homini
956 2307 1006 2342 ad
1046 2305 1339 2354 perfeccionem
1380 2306 1580 2354 duplicem

208 2362 248 2394 35
265 2362 450 2398 exaltato.
476 2363 568 2398 Ideo
591 2363 681 2399 loco
705 2362 935 2399 huiusmodi
959 2363 1215 2412 questionum
1239 2364 1394 2412 gracias
1417 2378 1582 2412 agamus

264 2420 348 2456 Deo
381 2419 449 2468 qui
481 2419 565 2456 sine
596 2429 735 2457 nostro
760 2421 903 2458 merito
925 2422 1041 2458 nobis
1063 2422 1211 2459 fecerat
1235 2431 1391 2459 tantum
1416 2424 1580 2467 bonum,

263 2490 353 2514 cum
399 2490 469 2526 per
507 2477 613 2514 idem
659 2478 691 2515 si
728 2481 833 2516 Deus
873 2479 1115 2528 duplicasset
1153 2480 1194 2517 in
1237 2480 1415 2517 bonitate
1454 2490 1580 2518 totam

261 2548 375 2572 suam
408 2535 604 2573 fabricam
637 2545 674 2573 et
707 2536 763 2574 sic
796 2537 837 2574 in
869 2537 1084 2585 infinitum,
1118 2551 1256 2587 ymmo
1295 2539 1327 2575 si
1361 2539 1581 2588 quamlibet

262 2602 488 2632 creaturam
503 2594 660 2631 fecisset
675 2607 814 2644 parem
832 2595 1031 2645 Lucifero,
1051 2597 1251 2634 volassent
1267 2605 1327 2634 tot
1350 2596 1580 2647 questiones

330 2739 354 2768 3.
375 2742 419 2769 A:
441 2740 531 2769 alicui
552 2740 757 2769 inferendum.
813 2752 842 2777 4.
858 2743 887 2770 A
906 2742 936 2771 iu
958 2751 1071 2783 marg:
1092 2743 1270 2772 Secundum
1293 2743 1432 2771 dubium.
1489 2751 1517 2775 ο.
1540 2741 1578 2771 B:

258 2776 473 2803 conformavit.
548 2785 588 2803 ιο.
610 2776 632 2803 Β
652 2776 681 2803 in
704 2785 816 2812 marg:
839 2778 942 2813 Quare
963 2778 1105 2806 Christus
1148 2779 1234 2806 ocius
1255 2779 1347 2806 verbo
1369 2787 1429 2806 nou
1451 2776 1579 2806 redemit

279 2819 355 2837 enus
382 2811 563 2841 humanum,
591 2819 660 2838 cum
688 2811 746 2838 hoc
768 2812 865 2847 potuit
886 2817 914 2840 et
934 2813 1054 2841 videtur
1076 2822 1122 2840 mc
1137 2814 1193 2840 ius.
1304 2821 1342 2841 12.
1364 2814 1392 2840 A
1412 2821 1441 2840 ln
1464 2822 1577 2840 marm:

258 2818 441 2880 ngesponsio.
518 2845 554 2873 13.
576 2846 620 2873 A:
641 2854 738 2881 genus
759 2846 932 2874 hominum.
1000 2856 1044 2883 27.
1066 2849 1110 2876 A:
1133 2847 1229 2883 gradu
1251 2848 1280 2874 in
1303 2852 1393 2875 statu.
1464 2848 1508 2875 28.
1531 2834 1576 2875 A:

257 2880 326 2915 ipso
341 2888 443 2916 super.
481 2880 526 2915 28,
548 2888 599 2920 ²92
616 2882 660 2908 A:
682 2881 849 2917 quamlibet
863 2883 1002 2909 exaltato.
1042 2881 1087 2917 34.
1109 2883 1153 2910 A:
1175 2882 1292 2910 homini
1314 2882 1408 2910 deest.
1440 2881 1488 2922 352
1504 2883 1576 2910 Ain

257 2923 371 2951 marg:
392 2915 473 2942 Nota
493 2916 666 2943 consilium.
722 2914 766 2944 38.
788 2916 855 2945 BC:
877 2917 920 2945 sic
939 2918 1102 2945 infinitum.
1159 2917 1206 2953 39.
1228 2918 1275 2945 A:
1296 2917 1371 2945 tales
1391 2923 1576 2953 questiones.

1609 607 1661 629 not
1685 608 1811 638 prevent
1835 604 1880 630 sin

1660 638 1833 677 insteadof
1849 673 1853 677 1

1608 674 1754 707 sullering
1778 677 1825 700 tor
1848 678 1879 700 it.

1607 1031 1674 1059 The
1685 1032 1879 1060 Incarnation

1625 1067 1680 1094 has
1701 1067 1860 1107 displayed

1657 1102 1707 1130 the
1727 1103 1829 1131 dlx-ine

1654 1145 1759 1173 power
1779 1138 1837 1165 and

1665 1174 1754 1200 made
1773 1173 1823 1200 the

1621 1207 1762 1235 universe
1783 1216 1868 1236 more

1680 1243 1804 1278 perfect.

1642 2078 1700 2107 &Vc
1722 2079 1831 2107 should

1643 2114 1733 2141 avoid
1755 2115 1828 2142 such

1629 2150 1803 2184 questionin
1830 2159 1842 2175 s

1599 2183 1658 2210 and
1686 2184 1779 2211 thank
1804 2158 1872 2211 god

1680 2219 1727 2245 for
1748 2219 1795 2246 his

1655 2254 1820 2288 goodncss.
