2017 3353
113 297 186 332 188
678 302 901 335 JOHANNIS
920 300 1102 333 wvctff
1121 299 1375 332 SERMONUM
1403 283 1552 341 [SERMO
1567 294 1705 322 xxvm.

393 412 443 447 ad
476 409 768 446 humanitatem
804 407 950 444 Christi
992 416 1028 444 et
1068 416 1219 444 ceteras
1253 413 1468 442 creaturas.
1516 403 1706 449 Quamvis

394 469 500 506 enim
535 467 682 504 Christi
722 466 951 503 humanitas
990 465 1039 501 sit
1079 466 1254 501 amanda
1293 472 1330 500 et
1369 461 1578 510 yperdulia
1611 463 1706 497 ado-

395 528 532 569 randa,
567 534 702 562 tamen
735 524 774 560 in
806 523 1022 561 omissione
1055 523 1202 559 amoris
1227 522 1298 558 Dei
1331 532 1449 568 super
1487 519 1708 568 quamlibet

107 580 618 642 leafficnssgffffldfflcreaturam
665 590 795 631 potest
840 594 951 618 error
996 581 1237 629 contingere.
1284 582 1331 615 Et
1375 578 1479 614 istud
1522 585 1708 613 notarent

122 649 356 688 ouraffeetions
395 642 461 691 qui
501 650 638 678 amant
678 649 715 677 et
754 641 925 677 adorant
964 638 1139 675 indebite
1178 637 1367 686 reliquias
1406 644 1636 672 sanctorum
1672 644 1708 671 et

163 693 201 711 ΟΠ
225 685 321 712 rehcs.
396 708 614 749 procurant
631 697 963 735 canonizaciones
979 710 1117 734 eorum
1142 710 1215 744 pro
1240 696 1455 732 commodo
1479 693 1705 741 temporali.

395 759 657 795 Attenderent
703 756 830 793 eciam
876 755 1000 791 nostri
1046 754 1179 791 clerici
1218 753 1376 802 copiam
1422 750 1706 800 temporalium

396 816 548 853 avidius
594 815 825 851 affectantes
870 814 1076 862 quomodo
1120 811 1312 860 apostolis
1357 819 1521 860 propter
1568 822 1706 845 eorum

396 873 655 911 affeccionem
685 874 735 909 ad
766 880 983 912 creaturas,
1018 883 1094 919 que
1127 870 1291 907 affeccio
1324 869 1363 905 in
1397 867 1706 916 comparacione

396 933 445 969 ad
485 944 662 968 errorem
704 929 932 967 affeccionis
972 941 1093 977 quam
1139 929 1332 965 habemus
1371 928 1419 963 ad
1467 924 1707 974 temporalia

396 999 453 1026 est
487 990 608 1035 nulla,
642 1002 722 1025 non
756 988 857 1024 foret
891 986 1062 1036 Spiritus
1097 989 1266 1023 Sanctus
1300 985 1456 1021 missus.
1492 984 1707 1029 Quomodo

396 1061 488 1095 ergo
521 1048 621 1084 foret
654 1046 730 1082 illis
764 1045 906 1082 missus
939 1044 1110 1093 Spiritus
1144 1046 1311 1080 Sanctus
1341 1042 1407 1091 qui
1431 1042 1469 1078 in
1493 1040 1708 1078 affeccione

395 1108 444 1143 ad
478 1104 716 1153 temporalia
749 1105 849 1140 adeo
883 1102 1200 1151 profundantur?
1235 1105 1281 1138 Et
1305 1110 1412 1150 patet
1445 1099 1553 1136 racio
1577 1099 1709 1146 regule

397 1164 505 1203 cleri,
539 1176 586 1199 ne
626 1162 675 1198 sit
714 1162 769 1198 sic
809 1174 899 1198 cum
940 1160 1230 1209 temporalibus
1265 1158 1493 1207 dispositus.
1530 1160 1631 1193 Nam
1666 1168 1707 1192 ex*

398 1223 473 1258 fide
532 1229 691 1269 oportet
750 1232 976 1268 supponere
1036 1219 1143 1266 quod
1201 1219 1265 1254 lux
1324 1216 1456 1253 divina
1510 1214 1708 1253 illuminat

397 1280 651 1327 receptacula
684 1278 867 1315 cordium
901 1278 1120 1314 secundum
1155 1277 1323 1323 gradum
1357 1288 1436 1323 quo
1469 1282 1559 1310 sunt
1592 1284 1708 1320 capa-

397 1337 470 1380 cia,
506 1351 594 1374 cum
630 1350 710 1373 non
743 1349 785 1373 ex
818 1334 1090 1371 indifferencia
1131 1333 1345 1382 quicquam
1381 1332 1486 1369 facit.
1526 1329 1707 1379 Apostoli

397 1409 490 1443 ergo
524 1404 737 1443 antequam
775 1402 887 1430 erant
921 1394 970 1429 ab
1005 1405 1139 1429 errore
1172 1391 1320 1428 amoris
1355 1400 1389 1427 et
1423 1387 1709 1437 trepidacionis

398 1467 467 1502 per
499 1452 771 1490 ascensionem
809 1451 955 1488 Christi
989 1459 1026 1487 et
1059 1449 1368 1498 disposicionem
1403 1448 1441 1484 in
1475 1446 1630 1483 ieiuniis
1664 1459 1709 1482 ac

398 1512 484 1548 aliis
532 1510 670 1559 primis
705 1510 775 1546 Dei
821 1508 1171 1546 consolacionihus
1215 1507 1320 1543 intus
1365 1504 1583 1554 expurgati,
1630 1517 1709 1539 non

397 1578 508 1606 erant
541 1568 647 1616 digni
672 1567 823 1616 Spiritu
852 1570 999 1604 Sancto
1031 1568 1249 1603 secundum
1284 1565 1394 1601 illum
1428 1564 1596 1612 gradum
1631 1575 1710 1609 quo

397 1627 459 1663 die
494 1629 745 1663 Pentecostes
778 1625 890 1661 illum
916 1632 1149 1672 receperant
1179 1622 1388 1663 illustrari:
1422 1622 1552 1670 ipsum
1576 1628 1711 1656 tamen

397 1687 615 1721 secundum
651 1684 825 1732 aliquem
859 1684 1027 1731 gradum
1062 1683 1261 1718 habebant
1295 1680 1494 1717 continue.

111 1749 177 1794 The
193 1749 380 1784 Spiritshall
456 1744 524 1779 Ille
562 1751 697 1779 autem
732 1741 903 1789 Spiritus
937 1745 1032 1777 'cum
1072 1739 1223 1776 venerit
1260 1746 1401 1789 arguet
1440 1739 1622 1774 mundum
1665 1738 1711 1773 de

135 1784 353 1845 Jffilsc‘f‘ssftssffc
398 1801 481 1836 istis
521 1800 722 1837 erroribus
762 1798 905 1848 quibus
946 1807 1035 1847 post
1074 1798 1279 1846 apostolos
1319 1806 1375 1833 est
1414 1805 1498 1832 tota
1544 1794 1710 1832 ecclesia

108 1852 586 1915 miisssffiiiirssliniizhiffiOlUta·
622 1860 669 1894 Et
702 1857 833 1905 primo
867 1858 912 1893 de
939 1864 1097 1906 peccato
1130 1854 1388 1894 infidelitatis,
1420 1854 1512 1902 quia
1542 1862 1630 1901 post
1654 1861 1712 1889 tot

166 1922 325 1953 involved:
399 1916 647 1953 induiciones
688 1914 948 1951 humanitatis
988 1913 1134 1950 Christi
1173 1926 1245 1949 non
1284 1914 1445 1948 credunt
1485 1912 1524 1947 in
1556 1919 1710 1959 patrem

399 1984 435 2011 et
470 1975 614 2017 filium3
648 1986 728 2010 non
761 1974 927 2009 credunt
961 1972 1157 2020 (inquam)
1183 1971 1259 2007 illis
1284 1983 1353 2019 per
1377 1982 1555 2006 amorem
1581 1968 1712 2005 debite

399 2033 628 2069 adherendo
669 2040 704 2067 et
742 2031 832 2067 ideo
871 2043 1031 2067 necesse
1069 2038 1126 2066 est
1159 2028 1352 2077 Spiritum
1387 2030 1576 2064 Sanctum
1617 2026 1712 2074 ipsis

109 2085 131 2111 Ῑ·
153 2085 187 2111 of
209 2084 257 2111 ¹¹¹⁰
283 2083 328 2111 ⁵³¹¹
353 2084 580 2127 “sdes-icere.
617 2091 702 2125 Hoc
736 2097 868 2125 autem
903 2097 1112 2136 peccatum
1137 2086 1383 2123 infidelitatis
1413 2084 1711 2122 antonomatice

176 2119 317 2151 unbem,
399 2158 455 2184 est
500 2157 724 2196 peccatum,
770 2146 860 2183 ideo
905 2146 944 2182 in
988 2145 1149 2182 nomine
1193 2143 1346 2192 peccati
1387 2156 1457 2191 per
1495 2156 1534 2179 se
1579 2142 1711 2190 posito

400 2207 515 2242 debet
560 2204 738 2252 intelligi.
786 2205 869 2241 Hec
914 2212 1047 2241 autem
1081 2202 1296 2239 infidelitas
1330 2211 1387 2238 est
1419 2213 1490 2249 per
1528 2214 1568 2236 se
1601 2199 1711 2236 radix

400 2263 673 2311 cuiuscunque
736 2262 891 2310 peccati
955 2260 1156 2309 sequentis
1220 2268 1257 2296 et
1321 2259 1523 2307 completa
1592 2270 1711 2294 causa

401 2320 721 2369 dampnacioniS.

202 2373 296 2401 H.‹›f

459 2380 535 2415 Sed
587 2379 762 2415 secundo
816 2377 983 2427 Spiritus
1027 2377 1190 2412 Sanctus
1239 2381 1381 2425 arguet
1432 2375 1614 2410 mundum
1668 2374 1714 2409 de

137 2417 143 2420 ”
274 2417 287 2434 S
318 2416 355 2434 'lc

130 2408 269 2444 11g11teou
291 2416 372 2442 'wi’
400 2437 547 2473 iusticia
581 2449 701 2485 quam
736 2437 853 2471 debet
881 2436 1026 2471 habere
1061 2446 1103 2470 ex
1135 2432 1364 2469 induicione
1389 2445 1509 2481 quam
1534 2431 1713 2468 Christus

470 2546 494 2574 3.
516 2548 543 2574 A
564 2547 594 2573 iu
616 2546 716 2575 deest:
747 2545 786 2572 ib.
808 2545 874 2572 BC:
902 2544 1022 2572 deitatis
1044 2552 1144 2579 super.
1242 2552 1270 2577 4.
1294 2544 1315 2570 Β
1336 2543 1364 2570 iu
1388 2552 1499 2578 marg:
1527 2543 1606 2570 Nota
1629 2543 1713 2569 bene.

403 2583 471 2617 Que
491 2582 613 2609 suerunt
633 2579 854 2614 impedimenta
875 2579 1087 2614 apostolorum
1110 2583 1235 2614 propter
1255 2587 1313 2613 que
1333 2586 1393 2605 nou
1416 2582 1501 2604 erant
1527 2577 1610 2611 digni
1637 2577 1714 2604 acci-

403 2625 472 2652 pere
493 2616 642 2651 Spiritum
664 2615 823 2645 Sanctum,
845 2623 902 2649 que
923 2613 1063 2640 similiter
1085 2618 1208 2639 nostros
1231 2613 1363 2648 prelatos
1383 2612 1565 2647 impediunt.
1628 2620 1653 2637 ’·.
1669 2612 1712 2638 A:

402 2657 426 2678 et
450 2651 562 2679 nostri:
584 2650 622 2677 ib.
638 2649 711 2676 Ain
727 2657 839 2675 marta:
862 2648 976 2675 Contra
999 2647 1259 2683 possessiouatos.
1299 2656 1332 2677 ιι,
1350 2655 1387 2673 12.
1404 2647 1469 2673 BC:
1493 2629 1661 2682 Quomodo
1680 2662 1713 2664 ψ

403 2690 526 2712 sanctus
548 2686 641 2712 deest.
734 2690 771 2710 12.
796 2669 832 2710 E:
854 2682 913 2710 illis
934 2682 995 2717 qui.
1089 2682 1125 2709 11³.
1147 2683 1191 2709 A:
1213 2682 1451 2709 confundantur.
1544 2690 1584 2714 14.
1606 2681 1648 2707 A:
1671 2680 1713 2707 sic

403 2721 502 2748 deest:
524 2720 563 2746 ib.
580 2718 645 2746 BC:
667 2718 890 2779 temporalibus
910 2718 1124 2752 desponsatus.
1189 2716 1229 2744 16.
1252 2717 1295 2743 A:
1318 2716 1521 2752 recept-abilin.
1584 2723 1629 2742 20·
1647 2715 1667 2741 B
1685 2725 1711 2741 ,ς

404 2755 529 2794 premiis
550 2754 620 2787 Dei:
641 2753 681 2780 ib.
699 2753 720 2779 Β
786 2752 917 2780 interim.
974 2759 1012 2779 21.
1035 2751 1101 2779 BC:
1123 2751 1207 2778 illum
1229 2750 1322 2777 deest.
1385 2754 1431 2777 20.
1452 2751 1479 2777 A
1500 2750 1529 2776 iu
1552 2758 1663 2784 marg:
1688 2757 1712 2778 1:

403 2790 442 2816 ὼ.
465 2789 530 2816 BC:
576 2797 611 2816 ua
633 2792 711 2823 post.
813 2795 856 2822 27.
880 2786 945 2814 BC:
966 2786 1182 2814 inducciones:
1213 2786 1252 2812 ib.
1275 2785 1296 2811 B
1318 2786 1347 2812 iu
1370 2793 1481 2819 marg:
1504 2783 1713 2819 Operacioues

403 2824 537 2857 Spiritus
558 2844 562 2850 .
582 2822 660 2849 ancti
682 2830 738 2855 que
761 2825 830 2848 suut
850 2821 879 2847 in
902 2820 1102 2847 adveniendo.
1160 2828 1206 2851 20.
1228 2821 1271 2846 A:
1293 2824 1337 2846 est
1358 2820 1451 2846 deest.
1507 2827 1554 2849 20,
1576 2817 1621 2845 30.
1644 2818 1711 2845 BC:

403 2858 462 2885 illis
484 2858 619 2885 detieere.
691 2856 737 2884 30.
760 2857 802 2883 A:
824 2855 890 2882 Hoc
911 2860 970 2884 est:
999 2855 1038 2881 ib.
1061 2855 1082 2882 Β
1103 2855 1131 2882 iu
1155 2853 1267 2888 marg:
1291 2856 1393 2888 Quare
1416 2862 1468 2888 per
1489 2851 1645 2888 peccatum
1668 2852 1712 2878 in—

403 2893 555 2919 fidelitatis
576 2891 687 2918 dicitur
708 2895 875 2925 peccatum.
955 2889 996 2916 32.
1020 2891 1062 2916 A:
1084 2894 1184 2916 autem
1206 2888 1306 2918 deest:
1334 2888 1372 2915 ib.
1396 2888 1438 2914 A:
1484 2895 1591 2914 ersoue
1613 2886 1710 2913 radix.

403 2926 445 2954 35.
460 2928 487 2953 A
508 2927 537 2954 in
559 2934 671 2960 marg:
694 2933 725 2959 2;
747 2925 786 2952 ib.
802 2924 874 2951 AC:
896 2924 1030 2958 Spiritus
1051 2925 1182 2951 Sanetus
1203 2923 1295 2950 deest.
1361 2921 1407 2949 36.
1429 2922 1450 2948 B
1489 2931 1495 2949 2
1516 2921 1710 2949 induccione.

1728 938 1766 958 10

1729 1216 1763 1248 15

1726 1516 1768 1537 20

1729 1795 1768 1826 25

1728 2083 1770 2117 30

1729 2373 1769 2407 35

2004 0 2015 66 anau

2011 343 2015 349 -
2008 325 2016 332 ο
2011 295 2017 316 «-
2009 184 2017 278 μνη-,Λ
2006 98 2016 175 „ue-*m
2009 72 2015 83 2,
