2017 3353
113 294 190 331 204
700 294 920 327 JOHANNIS
938 293 1121 326 WYCLlF
1139 294 1393 326 SERMONUM
1444 279 1596 337 [SERMO
1618 291 1709 319 XXX-

400 405 448 441 ab
482 402 637 439 actibus
670 414 857 438 sensuum
891 400 1151 438 distrahibilis
1185 410 1242 438 est
1275 414 1345 448 per
1377 401 1521 437 fortem
1545 400 1710 449 impres-

399 462 553 499 sionem
593 460 632 496 in
671 458 850 496 sensibus
889 458 1101 507 impedita;
1148 468 1184 496 et
1224 460 1295 495 hec
1327 458 1436 495 racio
1477 471 1600 507 quare
1637 458 1710 495 viri

399 517 611 568 apostolici
644 519 692 554 ab
718 516 945 554 intencione
968 518 1018 553 ad
1042 517 1264 554 mundialia
1287 516 1562 565 prohibentur.
1597 518 1711 554 Unde

400 576 564 614 Numeri
579 577 701 611 XXIV
719 576 753 616 5,
777 574 874 611 dixit
896 576 1008 611 homo
1032 575 1138 611 cuius
1169 576 1369 611 obturatus
1401 583 1456 611 est
1487 576 1619 612 oculus
1651 575 1714 623 qui

399 637 539 672 cadens
570 641 726 683 apertos
759 634 870 669 hahet
902 634 1044 677 oculos,
1077 632 1227 670 scilicet
1260 634 1437 679 Balaam,
1473 635 1519 669 de
1553 632 1712 669 Christo
1753 638 1768 670 5

108 698 317 737 Attentimtm
335 698 384 725 the
400 691 690 742 pulcherrimas
714 691 965 739 prophecias.
996 692 1044 726 Et
1068 691 1183 727 huius
1207 704 1368 728 causam
1393 691 1567 739 assignat
1591 690 1713 738 scrip-

122 741 229 794 ”¹1¹1ssssss
246 733 372 795 lssllgssfffi
399 761 501 797 tura,
548 749 641 798 quia
680 748 982 786 observanciam
1022 761 1185 785 suorum
1230 762 1417 786 sensuum
1462 750 1712 789 attendebat:

111 802 384 872 seicsssissli-[stsslssshw
399 809 454 846 sic
471 808 596 845 eciam
623 816 862 844 attestantur
882 807 1085 843 naturales
1108 807 1253 855 magici
1281 809 1389 855 quod
1411 809 1461 844 ad
1485 808 1712 843 habendum

398 866 637 916 prophecias
662 878 705 901 ex
730 864 1001 901 illustracione
1030 864 1162 902 divina
1190 865 1229 902 in
1250 865 1435 902 noctibus
1465 874 1623 913 oportet
1647 877 1713 901 eos

397 924 704 962 obturacionem
727 935 915 959 sensuum
939 924 1145 959 attendere
1177 923 1217 960 in
1240 923 1390 969 diebus,
1423 935 1472 959 ne
1502 922 1712 971 impressio
1733 937 1771 960 10

398 983 511 1020 fortis
556 981 766 1030 peregrina
811 981 953 1017 diurna
997 981 1191 1029 impediat
1235 982 1359 1017 levem
1406 981 1711 1029 impressionem

399 1041 574 1077 divinam
608 1048 869 1080 nocturnamz
909 1040 1014 1075 unde
1053 1038 1116 1075 isti
1152 1038 1295 1087 magici
1334 1039 1542 1075 latitarunt
1575 1038 1712 1075 diebus

399 1099 438 1136 in
470 1098 594 1135 antris
628 1097 707 1134 suis
740 1097 919 1133 sensibus
957 1097 1165 1134 obturatis.
1220 1098 1298 1134 Sed
1329 1096 1455 1133 nostri
1487 1097 1712 1144 superiores

399 1156 532 1194 clerici
569 1169 651 1192 non
689 1157 873 1192 obstante
912 1156 987 1191 hoc
1025 1154 1173 1203 triplici
1213 1154 1444 1191 testimonio
1485 1154 1636 1191 efficaci
1676 1164 1711 1191 et

399 1224 589 1264 precepto
629 1213 763 1250 divino
803 1214 850 1249 de
895 1215 1067 1250 adventu
1101 1213 1272 1261 Spiritus
1312 1222 1393 1249 tam
1434 1212 1583 1249 salubri
1623 1215 1769 1248 sunt15

400 1271 670 1309 mundialibus
705 1281 741 1308 et
775 1271 1001 1308 carnalibus
1034 1272 1122 1319 plus
1156 1271 1297 1308 ceteris
1330 1270 1510 1307 involuti.

118 1323 377 1385 Sffiffilsshgtffsssssst
457 1334 561 1368 Inter
605 1343 745 1366 omnes
789 1338 923 1366 autem
968 1329 1144 1378 quinque
1188 1342 1324 1366 sensus
1371 1328 1611 1365 extrinsecos
1656 1338 1712 1364 est

187 1401 302 1420 56115εὸ-
397 1390 502 1426 visus
537 1388 739 1432 subtilior3
777 1389 884 1436 quod
921 1396 1029 1436 patet
1060 1400 1102 1424 ex
1131 1387 1270 1430 tribus,
1307 1387 1438 1435 primo
1471 1387 1563 1435 quia
1594 1388 1713 1423 habet

397 1446 644 1495 spiritualius
679 1445 881 1482 obiectum
922 1447 1029 1494 quod
1068 1458 1090 1482 a
1130 1444 1363 1482 distanciori
1401 1444 1584 1493 percipit.
1621 1447 1712 1481 Pos-

397 1518 533 1542 sumus
573 1504 677 1540 enim
711 1503 845 1540 videre
873 1512 979 1540 astra
1012 1503 1313 1540 illuminacione
1343 1503 1473 1539 subita
1507 1512 1543 1539 et
1576 1502 1631 1539 sic
1665 1504 1712 1539 de
1729 1516 1770 1538 20

397 1563 484 1600 aliis
517 1561 733 1598 luminibus
767 1571 803 1597 et
837 1561 1037 1598 coloribus
1070 1560 1345 1610 multipliciter
1376 1560 1549 1598 variatis.

455 1621 638 1657 Secunda
673 1619 877 1656 ex‘idencia
911 1629 967 1656 est
991 1621 1099 1668 quod
1131 1628 1275 1656 natura
1308 1620 1395 1666 plus
1419 1618 1644 1666 ingeniatus
1672 1619 1711 1655 in

397 1678 602 1716 anatomia
652 1677 758 1714 oculi
809 1676 876 1725 qui
928 1686 984 1714 est
1034 1691 1229 1725 organum
1280 1676 1442 1713 visionis
1500 1690 1619 1724 quam
1673 1677 1710 1712 in

397 1736 601 1774 anatomia
625 1735 912 1783 cuiuscumque
928 1735 1089 1772 alterius
1105 1735 1243 1783 organi
1268 1735 1456 1777 sensitivi⁷
1479 1734 1580 1771 sicut
1604 1744 1711 1782 patet

398 1797 444 1831 de
478 1793 726 1839 humoribus,
761 1794 808 1829 de
843 1793 931 1829 telis
965 1803 1001 1830 et
1031 1795 1078 1830 de
1111 1793 1255 1830 tunicis
1279 1794 1488 1830 oculorum
1519 1806 1608 1829 cum
1633 1792 1712 1829 suis
1729 1796 1768 1828 25

398 1852 533 1901 figuris
566 1861 602 1888 et
626 1851 962 1899 proporcionibus
986 1851 1250 1900 adopercatis.
1292 1854 1443 1887 Natura
1474 1860 1606 1887 autem
1631 1864 1712 1887 non

397 1920 530 1959 ageret
563 1919 718 1946 tantum
742 1910 911 1946 sollicite
945 1910 1051 1946 circa
1074 1910 1177 1946 visus
1206 1922 1414 1957 organum,
1448 1909 1522 1945 nisi
1556 1918 1711 1945 tantum

397 1967 804 2017 proporcionabiliter
828 1968 876 2004 sit
892 1969 1102 2015 perfectus.
1128 1969 1242 2004 Unde
1265 1967 1521 2004 interomnes
1537 1967 1712 2015 quinque

396 2040 533 2063 sensus
568 2039 762 2073 organum
795 2026 901 2062 visus
934 2027 1052 2062 habet
1090 2027 1222 2062 locum
1258 2025 1568 2062 eminenciorem
1603 2038 1648 2061 ac
1681 2025 1711 2061 si

397 2085 498 2121 foret
531 2083 659 2120 tocius
683 2084 847 2120 humani
873 2084 1053 2132 corporis
1077 2085 1317 2131 speculator.
1350 2083 1467 2119 Videt
1501 2083 1604 2119 enim
1630 2093 1710 2119 tam
1728 2097 1770 2117 ου

396 2142 539 2179 nociva
573 2155 691 2189 quam
732 2142 1015 2179 conveniencia
1055 2142 1326 2189 cuiuscunque
1358 2140 1521 2177 visibilis
1559 2142 1619 2176 vel
1653 2141 1711 2176 sui

397 2200 600 2237 contrarii.
633 2200 777 2237 Tereia
799 2199 1002 2237 evidencia
1031 2209 1087 2236 est
1111 2201 1218 2248 quod
1240 2199 1338 2236 visio
1369 2208 1424 2235 est
1447 2198 1712 2246 propinquior

397 2259 436 2295 in
468 2266 611 2294 natura
640 2257 819 2294 interiori
852 2258 982 2294 sensui
1013 2271 1132 2305 quam
1168 2257 1267 2294 alius
1290 2269 1426 2293 sensus
1449 2256 1710 2301 extrinsecus3
1729 2282 1804 2313 Fol-

397 2318 501 2352 unde
535 2315 789 2352 communius
827 2325 1017 2364 operatur
1045 2312 1049 2367 J
1078 2314 1347 2363 ymaginativa
1386 2314 1425 2351 in
1459 2327 1629 2362 sompno
1663 2316 1806 2369 de154e

397 2373 661 2422 impressione
693 2373 858 2410 visibilis
898 2387 1018 2422 quam
1053 2373 1324 2421 cuiuscunque
1364 2372 1526 2409 alterius
1560 2385 1707 2408 sensus.
1726 2373 1766 2407 35

399 2432 507 2469 Licet
541 2430 645 2467 enim
672 2444 786 2468 cecus
808 2445 889 2468 non
913 2431 1063 2468 iudicat
1094 2443 1167 2468 nec
1189 2429 1392 2479 sompniat
1425 2432 1472 2467 de
1495 2430 1708 2475 coloribus,

467 2563 486 2581 1.
508 2556 551 2582 A:
574 2553 791 2581 distrahibiles.
873 2564 902 2586 4.
923 2554 968 2580 A:
989 2554 1181 2580 obscuratur.
1270 2553 1298 2580 6.
1320 2552 1384 2580 BC:
1406 2553 1441 2580 131
1462 2552 1536 2579 cius.
1618 2561 1643 2586 7.
1665 2553 1708 2580 A:

397 2589 607 2616 observant-ia.
680 2588 707 2615 S.
730 2588 796 2615 BC:
823 2593 980 2615 testantur.
1065 2596 1104 2614 10.
1125 2588 1169 2614 A:
1191 2588 1453 2614 obscuracionem.
1528 2596 1561 2614 11.
1583 2587 1708 2614 diurna:

398 2625 435 2650 15:
458 2624 533 2651 dura
554 2623 685 2650 correxit
704 2631 719 2650 e
740 2622 853 2649 dix-ina.
917 2630 953 2649 12.
978 2623 1013 2648 13:
1036 2622 1188 2649 diurnam.
1252 2621 1288 2649 13.
1305 2623 1347 2649 A:
1369 2621 1550 2648 obscuratis.
1609 2630 1648 2655 ¹4·
1671 2622 1708 2648 15:

397 2659 522 2692 duplici.
598 2658 635 2686 15.
659 2657 700 2685 16.
721 2658 765 2684 A:
788 2662 816 2683 et
836 2657 1054 2683 mundialibus.
1130 2658 1214 2686 10.A
1236 2657 1265 2684 in
1286 2665 1399 2691 marg:
1421 2657 1515 2683 Visus
1536 2661 1580 2682 est
1602 2664 1709 2682 sensus

398 2693 538 2720 subtilior
559 2697 684 2728 propter
704 2692 770 2718 tria.
794 2700 820 2719 1:
850 2692 890 2718 ib.
913 2692 934 2717 B
957 2692 984 2718 in
1007 2700 1120 2724 marga
1144 2689 1231 2719 ‘Nota
1259 2691 1485 2730 philosophiam
1514 2690 1549 2717 de
1576 2691 1709 2725 quinque

398 2727 539 2755 sensibus
560 2733 587 2754 et
610 2727 710 2761 primo
731 2726 767 2753 de
788 2727 854 2753 visu
876 2731 903 2752 ct
923 2726 1045 2753 auditu:
1075 2725 1104 2753 in
1133 2731 1267 2761 seque-un
1297 2734 1437 2753 sermone
1458 2725 1493 2752 de
1515 2725 1581 2752 aliis
1601 2725 1707 2751 tribus.

397 2770 435 2789 21.
458 2762 496 2789 C:
519 2762 626 2789 ceteris
647 2761 828 2788 luminibus.
877 2768 918 2787 22.
936 2762 963 2788 A
983 2761 1012 2787 in
1034 2769 1147 2792 mara:
1169 2769 1200 2788 2:
1223 2760 1262 2787 ib.
1280 2760 1344 2788 BC:
1366 2760 1528 2793 inf-zeniam.
1580 2768 1626 2793 24.
1644 2759 1708 2786 BC:

397 2802 475 2831 patet
496 2797 589 2823 deest.
686 2796 728 2823 25.
751 2795 787 2821 13:
809 2795 948 2823 tinnicis:
969 2796 1012 2822 A:
1035 2796 1167 2822 turnicis.
1260 2794 1306 2821 26.
1328 2796 1371 2822 A:
1394 2794 1585 2829 adopercatis
1606 2794 1708 2822 deest:

397 2830 436 2858 C:
459 2831 630 2865 adoptatis:
660 2831 700 2857 ib.
724 2829 788 2856 BC:
809 2834 908 2856 autem
931 2829 1024 2856 deest.
1096 2830 1143 2863 34.
1165 2831 1210 2857 A:
1232 2829 1449 2865 ymaginabilia
1470 2829 1498 2856 in
1521 2828 1672 2863 sompnis.

468 2923 520 2956 29.
548 2912 600 2946 Cf.
626 2912 832 2954 Trialogum
857 2921 935 2954 pag.
962 2911 1016 2955 96.
