2017 3353
236 248 371 276 shRMO
395 236 502 294 mi]
741 249 881 281 PRIMA
907 249 1032 280 PARS

146 343 221 404 *⁸0¹3
234 356 380 394 Fidelis
412 365 546 394 autem
569 355 726 405 gentilis
758 355 914 392 interno
947 354 1138 391 instinctu
1163 363 1294 391 motus
1333 368 1402 403 pre
1430 351 1435 409 Ι
1465 368 1551 392 cur-

139 392 205 431 234
235 415 285 451 rit
323 416 374 451 ad
406 414 527 451 situm
558 413 598 451 in
630 427 709 463 quo
742 422 876 462 posset
909 412 1052 450 salvari
1095 414 1142 449 de
1176 412 1551 460 perturbacionibus

234 472 320 509 istis
353 472 522 509 turbidis
556 486 632 521 que
665 471 891 509 distrahunt
924 472 973 508 ab
1006 470 1267 507 observancia
1298 471 1358 507 vie
1389 471 1549 508 Christi.

235 530 425 567 Ascendit
465 539 599 567 autem
638 529 679 566 in
721 531 907 566 arborem
948 542 1217 577 sycomorum,
1265 530 1426 577 quando
1466 542 1552 577 pre-

202 592 347 626 §cavet
393 590 439 625 de
485 588 570 625 istis
620 587 827 636 periculis;
881 600 1115 635 sycomorus
1167 586 1273 623 enim
1324 596 1381 623 est
1433 589 1552 624 arbor

236 646 376 683 similis
418 659 531 684 moro
570 646 610 682 in
647 645 752 682 foliis
796 646 864 682 sed
903 645 1096 682 excellens
1142 644 1182 682 in
1219 644 1470 693 longitudine
1516 654 1552 681 ct

237 704 382 742 dicitur
415 705 512 741 ficus
545 705 667 741 fatua.
701 706 759 740 Ita
791 716 885 740 crux
909 702 1057 740 Christi
1090 717 1165 751 que
1199 705 1405 740 credentes
1439 703 1552 751 spiri-

236 763 397 800 tualiter
435 762 562 811 pascit
601 761 694 798 licet
733 761 782 798 sit
821 762 931 798 fatua
970 763 1104 810 quoad
1145 762 1351 808 mundum,
1393 761 1554 798 humilis

236 831 371 857 tamen
402 830 540 869 pastus
570 820 610 856 in
631 820 825 856 fructibus
849 819 965 856 huius
1000 819 1097 856 ficus
1132 828 1168 856 et
1201 819 1363 868 proprie
1396 819 1553 855 virtutis

181 892 221 916 ιο
237 878 420 916 conscius
452 878 589 915 virtuti
623 878 751 915 crucis
786 878 934 915 Christi
973 878 1013 914 in
1046 891 1189 926 magna
1221 877 1355 914 leticia
1388 890 1427 914 se
1462 891 1554 914 con-

237 936 333 985 figit,
374 945 411 973 et
450 946 544 974 tunc
589 935 738 985 raptim
776 936 884 973 videt
922 935 1142 973 Dominum
1179 944 1465 972 transeuntem.
1505 938 1554 972 Et

235 994 415 1044 sequitur
458 994 499 1031 in
542 1003 668 1031 textu:
719 995 815 1031 Cum
865 994 1028 1031 venisset
1076 995 1128 1030 ad
1178 994 1302 1030 Iocum
1347 994 1555 1044 suspiciens·

233 1054 344 1090 Jesus
377 1053 469 1089 vidit
501 1053 609 1089 illum
654 1061 689 1089 et
733 1053 834 1089 dixit
865 1053 916 1089 ad
948 1065 1053 1090 eum:
1091 1052 1238 1089 Zachee
1260 1052 1457 1102 festinans
1491 1053 1553 1088 de-

234 1112 383 1156 scende,
417 1111 503 1160 quia
536 1111 648 1148 hodie
680 1111 715 1147 in
750 1111 862 1147 domo
896 1118 960 1147 tua
994 1118 1144 1161 oportet
1178 1123 1237 1147 me
1269 1123 1435 1147 manere.
1479 1109 1554 1146 Ubi

183 1172 316 1206 15non
360 1168 526 1205 dubium
577 1168 685 1218 quin,
737 1168 839 1206 sicut
879 1168 1062 1206 Christus
1107 1168 1382 1217 preordinavit
1427 1177 1554 1204 totam

236 1228 337 1264 hanc
370 1226 512 1263 seriem
546 1226 803 1276 procedendi,
838 1227 894 1264 sie
927 1227 1127 1264 ordinavit
1157 1228 1207 1264 ad
1236 1239 1396 1263 sensum
1431 1225 1555 1262 misti-

236 1298 327 1322 cum
360 1286 566 1334 quomodo
605 1284 828 1334 quiesceret
866 1285 908 1322 in
945 1286 1067 1322 domo
1108 1284 1308 1333 spirituali
1347 1284 1556 1332 gentilium

236 1343 404 1380 divitum
449 1345 583 1392 quoad
629 1345 842 1391 mundum3
889 1353 925 1380 et
969 1352 1114 1380 notans
1160 1342 1442 1379 necessitatem
1487 1354 1556 1378 sue

235 1400 481 1447 ordinancie,
507 1410 543 1437 et
567 1403 773 1450 quomodo
797 1415 879 1439 non
912 1400 1167 1447 mendicavit,
1207 1410 1249 1437 ut
1284 1400 1557 1437 mendicantes

179 1459 355 1496 20validi
394 1458 625 1508 sompniant
663 1472 707 1497 ex
746 1461 821 1496 hoc
865 1468 986 1506 textu,
1033 1459 1236 1507 signanter
1280 1458 1418 1495 inserit
1464 1458 1558 1507 quia

235 1516 354 1554 hodie
386 1517 427 1553 in
459 1518 580 1554 domo
612 1527 681 1554 tua
714 1527 875 1566 oportet
908 1531 971 1555 me
1005 1530 1185 1561 manere3
1220 1516 1287 1553 ubi
1321 1516 1426 1553 enim
1452 1518 1557 1553 Deus

233 1575 515 1612 necessitatem
548 1575 729 1624 adiungit
752 1589 826 1625 pro
850 1588 1113 1624 recompensa
1137 1576 1226 1624 plus
1250 1575 1381 1611 valida
1406 1575 1557 1611 mendi-

236 1633 442 1670 cacionem
475 1634 597 1670 talem
630 1634 842 1680 subtrahit,
876 1634 966 1671 ideo
1008 1633 1180 1670 mendici
1218 1632 1339 1670 validi
1378 1632 1557 1669 addisce-

237 1701 323 1728 rent
373 1691 699 1740 consequencias,
752 1702 968 1741 antequam
1020 1691 1075 1729 sic
1125 1692 1329 1739 pudorose
1373 1700 1555 1738 arguant.

180 1752 219 1785 25
237 1749 418 1786 Christus
452 1749 548 1786 dixit
580 1749 646 1786 isti
678 1750 816 1798 gentili
861 1750 1040 1799 publice:
1081 1750 1229 1786 Zaclzee
1255 1749 1453 1799 festinans
1493 1750 1556 1785 de-

235 1809 384 1854 scende,
408 1808 494 1857 quia
519 1808 631 1844 hodie
663 1809 698 1844 in
733 1809 845 1845 domo
878 1816 942 1845 tua
977 1815 1128 1858 oportet
1161 1820 1220 1844 me
1253 1819 1431 1851 manere;
1463 1820 1557 1855 ergo

234 1865 416 1902 Christus
456 1867 505 1902 ab
543 1865 620 1903 isto
665 1866 786 1904 divite
824 1866 959 1903 taliter
1000 1865 1254 1902 mendicavit.
1295 1864 1557 1913 Evangelium

234 1923 434 1974 (inquam)
470 1923 621 1961 indicat
654 1924 996 1962 universalitatem
1029 1923 1178 1961 Christi
1213 1922 1365 1960 domini
1405 1932 1442 1959 et
1475 1922 1557 1971 pie-

233 1991 357 2019 tatem
409 1995 487 2030 qua
535 1982 662 2019 voluit
714 1996 804 2020 cum
850 1991 1062 2031 peccatore
1107 1991 1190 2019 tam
1243 1980 1557 2018 misericorditer

176 2043 218 2075 30
235 2039 447 2088 hospitari.
490 2042 605 2077 Unde
642 2042 817 2078 Zaclzeus
851 2042 1050 2091 festinans
1095 2040 1291 2076 descendit
1334 2047 1368 2076 et
1412 2039 1558 2089 accepit

230 2098 359 2134 Jesum
374 2099 551 2148 gaudens
574 2108 615 2135 ut
632 2099 853 2145 dominum,
877 2112 957 2136 non
982 2098 1223 2135 mendicum.
1241 2099 1355 2135 Unde
1378 2097 1558 2146 sequitur

233 2156 273 2192 in
305 2165 432 2193 textu:
467 2157 521 2193 Et
553 2170 637 2194 cum
673 2158 859 2203 viderent,
893 2170 1024 2194 omnes
1057 2157 1356 2192 murmurabant
1389 2156 1558 2191 dicentes

233 2215 334 2263 quod
365 2215 416 2250 ad
449 2215 638 2252 hominem
679 2223 925 2266 peccatorem
960 2215 1189 2251 divertisset.
1230 2216 1332 2250 Nam
1371 2213 1428 2249 illi
1461 2226 1557 2262 ypo-

235 2271 332 2309 crite
366 2271 434 2320 qui
466 2272 651 2310 videntur
675 2273 836 2310 Christo
868 2273 994 2322 magis
1029 2285 1112 2309 esse
1138 2271 1349 2309 domestici
1374 2271 1558 2308 derident

176 2334 216 2367 35
232 2329 551 2378 predestinatum
575 2333 622 2368 de
645 2332 810 2380 populo,
843 2333 1004 2381 quando
1037 2330 1172 2367 vident
1195 2330 1327 2378 ipsum
1363 2331 1557 2366 mundum

233 2387 457 2437 relinquere
482 2397 518 2425 et
544 2403 663 2437 super
685 2390 794 2438 ipsos
810 2389 959 2427 Christi
999 2388 1176 2426 consiliis
1210 2389 1415 2425 adherere.
1449 2387 1556 2424 Tali-

236 2446 308 2482 bus
341 2455 475 2483 autem
515 2446 688 2484 illudunt
728 2447 860 2497 sepius
900 2457 936 2485 et
969 2447 1009 2483 in
1042 2459 1163 2495 opere
1196 2454 1478 2495 persecuntur3
1519 2454 1556 2481 et

234 2516 325 2540 cum
370 2503 448 2541 sint
493 2517 536 2542 ex
580 2506 926 2553 predestinacione
972 2514 1009 2542 et
1054 2504 1189 2553 gracia
1234 2504 1317 2553 ipse
1357 2502 1554 2549 Christus,

303 2681 322 2700 ι.
344 2672 382 2700 Β;
405 2673 442 2701 Et
462 2674 568 2702 fidelis.
679 2673 704 2702 5.
727 2673 748 2700 B
768 2674 798 2701 in
821 2682 934 2710 marg:
957 2673 1139 2702 sicomorus
1162 2673 1261 2708 signat
1282 2680 1404 2700 crucem
1426 2671 1553 2699 Christi.

229 2715 260 2770 ἦ.
283 2708 326 2735 A.
349 2712 471 2743 partus:
503 2709 522 2735 Β
545 2709 763 2748 εμρει·εεῑίρῑ.ε
786 2709 929 2736 nutritus.
971 2744 975 2748 η
1013 2717 1065 2747 ¹11.
1089 2709 1126 2735 B:
1150 2712 1282 2746 raptum.
1385 2715 1426 2741 14.
1450 2706 1487 2734 15.
1510 2706 1552 2733 D:

261 2743 288 2769 bi
311 2743 491 2771 notandum.
547 2749 583 2771 ι).
606 2743 644 2770 E:
668 2743 837 2770 notandum
858 2748 991 2771 correxit
1011 2752 1058 2770 m:
1083 2751 1144 2770 uon
1166 2742 1305 2769 dublum.
1364 2741 1403 2769 18.
1425 2742 1468 2768 A:
1491 2749 1553 2776 quo

229 2778 328 2811 deest3
360 2777 399 2804 ib.
421 2778 460 2806 E:
484 2786 606 2805 vocaus.
699 2786 740 2816 19.
763 2778 830 2805 DE:
853 2778 1081 2810 ordinacionis:
1113 2777 1152 2804 ib.
1175 2777 1243 2804 DE:
1266 2781 1293 2803 et
1315 2776 1414 2808 deest:
1446 2776 1485 2803 ib¹
1509 2775 1550 2803 C:

227 2811 407 2839 vendicavit.
470 2820 515 2840 20.
537 2813 581 2840 A:
606 2813 748 2840 inseruit:
770 2813 809 2839 ib.
832 2813 900 2839 DE:
924 2813 1016 2848 quod.
1080 2820 1118 2839 21.
1140 2812 1185 2839 A:
1207 2811 1298 2838 hodie
1320 2811 1420 2841 deest:
1444 2811 1486 2838 ib.
1502 2811 1548 2838 A:

225 2846 305 2885 enirn
327 2847 419 2885 deest.
493 2855 539 2881 24.
562 2847 601 2875 C:
625 2847 668 2874 sic
688 2847 871 2881 ponderose.
927 2848 969 2875 25.
992 2847 1059 2874 DE:
1084 2846 1203 2881 publice
1225 2846 1318 2873 deest.
1382 2845 1427 2873 253.
1447 2844 1551 2873 ABG:

225 2886 464 2910 universitatem.
537 2881 575 2909 31.
597 2883 641 2909 A:
663 2882 692 2909 iu
715 2883 842 2910 domum
864 2890 924 2909 non
947 2882 1116 2909 modicum.

1760 241 1837 288 375>

1587 1346 1691 1373 Christ
1713 1346 1764 1373 did
1787 1351 1839 1373 ιιωῑ

1593 1382 1648 1416 beg
1668 1390 1701 1408 as
1723 1381 1829 1417 sturd)v

1653 1416 1780 1451 beggam

1645 1451 1783 1486 pretend.

1621 1753 1796 1781 Zacchaeus

1576 1788 1711 1815 received
1728 1789 1800 1815 Him
1817 1797 1849 1815 as

1592 1832 1607 1849 a
1629 1828 1752 1853 master,
1775 1828 1826 1850 not

1604 1867 1636 1885 as
1661 1866 1676 1885 a
1699 1858 1821 1893 beggar.
