2017 3353
310 262 444 290 samio
462 250 616 308 xxxvi]
824 264 962 295 PRIMA
994 264 1108 294 1³.st

306 371 582 408 obedienciam
638 379 674 406 et
727 370 931 417 sequelam
987 369 1087 405 foret
1140 369 1368 406 interimere
1421 371 1621 407 racionem

278 438 472 478 bpropter
505 441 624 477 quam
660 429 789 464 forent
822 427 869 463 sti
900 423 904 480 Ι
934 427 1079 475 pendia
1103 427 1180 463 illis
1214 429 1365 472 danda:
1401 437 1437 464 et
1471 438 1621 464 certum

305 496 361 524 est
395 488 501 535 quod
541 486 707 522 omnino
748 494 958 533 peccatum
1001 498 1139 521 carens
1179 485 1340 522 racione
1382 486 1482 522 foret
1516 488 1622 534 quod

304 544 485 581 subditus
519 545 631 580 daret
665 543 719 580 eis
753 542 953 591 stipendia
985 543 1068 579 sine
1103 556 1233 580 causa.

270 610 287 642 5
362 605 401 638 In
447 602 677 650 oppositum
723 610 813 637 sunt
860 602 982 637 multe
1026 601 1267 638 tradiciones
1319 601 1543 649 pharisaice
1587 611 1624 638 et

303 660 412 697 racio
451 659 787 705 inconveniencie,
829 672 918 696 cum
959 671 1029 707 per
1074 659 1178 695 idem
1219 659 1385 708 quilibet
1423 659 1624 696 subiectus

303 727 436 767 posset
477 718 624 766 fingere
664 719 771 766 quod
811 731 904 753 suus
941 717 1168 765 prepositus
1203 731 1283 754 non
1322 717 1371 754 sit
1411 718 1551 766 dignus
1587 727 1623 755 et

302 777 417 813 labor
449 775 668 824 spiritualis
702 785 836 824 posset
868 785 910 812 ut
944 784 1124 824 emptum
1155 776 1444 812 commercium
1479 789 1501 813 a
1533 778 1623 812 sub—

302 834 394 870 ditis
429 833 665 871 mensurari.

250 909 287 932 ιο
361 895 401 929 In
435 893 509 929 isto
533 892 690 928 videtur
720 892 817 928 mihi
851 891 1014 928 indubie
1038 893 1146 941 quod
1170 892 1352 928 subditus
1387 892 1448 928 cui
1482 901 1621 929 notum

302 959 358 987 est
417 952 616 999 prelatum
668 951 729 987 vel
781 949 1005 987 omittendo
1069 951 1129 987 vel
1186 950 1475 987 committendo
1543 963 1623 987 non

302 1009 432 1045 facere
484 1009 665 1045 debitum
719 1008 803 1045 eius
848 1008 1040 1053 officium,
1094 1021 1173 1044 non
1229 1010 1345 1045 debet
1398 1010 1622 1057 temporale

301 1066 545 1115 stipendium
579 1066 653 1103 sibi
687 1067 876 1107 tribuere,
912 1066 1003 1103 licet
1028 1067 1170 1103 debeat
1204 1068 1298 1103 dare
1331 1067 1404 1103 sibi
1439 1076 1481 1104 ut
1514 1067 1621 1116 capi-

301 1125 369 1161 tali
404 1125 566 1161 inimico
605 1133 734 1161 artam
774 1125 851 1161 vite
889 1125 1226 1161 sustentacionem
1266 1126 1368 1162 forte
1401 1125 1439 1161 in
1479 1125 1621 1162 ultima

249 1183 548 1222 15necessitate.
582 1185 629 1219 Et
663 1183 737 1219 ista
769 1183 944 1219 stulticia
977 1195 1054 1231 qua
1087 1183 1285 1220 clamatur
1317 1183 1517 1220 subiectos
1551 1196 1622 1232 per

300 1243 420 1278 talem
460 1240 755 1277 internuncium
795 1241 971 1278 decimas
1010 1253 1100 1277 suas
1140 1243 1224 1278 Deo
1262 1241 1438 1278 tribuere
1477 1250 1534 1278 est
1566 1242 1621 1278 ita

301 1300 459 1337 infamis
493 1312 631 1336 carens
664 1299 826 1336 racione
859 1301 966 1348 quod
999 1299 1109 1335 stulti
1143 1299 1182 1335 in
1216 1301 1367 1348 populo
1391 1301 1494 1337 hanc
1528 1313 1620 1337 con-

301 1358 475 1395 vincunt.
511 1357 640 1395 Maior
672 1357 869 1406 (inquam)
900 1358 1001 1393 foret
1024 1357 1199 1394 stulticia
1222 1370 1343 1406 quam
1377 1359 1407 1395 si
1442 1367 1620 1396 tenentes

301 1416 505 1453 mitterent
538 1428 608 1465 per
641 1427 797 1452 cervam
839 1416 878 1452 in
911 1416 1044 1452 loculo
1083 1415 1246 1464 alligato
1286 1417 1390 1453 collo
1431 1417 1514 1453 eius
1547 1430 1618 1453 suo

243 1490 285 1512 20
301 1474 465 1512 domino
510 1473 709 1512 redditum
752 1475 979 1517 annualem,
1026 1473 1119 1523 quia
1159 1475 1206 1511 de
1245 1486 1359 1512 cerva
1398 1488 1479 1511 non
1518 1476 1619 1512 foret

299 1542 380 1570 tarn
427 1533 586 1570 evidens
631 1545 750 1569 causa
796 1534 903 1581 quod
944 1542 1147 1569 monetam
1195 1532 1304 1569 illam
1345 1542 1617 1574 consumeret:

298 1604 370 1628 nec
408 1591 613 1628 evidencia
651 1590 824 1627 racionis
857 1591 989 1628 nuncii
1035 1603 1124 1627 cum
1174 1591 1274 1627 desit
1313 1592 1490 1628 officium
1531 1593 1618 1641 plus

300 1651 468 1691 relucet:
514 1663 605 1686 nam
652 1649 765 1685 litere
809 1662 912 1697 pape
960 1649 1019 1685 vel
1065 1648 1246 1697 episcopi
1293 1659 1383 1686 sunt
1430 1659 1538 1687 mute
1581 1659 1618 1686 et

300 1708 471 1752 inutiles,
516 1717 559 1744 ut
603 1707 750 1744 faciant
794 1708 854 1744 vel
899 1720 968 1756 per
1007 1720 1047 1743 se
1085 1716 1280 1744 testentur
1318 1709 1492 1757 aliquem
1533 1720 1617 1745 esse

244 1771 283 1804 25
301 1766 479 1803 debitum
513 1765 713 1802 medicum
748 1765 988 1802 animarum.
1031 1767 1122 1801 Ideo
1161 1766 1257 1802 olim
1293 1767 1364 1803 fuit
1397 1768 1455 1803 lex
1496 1768 1619 1804 eccle-

300 1824 356 1861 sie
401 1825 509 1873 quod
554 1825 727 1872 populus
772 1825 1012 1872 regulandus
1058 1824 1097 1859 in
1138 1824 1221 1871 lege
1255 1825 1417 1861 Domini
1457 1824 1618 1873 eligeret

300 1883 374 1920 sibi
409 1882 608 1919 medicum
643 1895 760 1931 quem
798 1895 840 1918 ex
873 1882 950 1918 vite
983 1881 1195 1918 sanctitate
1220 1892 1379 1930 experta
1409 1884 1510 1919 foret
1544 1883 1618 1919 sibi

301 1941 461 1978 evidens
495 1953 578 1977 esse
601 1942 802 1988 ydoneum
829 1949 865 1976 et
890 1940 976 1989 ipso
1000 1953 1186 1988 perverso
1216 1941 1338 1977 alium
1373 1950 1510 1989 aptum
1544 1941 1617 1977 sibi

302 1999 463 2048 eligeret
495 2008 532 2035 et
564 1998 676 2035 illurn
711 1999 915 2047 aufugeret
948 2007 990 2034 ut
1021 2011 1232 2041 venenum,
1267 2008 1303 2035 et
1336 1999 1618 2036 inconveniens

244 2057 393 2097 3oinde
431 2069 599 2106 sequens
638 2059 745 2106 quod
784 2056 928 2105 prelati
973 2070 1053 2093 non
1092 2057 1348 2094 vendicarent
1389 2058 1474 2094 iure
1507 2059 1617 2095 here-

302 2115 447 2153 ditario
480 2117 586 2153 bona
618 2128 840 2164 pauperum
866 2124 923 2151 est
947 2115 1115 2152 faciliter
1139 2115 1441 2152 remittendum.
1468 2117 1617 2153 Omnes

301 2174 405 2212 enim
440 2173 583 2222 prelati
617 2174 849 2211 affectarent
882 2174 1074 2222 precipue
1101 2186 1216 2210 suum
1241 2174 1417 2210 officium
1453 2183 1618 2222 propter

300 2232 589 2270 beatitudinem
637 2234 810 2269 dandam
850 2245 872 2268 a
906 2235 990 2268 Deo
1036 2241 1077 2268 ut
1117 2245 1319 2268 summum
1359 2232 1616 2281 stipendium,

301 2300 338 2328 et
389 2290 629 2339 temporalia
681 2290 880 2339 stipendia
937 2291 1171 2339 aufugerent
1228 2290 1303 2326 nisi
1362 2292 1409 2327 de
1467 2300 1617 2339 quanto

245 2353 283 2386 35
301 2349 525 2385 necessaria
549 2348 780 2386 alleviarent
797 2350 845 2385 ad
862 2350 1110 2397 prelatorum
1136 2348 1313 2385 officium
1330 2350 1615 2397 peragendum.

302 2408 379 2444 Sed
412 2406 531 2443 hodie
561 2407 746 2444 Jordanis
781 2419 992 2444 conversus
1017 2416 1074 2444 est
1107 2416 1340 2453 retrorsum,
1376 2416 1413 2444 et
1445 2407 1501 2444 sic
1534 2417 1614 2443 tam

302 2466 360 2502 lex
399 2478 519 2513 quam
564 2465 716 2502 fructus
755 2465 985 2502 huiusmodi
1030 2466 1292 2513 prelatorum.
1338 2468 1419 2502 Nec
1459 2474 1617 2502 moveat

302 2524 409 2572 quod
455 2523 636 2560 Christus
682 2523 798 2572 elegit
843 2523 882 2559 in
932 2524 1161 2572 apostolum
1202 2523 1386 2560 Scarioth
1428 2523 1616 2560 maledic-

301 2591 399 2627 tum,
447 2594 535 2618 cum
581 2594 662 2618 non
707 2581 814 2618 dedit
855 2581 928 2618 sibi
969 2595 1105 2619 curam
1145 2581 1350 2630 regiminis
1388 2581 1615 2618 animarum

216 402 289 434 1³01

214 447 274 492 169

413 2693 457 2718 A:
479 2697 505 2718 ct
527 2693 679 2731 loquelam
701 2697 761 2719 ets
749 2693 913 2728 sequelam.
1001 2692 1024 2720 5.
1046 2693 1090 2719 A:
1114 2693 1336 2728 philosophice.
1422 2701 1447 2727 7.
1468 2693 1511 2719 Α;
1534 2692 1615 2726 quod

301 2726 389 2766 quod
399 2727 469 2753 det-s
473 2732 492 2753 t.
568 2736 607 2753 10.
623 2728 651 2754 A
667 2736 696 2754 ιιι
719 2736 831 2766 mar.:g
855 2727 910 2754 Res
897 2736 992 2766 spons
988 2727 1035 2754 io.
1110 2736 1142 2754 11
1159 2729 1203 2754 A:
1226 2729 1268 2754 vc]
1285 2714 1507 2754 committendo
1522 2726 1615 2753 dcc-st.

367 2761 390 2788 (
429 2766 534 2788 artem.
636 2762 676 2789 ιι).
701 2762 987 2789 132inte1nuncium
1010 2762 1222 2800 obedienciam
1246 2762 1378 2797 plelatis.
1477 2769 1522 2788 2.0
1544 2761 1614 2788 AL':

301 2770 431 2823 iiiiimil
426 2804 482 2824 m:
504 2796 543 2822 ib.
561 2797 604 2822 A:
626 2797 707 2831 quod
725 2797 770 2823 ἀι.
828 2796 869 2823 23.
886 2797 929 2823 A:
951 2797 1054 2823 litcrc
1050 2806 1124 2832 lpse.
1181 2797 1222 2824 25.
1305 2796 1433 2834 dixit-um
1452 2796 1615 2823 medicum.

303 2833 347 2858 28.
370 2832 414 2858 A:
446 2818 501 2857 sibi
533 2831 630 2857 vcdon
625 2840 703 2859 um:
766 2831 805 2857 ib.
829 2831 894 2858 BC:
925 2836 951 2858 ct
978 2831 1078 2862 deest:
1109 2832 1148 2858 ib.
1174 2832 1238 2858 BC:
1245 2798 1350 2866 Aquod
1382 2831 1420 2866 ip
1417 2840 1466 2858 so:
1496 2831 1535 2857 ib.
1559 2831 1615 2857 ibi

303 2867 397 2893 deest.
453 2864 492 2892 3ἰ.
515 2862 555 2892 C:
578 2866 672 2892 eciam
694 2866 839 2894 taciliter:
867 2866 906 2892 ib.
924 2867 950 2893 A
972 2866 1000 2892 ιἰι
1024 2875 1136 2900 marg:
1158 2866 1327 2893 Αῐῐιιιάιιιιι
1350 2865 1466 2900 prelati.
1524 2864 1567 2901 37
1588 2866 1616 2893 Α

304 2901 333 2929 in
358 2908 452 2935 maro.
465 2911 469 2915 ·
464 2900 580 2927 .Νοῐιι.
672 2900 715 2930 38.
739 2900 854 2929 Εοάἀη
878 2901 934 2934 elie
927 2901 968 2928 it.

1650 899 1678 926 A
1700 900 1757 927 bad
1779 900 1894 934 prolate

1664 934 1689 961 is
1711 939 1762 961 not
1784 935 1881 962 God's

1667 970 1880 997 ambassador.

1687 1771 1848 1807 Fornicrlv

1652 1807 1783 1868 prelates
1805 1815 1883 1834 were

1634 1851 1647 1868 c
1663 1842 1746 1869 ected
1772 1843 1809 1875 bv
1830 1841 1907 1869 their

1728 1874 1816 1905 flock.

1644 2471 1749 2498 Christ
1769 2470 1820 2498 did
1843 2476 1894 2498 not

1661 2505 1728 2540 give
1748 2506 1877 2533 Iscariot

1650 2548 1721 2568 cure
1740 2540 1775 2568 of
1792 2541 1887 2568 souls.
