2017 3353
772 292 993 324 JOHANNIS
1013 291 1197 323 WYCIJF
1226 291 1482 324 sERMONUM
1515 277 1667 335 [SERMO
1689 288 1768 315 vm.

479 399 526 434 ab
559 398 628 434 illo
662 397 795 434 officio
830 407 888 434 est
920 396 1101 442 dimissa3
1137 398 1241 433 unde
1276 398 1495 434 secundum
1530 397 1697 433 formam
1732 397 1789 433 lo-

480 456 628 504 quendi
661 456 857 503 scripture
890 455 1054 503 spiritus
1087 464 1248 492 sanctus
1287 455 1327 491 in
1360 455 1446 503 ipsa
1480 455 1669 491 columba
1701 456 1788 491 des-

479 514 678 560 cenderat,
720 515 795 549 hoc
836 522 906 559 est,
946 513 1031 561 ipsa
1069 513 1256 550 columba
1301 513 1559 549 manifestans
1603 512 1787 561 spiritum

479 580 660 608 sanctum
710 571 877 607 interius
929 571 1195 608 illustrantem
1240 571 1461 608 successive
1514 571 1787 607 descenderat.

480 630 543 666 Sic
577 630 682 666 enim
708 629 804 666 dicit
829 629 993 677 Sapiens
1026 630 1134 678 quod
1174 629 1346 666 omuibus
1377 630 1577 665 mobilibus
1610 629 1821 669 mobiliorf,

479 696 533 724 est
554 689 758 738 sapiencia,
778 700 860 724 non
885 689 994 736 quod
1019 687 1202 724 divinitas
1225 688 1284 724 vel
1309 700 1481 735 persona
1505 696 1639 724 eterna
1662 686 1786 734 possit

479 746 632 783 moveri
672 747 893 783 secundum
939 759 1053 782 suam
1094 746 1365 782 substanciam
1411 755 1545 793 preter
1583 745 1787 781 Christum

478 804 546 852 qui
578 805 794 852 assumpsit
823 803 1095 840 substanciam
1130 813 1305 840 creatam
1341 804 1562 839 seeundum
1597 802 1787 838 unionem

204 874 271 902 The
293 874 437 909 Baptist's
476 862 757 910 ypostaticam.
783 861 861 900 Sed
894 862 987 910 quia
1020 861 1184 898 effectus
1207 873 1376 909 persone
1400 860 1531 897 divine
1564 861 1786 896 secundum

216 913 340 940 witness
363 912 427 939 that

186 950 275 978 lesus
293 952 319 978 is
332 951 383 978 the
397 951 459 979 „Son
498 978 504 983 ,

256 986 288 1013 of
307 986 388 1013 God.

219 2387 287 2416 The
309 2388 425 2424 Baptist

184 2431 247 2450 was
263 2432 279 2451 a
290 2423 458 2452 Christian.

479 920 763 957 limitacionem
810 920 931 956 officii
966 919 1179 967 singularis
1212 919 1468 967 progreditur
1500 918 1708 966 paulative,
1750 928 1786 955 et
1806 936 1846 958 10

475 990 530 1014 sic
564 978 741 1026 Baptista
774 979 904 1014 videus
937 979 1003 1014 hec
1036 978 1161 1013 omnia
1194 977 1449 1013 testimonium
1482 977 1628 1027 efficax
1654 976 1786 1025 perhi—

476 1037 584 1072 bebat
607 1037 693 1085 quia
722 1037 832 1072 Jesus
863 1037 911 1071 sit
933 1036 1010 1071 Dei
1029 1035 1142 1085 filius
1163 1035 1368 1073 naturalis.
1407 1036 1548 1070 Testes
1573 1034 1678 1070 enirn
1703 1034 1785 1071 lau-

475 1094 625 1130 dabiles
660 1107 703 1130 ex
735 1093 810 1129 hiis
845 1106 923 1141 que
955 1093 1091 1129 vident
1125 1103 1336 1139 testantur,
1372 1094 1440 1129 sed
1464 1091 1644 1140 Baptista
1676 1092 1787 1129 testis

473 1152 570 1188 satis
593 1152 770 1188 famosus
794 1151 891 1187 vidit
913 1152 984 1187 hec
1009 1151 1107 1197 fieri,
1142 1150 1233 1187 ideo
1259 1151 1342 1189 eius
1366 1150 1644 1187 testimonium
1670 1151 1787 1186 debet

474 1209 571 1257 capi.
620 1211 706 1257 Ipse
740 1209 843 1245 enim
877 1210 1097 1246 secundum
1132 1218 1290 1257 gentem
1322 1208 1530 1245 Judaicam
1571 1208 1644 1244 fuit
1677 1217 1842 1248 sanc-15

473 1268 653 1304 tissimus
686 1269 976 1315 prophetarum
1012 1277 1048 1303 et
1080 1267 1302 1303 secundum
1328 1266 1475 1303 Christi
1508 1265 1786 1303 testimonium

473 1335 510 1361 et
559 1336 686 1362 totam
733 1336 882 1363 sectam
929 1325 1107 1361 fidelium
1142 1326 1226 1374 suit
1260 1326 1452 1374 propheta
1486 1332 1520 1360 et
1547 1324 1638 1373 plus
1670 1336 1784 1373 quam

467 1385 672 1433 propheta,
707 1397 798 1420 cum
832 1396 951 1431 supra
983 1383 1250 1431 prophetandi
1282 1383 1459 1419 officium
1493 1381 1783 1419 demonstravit

473 1443 521 1477 ad
554 1442 718 1478 oculum
753 1444 880 1478 Deum
915 1442 1213 1489 prophetatum.
1248 1443 1296 1478 Et
1330 1450 1524 1489 quantum
1559 1441 1608 1476 ad
1641 1439 1786 1477 sancti-

473 1509 595 1536 tatem
627 1500 705 1536 vite
738 1501 960 1536 secundum
986 1499 1175 1535 Veritatis
1209 1498 1505 1535 testimonium:
1539 1499 1645 1534 Inter
1677 1506 1787 1535 natos
1803 1516 1845 1537 20

472 1558 676 1594 mulierum
700 1571 771 1594 uon
794 1558 968 1594 surrexit
990 1558 1115 1594 maior
1134 1558 1307 1593 Johanne
1328 1557 1521 1606 Baptista.
1551 1556 1666 1592 Judei
1690 1568 1784 1604 ergo

472 1615 663 1662 infideles,
704 1616 845 1664 pagani
892 1624 928 1652 et
973 1625 1060 1652 tota
1101 1615 1264 1652 ecclesia
1307 1616 1424 1651 debet
1469 1615 1630 1650 credere
1676 1623 1785 1650 tanto

473 1674 581 1719 testi3
624 1674 805 1722 quamvis
845 1674 948 1710 enim
990 1673 1174 1710 Christus
1216 1673 1287 1709 fuit
1320 1672 1449 1709 maior
1480 1672 1670 1720 Baptista,
1705 1684 1785 1707 non

472 1741 605 1768 tamen
629 1731 797 1768 surrexit
821 1731 1093 1779 spiritualiter,
1119 1743 1209 1767 cum
1235 1743 1306 1767 nec
1329 1731 1549 1766 secundum
1574 1739 1784 1778 peccatum

472 1789 664 1837 originale
712 1802 783 1826 nec
824 1790 1044 1826 secundum
1083 1799 1293 1837 peccatum
1327 1788 1481 1825 actuale
1521 1800 1698 1836 unquam
1731 1787 1785 1823 ia-
1803 1795 1842 1827 25

473 1847 554 1884 cuit
589 1848 825 1893 maculatus,
861 1858 897 1884 et
931 1846 986 1884 sic
1021 1846 1201 1895 quamvis
1234 1848 1350 1883 beata
1385 1846 1496 1894 virgo
1521 1845 1594 1882 fuit
1628 1845 1784 1891 mulier,

473 1916 509 1942 et
533 1918 604 1953 per
627 1918 893 1954 consequens,
927 1907 1039 1941 ,lesus
1060 1904 1165 1941 filius
1190 1904 1383 1951 mulieris,
1418 1916 1625 1952 nunquam
1650 1913 1785 1940 tamen

471 1965 583 2000 Jesus
617 1974 756 2001 noster
787 1963 956 2000 surrexit
990 1963 1133 2009 taliter,
1159 1972 1195 1999 et
1230 1962 1319 1999 ideo
1353 1961 1472 1998 nichil
1506 1962 1581 1998 sibi
1615 1970 1652 1997 et
1677 1961 1784 1997 dicto

472 2021 637 2058 Domini
670 2023 717 2058 de
758 2022 936 2069 Baptista
975 2022 1086 2069 quod
1131 2033 1202 2057 non
1258 2020 1433 2056 surrexit
1477 2020 1614 2068 aliquis
1661 2019 1786 2055 maior

473 2080 551 2116 illo.
591 2082 683 2116 Non
717 2080 821 2115 enim
857 2079 952 2115 dicit
984 2079 1095 2126 quod
1129 2079 1227 2114 inter
1250 2085 1358 2114 natos
1381 2078 1583 2113 mulierum
1607 2090 1679 2114 non
1701 2077 1785 2126 fuit
1801 2085 1843 2117 30

472 2138 609 2186 aliquis
641 2138 767 2173 maior
806 2138 998 2186 Baptista,
1038 2137 1106 2172 sed
1146 2135 1351 2183 signanter
1388 2136 1498 2184 quod
1537 2135 1635 2171 inter
1676 2142 1785 2171 natos

472 2196 675 2231 mulierum
709 2207 781 2231 non
813 2196 987 2231 surrexit
1020 2194 1156 2243 aliquis
1188 2194 1312 2229 maior
1344 2193 1422 2230 illo.

533 2253 648 2289 Circa
681 2254 757 2289 hoc
791 2252 1039 2299 evangelium
1075 2252 1285 2288 dubitatur
1310 2251 1422 2287 cuius
1457 2250 1658 2299 religionis
1682 2251 1782 2297 Bap-

474 2311 566 2348 tista
599 2311 729 2356 fuerit,
764 2323 854 2347 cum
889 2323 970 2346 non
994 2309 1042 2346 sit
1065 2309 1266 2357 pertinens
1289 2310 1484 2357 prophete
1508 2317 1648 2345 sancto
1674 2320 1783 2344 men-

475 2369 539 2405 tiri
572 2379 736 2416 propter
760 2369 1034 2405 devocionem.
1070 2369 1154 2415 Ipse
1183 2377 1317 2403 autem
1351 2375 1521 2403 testatur
1541 2367 1628 2403 Joh.
1656 2368 1704 2411 10,
1731 2376 1780 2412 27
1798 2373 1838 2405 35

474 2428 582 2475 quod
605 2428 715 2462 ,Iesus
738 2435 824 2462 aute
847 2427 968 2476 ipsum
981 2427 1119 2475 sactus
1142 2433 1196 2461 est
1218 2425 1323 2460 cuius
1345 2438 1417 2461 uon
1449 2432 1503 2461 est
1536 2425 1676 2475 dignus
1698 2435 1782 2459 cor-

473 2485 616 2535 rigiam
641 2485 881 2520 calciamenti
897 2486 975 2520 eius
995 2484 1157 2520 solvere.
1178 2483 1219 2518 In
1243 2482 1319 2519 isto
1345 2483 1468 2519 dubio
1489 2492 1546 2519 est
1562 2481 1780 2518 tenendum

474 2542 644 2579 fideliter
683 2543 792 2590 quod
842 2542 1021 2590 Baptista
1060 2541 1133 2578 fuit
1174 2540 1410 2577 christianus
1450 2553 1489 2576 re
1528 2550 1565 2576 et
1599 2538 1781 2585 nomine;

542 2629 567 2658 5.
590 2629 611 2656 Β
633 2629 662 2658 in
685 2638 803 2664 marg.:
839 2630 1009 2665 Quomodo
1034 2629 1214 2662 intelligitur
1229 2628 1374 2655 omnibus
1390 2628 1559 2655 mobilibus
1580 2626 1727 2655 mobilior
1739 2630 1784 2653 est

474 2666 643 2700 sapiencia.
737 2665 764 2692 6.
788 2666 832 2692 A:
855 2670 970 2699 posset.
1063 2672 1090 2691 12
1122 2665 1169 2691 A:
1192 2663 1274 2698 quod
1295 2661 1395 2690 Jesus.
1504 2661 1541 2690 13.
1563 2664 1590 2689 A
1612 2663 1641 2689 in
1662 2668 1779 2693 marg.:

473 2699 565 2727 Nota.
640 2700 676 2727 15.
697 2701 741 2727 A:
763 2699 937 2726 judaicum.
1012 2706 1058 2726 20.
1080 2698 1122 2725 B:
1143 2705 1214 2725 cum
1235 2698 1324 2724 inter.
1415 2704 1452 2724 21.
1476 2696 1497 2724 Β
1519 2697 1548 2724 in
1570 2704 1688 2730 marg.:
1709 2695 1781 2723 Non

474 2734 606 2762 surrexit
627 2734 727 2762 maior
747 2734 887 2761 Johanne
910 2733 1047 2768 Baptista
1068 2733 1228 2768 quomodo
1248 2736 1293 2758 est
1314 2731 1560 2766 intelligendum.
1666 2730 1713 2758 26.
1735 2731 1779 2757 A:

473 2774 500 2796 et
520 2769 671 2804 sequitur.
761 2769 806 2795 28.
829 2771 875 2795 A:
898 2769 996 2796 taliter
1015 2768 1158 2795 surrexit.
1243 2766 1289 2793 30.
1308 2765 1348 2794 C:
1370 2766 1440 2794 Non
1462 2767 1543 2794 enim
1559 2781 1590 2785 -
1610 2765 1664 2792 illo
1685 2765 1780 2791 deest.

473 2805 513 2832 ib.
527 2805 572 2831 A:
588 2803 711 2831 surfuit.
783 2802 868 2831 33.A
881 2803 911 2830 in
928 2810 1044 2837 marg.:
1060 2802 1216 2833 Dubium3
1238 2799 1259 2826 B
1276 2800 1306 2828 in
1322 2809 1437 2836 marg:
1461 2800 1602 2836 Questio.
1675 2800 1720 2835 37.
1741 2801 1779 2827 A.

472 2839 502 2865 in
523 2846 643 2873 marg:
664 2838 846 2873 Responsio.

543 2911 571 2943 5.
599 2911 678 2954 Sap.
706 2910 778 2950 VII,
812 2920 864 2950 24.
965 2919 1016 2951 17.
1042 2908 1162 2941 Matth.
1187 2909 1244 2950 XI,
1275 2919 1306 2952 9.
1401 2918 1456 2940 20.
1479 2906 1620 2939 Matthei
1645 2906 1700 2947 XI,
1729 2916 1780 2938 11.
