<?xml version="1.0" encoding="UTF-8"?>
<!DOCTYPE html PUBLIC "-//W3C//DTD XHTML 1.0 Transitional//EN"
    "http://www.w3.org/TR/xhtml1/DTD/xhtml1-transitional.dtd">
<html xmlns="http://www.w3.org/1999/xhtml" xml:lang="en" lang="en">
 <head>
  <title>
</title>
<meta http-equiv="Content-Type" content="text/html;charset=utf-8" />
  <meta name='ocr-system' content='tesseract 3.04.00' />
  <meta name='ocr-capabilities' content='ocr_page ocr_carea ocr_par ocr_line ocrx_word'/>
</head>
<body>
  <div class='ocr_page' id='page_1' title='image "./iohanniswyclifse0701wycl_0189.png"; bbox 0 0 2017 3353; ppageno 0'>
   <div class='ocr_carea' id='block_1_1' title="bbox 247 266 1054 323">
    <p class='ocr_par' dir='ltr' id='par_1_1' title="bbox 247 266 1054 323">
     <span class='ocr_line' id='line_1_1' title="bbox 247 266 1054 323; baseline 0.002 -17"><span class='ocrx_word' id='word_1_1' title='bbox 247 277 382 306; x_wconf 55' lang='lat' dir='ltr'>senno</span> <span class='ocrx_word' id='word_1_2' title='bbox 405 266 484 323; x_wconf 55' lang='lat' dir='ltr'>xx]</span> <span class='ocrx_word' id='word_1_3' title='bbox 759 277 900 310; x_wconf 83' lang='lat' dir='ltr'>PRIMA</span> <span class='ocrx_word' id='word_1_4' title='bbox 929 276 1054 309; x_wconf 80' lang='lat' dir='ltr'>PARS.</span> 
     </span>
    </p>
   </div>
   <div class='ocr_carea' id='block_1_2' title="bbox 189 382 1575 2640">
    <p class='ocr_par' dir='ltr' id='par_1_2' title="bbox 189 382 1575 2640">
     <span class='ocr_line' id='line_1_2' title="bbox 244 382 1564 431; baseline -0.005 -8"><span class='ocrx_word' id='word_1_5' title='bbox 244 387 394 424; x_wconf 82' lang='lat' dir='ltr'>homine</span> <span class='ocrx_word' id='word_1_6' title='bbox 426 394 499 422; x_wconf 90' lang='lat' dir='ltr'>etc.</span> <span class='ocrx_word' id='word_1_7' title='bbox 534 389 608 422; x_wconf 86' lang='lat' dir='ltr'>Iste</span> <span class='ocrx_word' id='word_1_8' title='bbox 631 385 847 421; x_wconf 86' lang='lat' dir='ltr'>inmundus</span> <span class='ocrx_word' id='word_1_9' title='bbox 879 382 1041 431; x_wconf 85' lang='lat' dir='ltr'>spiritus</span> <span class='ocrx_word' id='word_1_10' title='bbox 1075 392 1131 419; x_wconf 85' lang='lat' dir='ltr'>est</span> <span class='ocrx_word' id='word_1_11' title='bbox 1166 382 1348 430; x_wconf 86' lang='lat' dir='ltr'>capitalis</span> <span class='ocrx_word' id='word_1_12' title='bbox 1381 382 1564 418; x_wconf 82' lang='lat' dir='ltr'>diabolus</span> 
     </span>
     <span class='ocr_line' id='line_1_3' title="bbox 244 440 1561 495; baseline -0.005 -14"><span class='ocrx_word' id='word_1_13' title='bbox 244 446 311 495; x_wconf 92' lang='lat' dir='ltr'>qui</span> <span class='ocrx_word' id='word_1_14' title='bbox 345 444 557 481; x_wconf 89' lang='lat' dir='ltr'>adiunctus</span> <span class='ocrx_word' id='word_1_15' title='bbox 592 452 648 479; x_wconf 86' lang='lat' dir='ltr'>est</span> <span class='ocrx_word' id='word_1_16' title='bbox 681 442 815 490; x_wconf 76' lang='lat' dir='ltr'>generi</span> <span class='ocrx_word' id='word_1_17' title='bbox 850 443 1027 477; x_wconf 86' lang='lat' dir='ltr'>humano</span> <span class='ocrx_word' id='word_1_18' title='bbox 1062 453 1104 477; x_wconf 75' lang='lat' dir='ltr'>ex</span> <span class='ocrx_word' id='word_1_19' title='bbox 1138 453 1217 488; x_wconf 90' lang='lat' dir='ltr'>quo</span> <span class='ocrx_word' id='word_1_20' title='bbox 1251 440 1432 476; x_wconf 83' lang='lat' dir='ltr'>Christus</span> <span class='ocrx_word' id='word_1_21' title='bbox 1471 453 1561 487; x_wconf 90' lang='lat' dir='ltr'>pro-</span> 
     </span>
     <span class='ocr_line' id='line_1_4' title="bbox 246 499 1562 550; baseline -0.005 -10"><span class='ocrx_word' id='word_1_22' title='bbox 246 511 430 548; x_wconf 82' lang='lat' dir='ltr'>cesserat,</span> <span class='ocrx_word' id='word_1_23' title='bbox 473 503 580 550; x_wconf 88' lang='lat' dir='ltr'>quod</span> <span class='ocrx_word' id='word_1_24' title='bbox 611 501 831 537; x_wconf 88' lang='lat' dir='ltr'>secundum</span> <span class='ocrx_word' id='word_1_25' title='bbox 867 499 1017 547; x_wconf 81' lang='lat' dir='ltr'>logicos</span> <span class='ocrx_word' id='word_1_26' title='bbox 1052 508 1088 535; x_wconf 91' lang='lat' dir='ltr'>et</span> <span class='ocrx_word' id='word_1_27' title='bbox 1122 499 1332 546; x_wconf 80' lang='lat' dir='ltr'>theologos</span> <span class='ocrx_word' id='word_1_28' title='bbox 1372 507 1428 534; x_wconf 87' lang='lat' dir='ltr'>est</span> <span class='ocrx_word' id='word_1_29' title='bbox 1462 511 1562 533; x_wconf 85' lang='lat' dir='ltr'>unus</span> 
     </span>
     <span class='ocr_line' id='line_1_5' title="bbox 245 555 1560 605; baseline -0.005 -7"><span class='ocrx_word' id='word_1_30' title='bbox 245 563 379 598; x_wconf 87' lang='lat' dir='ltr'>homo.</span> <span class='ocrx_word' id='word_1_31' title='bbox 420 560 612 596; x_wconf 84' lang='lat' dir='ltr'>Diabolus</span> <span class='ocrx_word' id='word_1_32' title='bbox 653 558 757 595; x_wconf 88' lang='lat' dir='ltr'>enim</span> <span class='ocrx_word' id='word_1_33' title='bbox 791 567 974 605; x_wconf 87' lang='lat' dir='ltr'>tempore</span> <span class='ocrx_word' id='word_1_34' title='bbox 1013 556 1297 604; x_wconf 85' lang='lat' dir='ltr'>temptacionis</span> <span class='ocrx_word' id='word_1_35' title='bbox 1337 555 1560 604; x_wconf 85' lang='lat' dir='ltr'>primorum</span> 
     </span>
     <span class='ocr_line' id='line_1_6' title="bbox 210 614 1561 668; baseline -0.004 -13"><span class='ocrx_word' id='word_1_36' title='bbox 210 619 455 668; x_wconf 88' lang='lat' dir='ltr'>5parentum</span> <span class='ocrx_word' id='word_1_37' title='bbox 492 619 605 665; x_wconf 87' lang='lat' dir='ltr'>(Gen.</span> <span class='ocrx_word' id='word_1_38' title='bbox 632 619 719 664; x_wconf 90' lang='lat'><em>1110)</em></span> <span class='ocrx_word' id='word_1_39' title='bbox 746 616 802 652; x_wconf 93' lang='lat' dir='ltr'>illi</span> <span class='ocrx_word' id='word_1_40' title='bbox 836 615 989 652; x_wconf 89' lang='lat' dir='ltr'>homini</span> <span class='ocrx_word' id='word_1_41' title='bbox 1020 614 1222 651; x_wconf 79' lang='lat' dir='ltr'>invidebat</span> <span class='ocrx_word' id='word_1_42' title='bbox 1252 623 1288 650; x_wconf 88' lang='lat' dir='ltr'>et</span> <span class='ocrx_word' id='word_1_43' title='bbox 1312 615 1361 650; x_wconf 92' lang='lat' dir='ltr'>ad</span> <span class='ocrx_word' id='word_1_44' title='bbox 1391 622 1561 661; x_wconf 87' lang='lat' dir='ltr'>tempus,</span> 
     </span>
     <span class='ocr_line' id='line_1_7' title="bbox 243 672 1563 725; baseline -0.005 -11"><span class='ocrx_word' id='word_1_45' title='bbox 243 677 478 725; x_wconf 88' lang='lat' dir='ltr'>temptando</span> <span class='ocrx_word' id='word_1_46' title='bbox 517 675 548 712; x_wconf 91' lang='lat' dir='ltr'>si</span> <span class='ocrx_word' id='word_1_47' title='bbox 586 675 660 711; x_wconf 84' lang='lat' dir='ltr'>sibi</span> <span class='ocrx_word' id='word_1_48' title='bbox 694 682 827 722; x_wconf 87' lang='lat' dir='ltr'>posset</span> <span class='ocrx_word' id='word_1_49' title='bbox 860 674 1011 717; x_wconf 85' lang='lat' dir='ltr'>obesse,</span> <span class='ocrx_word' id='word_1_50' title='bbox 1051 672 1209 709; x_wconf 82' lang='lat' dir='ltr'>assidue</span> <span class='ocrx_word' id='word_1_51' title='bbox 1232 672 1461 716; x_wconf 83' lang='lat' dir='ltr'>assistebat;</span> <span class='ocrx_word' id='word_1_52' title='bbox 1496 672 1563 708; x_wconf 88' lang='lat' dir='ltr'>sed</span> 
     </span>
     <span class='ocr_line' id='line_1_8' title="bbox 242 729 1564 782; baseline -0.005 -11"><span class='ocrx_word' id='word_1_53' title='bbox 242 735 413 772; x_wconf 71' lang='lat' dir='ltr'>videndo</span> <span class='ocrx_word' id='word_1_54' title='bbox 448 733 767 782; x_wconf 86' lang='lat' dir='ltr'>patriarcharum</span> <span class='ocrx_word' id='word_1_55' title='bbox 802 730 1078 768; x_wconf 85' lang='lat' dir='ltr'>fortitudinem</span> <span class='ocrx_word' id='word_1_56' title='bbox 1120 730 1159 766; x_wconf 94' lang='lat' dir='ltr'>in</span> <span class='ocrx_word' id='word_1_57' title='bbox 1193 730 1269 766; x_wconf 82' lang='lat' dir='ltr'>fide</span> <span class='ocrx_word' id='word_1_58' title='bbox 1309 739 1346 766; x_wconf 89' lang='lat' dir='ltr'>et</span> <span class='ocrx_word' id='word_1_59' title='bbox 1386 729 1564 765; x_wconf 90' lang='lat' dir='ltr'>moribus</span> 
     </span>
     <span class='ocr_line' id='line_1_9' title="bbox 244 788 1563 842; baseline -0.005 -13"><span class='ocrx_word' id='word_1_60' title='bbox 244 794 351 842; x_wconf 86' lang='lat' dir='ltr'>quod</span> <span class='ocrx_word' id='word_1_61' title='bbox 396 791 469 828; x_wconf 83' lang='lat' dir='ltr'>sibi</span> <span class='ocrx_word' id='word_1_62' title='bbox 512 804 658 828; x_wconf 91' lang='lat' dir='ltr'>nocere</span> <span class='ocrx_word' id='word_1_63' title='bbox 695 803 777 827; x_wconf 88' lang='lat' dir='ltr'>non</span> <span class='ocrx_word' id='word_1_64' title='bbox 816 789 1016 826; x_wconf 84' lang='lat' dir='ltr'>sufficeret</span> <span class='ocrx_word' id='word_1_65' title='bbox 1048 797 1091 825; x_wconf 92' lang='lat' dir='ltr'>ut</span> <span class='ocrx_word' id='word_1_66' title='bbox 1123 789 1311 837; x_wconf 82' lang='lat' dir='ltr'>placeret,</span> <span class='ocrx_word' id='word_1_67' title='bbox 1351 788 1470 824; x_wconf 75' lang='lat' dir='ltr'>exivit</span> <span class='ocrx_word' id='word_1_68' title='bbox 1515 788 1563 824; x_wconf 89' lang='lat' dir='ltr'>ab</span> 
     </span>
     <span class='ocr_line' id='line_1_10' title="bbox 245 846 1563 897; baseline -0.005 -10"><span class='ocrx_word' id='word_1_69' title='bbox 245 851 313 887; x_wconf 94' lang='lat' dir='ltr'>illo</span> <span class='ocrx_word' id='word_1_70' title='bbox 347 850 509 887; x_wconf 85' lang='lat' dir='ltr'>homine</span> <span class='ocrx_word' id='word_1_71' title='bbox 543 850 592 886; x_wconf 90' lang='lat' dir='ltr'>ad</span> <span class='ocrx_word' id='word_1_72' title='bbox 625 848 791 897; x_wconf 82' lang='lat' dir='ltr'>gentiles</span> <span class='ocrx_word' id='word_1_73' title='bbox 825 860 997 896; x_wconf 87' lang='lat' dir='ltr'>quorum</span> <span class='ocrx_word' id='word_1_74' title='bbox 1033 859 1204 895; x_wconf 90' lang='lat' dir='ltr'>corpora</span> <span class='ocrx_word' id='word_1_75' title='bbox 1243 855 1335 882; x_wconf 88' lang='lat' dir='ltr'>sunt</span> <span class='ocrx_word' id='word_1_76' title='bbox 1368 846 1450 882; x_wconf 83' lang='lat' dir='ltr'>loca</span> <span class='ocrx_word' id='word_1_77' title='bbox 1483 846 1563 881; x_wconf 81' lang='lat' dir='ltr'>ina-</span> 
     </span>
     <span class='ocr_line' id='line_1_11' title="bbox 191 903 1565 959; baseline -0.004 -14"><span class='ocrx_word' id='word_1_78' title='bbox 191 920 229 942; x_wconf 88' lang='lat'>10</span> <span class='ocrx_word' id='word_1_79' title='bbox 245 922 375 959; x_wconf 79' lang='lat' dir='ltr'>quosa,</span> <span class='ocrx_word' id='word_1_80' title='bbox 415 908 508 957; x_wconf 89' lang='lat' dir='ltr'>quia</span> <span class='ocrx_word' id='word_1_81' title='bbox 541 909 590 944; x_wconf 86' lang='lat' dir='ltr'>ab</span> <span class='ocrx_word' id='word_1_82' title='bbox 635 906 733 943; x_wconf 90' lang='lat' dir='ltr'>olim</span> <span class='ocrx_word' id='word_1_83' title='bbox 778 907 827 942; x_wconf 90' lang='lat' dir='ltr'>ab</span> <span class='ocrx_word' id='word_1_84' title='bbox 873 907 1042 942; x_wconf 90' lang='lat' dir='ltr'>humore</span> <span class='ocrx_word' id='word_1_85' title='bbox 1092 904 1293 953; x_wconf 82' lang='lat' dir='ltr'>sapiencie</span> <span class='ocrx_word' id='word_1_86' title='bbox 1346 913 1382 940; x_wconf 89' lang='lat' dir='ltr'>et</span> <span class='ocrx_word' id='word_1_87' title='bbox 1433 903 1565 951; x_wconf 80' lang='lat' dir='ltr'>gracie</span> 
     </span>
     <span class='ocr_line' id='line_1_12' title="bbox 246 961 1563 1014; baseline -0.005 -11"><span class='ocrx_word' id='word_1_88' title='bbox 246 967 435 1004; x_wconf 88' lang='lat' dir='ltr'>destituta</span> <span class='ocrx_word' id='word_1_89' title='bbox 485 975 521 1003; x_wconf 91' lang='lat' dir='ltr'>et</span> <span class='ocrx_word' id='word_1_90' title='bbox 573 977 735 1014; x_wconf 84' lang='lat' dir='ltr'>querens</span> <span class='ocrx_word' id='word_1_91' title='bbox 779 964 945 1013; x_wconf 82' lang='lat' dir='ltr'>requiem</span> <span class='ocrx_word' id='word_1_92' title='bbox 990 963 1031 999; x_wconf 90' lang='lat' dir='ltr'>in</span> <span class='ocrx_word' id='word_1_93' title='bbox 1075 963 1143 999; x_wconf 91' lang='lat' dir='ltr'>illo</span> <span class='ocrx_word' id='word_1_94' title='bbox 1187 974 1330 1011; x_wconf 86' lang='lat' dir='ltr'>genere</span> <span class='ocrx_word' id='word_1_95' title='bbox 1380 961 1563 1010; x_wconf 80' lang='lat' dir='ltr'>gencium</span> 
     </span>
     <span class='ocr_line' id='line_1_13' title="bbox 246 1019 1563 1074; baseline -0.005 -12"><span class='ocrx_word' id='word_1_96' title='bbox 246 1034 441 1074; x_wconf 88' lang='lat' dir='ltr'>quantum</span> <span class='ocrx_word' id='word_1_97' title='bbox 482 1024 613 1072; x_wconf 88' lang='lat' dir='ltr'>placet</span> <span class='ocrx_word' id='word_1_98' title='bbox 651 1036 723 1059; x_wconf 86' lang='lat' dir='ltr'>non</span> <span class='ocrx_word' id='word_1_99' title='bbox 757 1022 898 1058; x_wconf 79' lang='lat' dir='ltr'>invenit</span> <span class='ocrx_word' id='word_1_100' title='bbox 935 1022 1059 1058; x_wconf 87' lang='lat' dir='ltr'>Iocum</span> <span class='ocrx_word' id='word_1_101' title='bbox 1094 1021 1162 1070; x_wconf 91' lang='lat' dir='ltr'>qui</span> <span class='ocrx_word' id='word_1_102' title='bbox 1195 1033 1308 1057; x_wconf 87' lang='lat' dir='ltr'>suam</span> <span class='ocrx_word' id='word_1_103' title='bbox 1341 1019 1563 1057; x_wconf 80' lang='lat' dir='ltr'>versuciam</span> 
     </span>
     <span class='ocr_line' id='line_1_14' title="bbox 245 1077 1566 1132; baseline -0.005 -12"><span class='ocrx_word' id='word_1_104' title='bbox 245 1082 392 1132; x_wconf 89' lang='lat' dir='ltr'>poterit</span> <span class='ocrx_word' id='word_1_105' title='bbox 430 1082 622 1131; x_wconf 87' lang='lat' dir='ltr'>quietare.</span> <span class='ocrx_word' id='word_1_106' title='bbox 668 1082 716 1117; x_wconf 80' lang='lat' dir='ltr'>Et</span> <span class='ocrx_word' id='word_1_107' title='bbox 755 1080 846 1117; x_wconf 89' lang='lat' dir='ltr'>hinc</span> <span class='ocrx_word' id='word_1_108' title='bbox 886 1092 928 1116; x_wconf 86' lang='lat' dir='ltr'>ex</span> <span class='ocrx_word' id='word_1_109' title='bbox 967 1079 1133 1128; x_wconf 90' lang='lat' dir='ltr'>antiqua</span> <span class='ocrx_word' id='word_1_110' title='bbox 1172 1078 1332 1115; x_wconf 79' lang='lat' dir='ltr'>malicia</span> <span class='ocrx_word' id='word_1_111' title='bbox 1371 1077 1467 1114; x_wconf 85' lang='lat' dir='ltr'>dicit</span> <span class='ocrx_word' id='word_1_112' title='bbox 1502 1077 1566 1114; x_wconf 91' lang='lat' dir='ltr'>ille</span> 
     </span>
     <span class='ocr_line' id='line_1_15' title="bbox 245 1136 1566 1190; baseline -0.005 -12"><span class='ocrx_word' id='word_1_113' title='bbox 245 1141 408 1190; x_wconf 86' lang='lat' dir='ltr'>spiritus</span> <span class='ocrx_word' id='word_1_114' title='bbox 441 1140 515 1177; x_wconf 86' lang='lat' dir='ltr'>sibi</span> <span class='ocrx_word' id='word_1_115' title='bbox 549 1139 644 1188; x_wconf 77' lang='lat' dir='ltr'>ipsi:</span> <span class='ocrx_word' id='word_1_116' title='bbox 678 1140 874 1175; x_wconf 71' lang='lat' dir='ltr'>Revertar</span> <span class='ocrx_word' id='word_1_117' title='bbox 905 1139 940 1174; x_wconf 88' lang='lat' dir='ltr'>in</span> <span class='ocrx_word' id='word_1_118' title='bbox 975 1139 1129 1174; x_wconf 81' lang='lat' dir='ltr'>domum</span> <span class='ocrx_word' id='word_1_119' title='bbox 1162 1149 1286 1173; x_wconf 86' lang='lat' dir='ltr'>meam</span> <span class='ocrx_word' id='word_1_120' title='bbox 1318 1137 1418 1173; x_wconf 83' lang='lat' dir='ltr'>unde</span> <span class='ocrx_word' id='word_1_121' title='bbox 1449 1136 1566 1182; x_wconf 76' lang='lat' dir='ltr'>exivi,</span> 
     </span>
     <span class='ocr_line' id='line_1_16' title="bbox 192 1193 1564 1245; baseline -0.003 -11"><span class='ocrx_word' id='word_1_122' title='bbox 192 1202 228 1235; x_wconf 84' lang='lat'>15</span> <span class='ocrx_word' id='word_1_123' title='bbox 247 1201 322 1236; x_wconf 89' lang='lat' dir='ltr'>hoc</span> <span class='ocrx_word' id='word_1_124' title='bbox 355 1208 424 1245; x_wconf 85' lang='lat' dir='ltr'>est,</span> <span class='ocrx_word' id='word_1_125' title='bbox 459 1198 598 1235; x_wconf 86' lang='lat' dir='ltr'>redibo</span> <span class='ocrx_word' id='word_1_126' title='bbox 629 1198 679 1234; x_wconf 89' lang='lat' dir='ltr'>ad</span> <span class='ocrx_word' id='word_1_127' title='bbox 704 1197 816 1233; x_wconf 90' lang='lat' dir='ltr'>illurn</span> <span class='ocrx_word' id='word_1_128' title='bbox 851 1195 1057 1232; x_wconf 88' lang='lat' dir='ltr'>hominem</span> <span class='ocrx_word' id='word_1_129' title='bbox 1082 1197 1129 1232; x_wconf 92' lang='lat' dir='ltr'>de</span> <span class='ocrx_word' id='word_1_130' title='bbox 1153 1208 1233 1244; x_wconf 90' lang='lat' dir='ltr'>quo</span> <span class='ocrx_word' id='word_1_131' title='bbox 1257 1203 1355 1243; x_wconf 90' lang='lat' dir='ltr'>puto</span> <span class='ocrx_word' id='word_1_132' title='bbox 1379 1193 1564 1231; x_wconf 87' lang='lat' dir='ltr'>Messiam</span> 
     </span>
     <span class='ocr_line' id='line_1_17' title="bbox 246 1253 1565 1303; baseline -0.005 -9"><span class='ocrx_word' id='word_1_133' title='bbox 246 1258 499 1294; x_wconf 88' lang='lat' dir='ltr'>descendere.</span> <span class='ocrx_word' id='word_1_134' title='bbox 523 1256 576 1292; x_wconf 86' lang='lat' dir='ltr'>Et</span> <span class='ocrx_word' id='word_1_135' title='bbox 609 1255 759 1292; x_wconf 75' lang='lat' dir='ltr'>veniens</span> <span class='ocrx_word' id='word_1_136' title='bbox 781 1264 964 1303; x_wconf 88' lang='lat' dir='ltr'>tempore</span> <span class='ocrx_word' id='word_1_137' title='bbox 985 1255 1204 1290; x_wconf 90' lang='lat' dir='ltr'>Judeorum</span> <span class='ocrx_word' id='word_1_138' title='bbox 1239 1253 1379 1289; x_wconf 83' lang='lat' dir='ltr'>invenit</span> <span class='ocrx_word' id='word_1_139' title='bbox 1411 1253 1565 1288; x_wconf 84' lang='lat' dir='ltr'>domum</span> 
     </span>
     <span class='ocr_line' id='line_1_18' title="bbox 244 1309 1567 1361; baseline -0.005 -9"><span class='ocrx_word' id='word_1_140' title='bbox 244 1328 376 1353; x_wconf 82' lang='lat' dir='ltr'>eorum</span> <span class='ocrx_word' id='word_1_141' title='bbox 422 1322 619 1351; x_wconf 76' lang='lat' dir='ltr'>vacantem</span> <span class='ocrx_word' id='word_1_142' title='bbox 658 1327 680 1350; x_wconf 89' lang='lat' dir='ltr'>a</span> <span class='ocrx_word' id='word_1_143' title='bbox 718 1312 814 1361; x_wconf 83' lang='lat' dir='ltr'>legis</span> <span class='ocrx_word' id='word_1_144' title='bbox 855 1311 1115 1351; x_wconf 76' lang='lat' dir='ltr'>observancia</span> <span class='ocrx_word' id='word_1_145' title='bbox 1165 1320 1201 1347; x_wconf 90' lang='lat' dir='ltr'>et</span> <span class='ocrx_word' id='word_1_146' title='bbox 1250 1310 1362 1347; x_wconf 78' lang='lat' dir='ltr'>vanis</span> <span class='ocrx_word' id='word_1_147' title='bbox 1405 1309 1567 1347; x_wconf 89' lang='lat' dir='ltr'>tradici-</span> 
     </span>
     <span class='ocr_line' id='line_1_19' title="bbox 245 1368 1566 1420; baseline -0.005 -10"><span class='ocrx_word' id='word_1_148' title='bbox 245 1373 389 1411; x_wconf 84' lang='lat' dir='ltr'>onibus</span> <span class='ocrx_word' id='word_1_149' title='bbox 421 1373 708 1409; x_wconf 86' lang='lat' dir='ltr'>intendentem.</span> <span class='ocrx_word' id='word_1_150' title='bbox 743 1371 878 1420; x_wconf 83' lang='lat' dir='ltr'>Scopis</span> <span class='ocrx_word' id='word_1_151' title='bbox 909 1379 1043 1407; x_wconf 89' lang='lat' dir='ltr'>autem</span> <span class='ocrx_word' id='word_1_152' title='bbox 1083 1370 1307 1416; x_wconf 83' lang='lat' dir='ltr'>mundatur,</span> <span class='ocrx_word' id='word_1_153' title='bbox 1347 1368 1441 1417; x_wconf 89' lang='lat' dir='ltr'>quia</span> <span class='ocrx_word' id='word_1_154' title='bbox 1472 1381 1566 1416; x_wconf 85' lang='lat' dir='ltr'>gens</span> 
     </span>
     <span class='ocr_line' id='line_1_20' title="bbox 245 1425 1567 1478; baseline -0.005 -10"><span class='ocrx_word' id='word_1_155' title='bbox 245 1431 411 1468; x_wconf 86' lang='lat' dir='ltr'>Judaica</span> <span class='ocrx_word' id='word_1_156' title='bbox 461 1440 498 1467; x_wconf 91' lang='lat' dir='ltr'>et</span> <span class='ocrx_word' id='word_1_157' title='bbox 548 1429 774 1478; x_wconf 86' lang='lat' dir='ltr'>specialiter</span> <span class='ocrx_word' id='word_1_158' title='bbox 823 1430 1052 1465; x_wconf 88' lang='lat' dir='ltr'>sacerdotes</span> <span class='ocrx_word' id='word_1_159' title='bbox 1105 1439 1267 1464; x_wconf 89' lang='lat' dir='ltr'>omnem</span> <span class='ocrx_word' id='word_1_160' title='bbox 1319 1425 1567 1463; x_wconf 88' lang='lat' dir='ltr'>inmundicie</span> 
     </span>
     <span class='ocr_line' id='line_1_21' title="bbox 189 1484 1568 1538; baseline -0.003 -14"><span class='ocrx_word' id='word_1_161' title='bbox 189 1502 231 1524; x_wconf 91' lang='lat'>20</span> <span class='ocrx_word' id='word_1_162' title='bbox 247 1488 533 1538; x_wconf 88' lang='lat' dir='ltr'>apparenciam</span> <span class='ocrx_word' id='word_1_163' title='bbox 578 1488 853 1533; x_wconf 85' lang='lat' dir='ltr'>excludebant,</span> <span class='ocrx_word' id='word_1_164' title='bbox 893 1487 948 1524; x_wconf 92' lang='lat' dir='ltr'>sic</span> <span class='ocrx_word' id='word_1_165' title='bbox 988 1487 1097 1535; x_wconf 88' lang='lat' dir='ltr'>quod</span> <span class='ocrx_word' id='word_1_166' title='bbox 1136 1498 1275 1522; x_wconf 90' lang='lat' dir='ltr'>eorum</span> <span class='ocrx_word' id='word_1_167' title='bbox 1314 1484 1485 1522; x_wconf 88' lang='lat' dir='ltr'>tradicio</span> <span class='ocrx_word' id='word_1_168' title='bbox 1531 1493 1568 1521; x_wconf 88' lang='lat' dir='ltr'>et</span> 
     </span>
     <span class='ocr_line' id='line_1_22' title="bbox 248 1544 1567 1593; baseline -0.005 -8"><span class='ocrx_word' id='word_1_169' title='bbox 248 1548 330 1585; x_wconf 88' lang='lat' dir='ltr'>eius</span> <span class='ocrx_word' id='word_1_170' title='bbox 364 1547 548 1584; x_wconf 82' lang='lat' dir='ltr'>execucio</span> <span class='ocrx_word' id='word_1_171' title='bbox 581 1546 654 1583; x_wconf 84' lang='lat' dir='ltr'>fuit</span> <span class='ocrx_word' id='word_1_172' title='bbox 686 1545 855 1582; x_wconf 86' lang='lat' dir='ltr'>subditis</span> <span class='ocrx_word' id='word_1_173' title='bbox 888 1544 1001 1593; x_wconf 87' lang='lat' dir='ltr'>quasi</span> <span class='ocrx_word' id='word_1_174' title='bbox 1040 1557 1175 1593; x_wconf 86' lang='lat' dir='ltr'>scopa.</span> <span class='ocrx_word' id='word_1_175' title='bbox 1215 1545 1293 1581; x_wconf 83' lang='lat' dir='ltr'>Sue</span> <span class='ocrx_word' id='word_1_176' title='bbox 1325 1552 1459 1580; x_wconf 89' lang='lat' dir='ltr'>autem</span> <span class='ocrx_word' id='word_1_177' title='bbox 1499 1544 1567 1580; x_wconf 92' lang='lat' dir='ltr'>ob-</span> 
     </span>
     <span class='ocr_line' id='line_1_23' title="bbox 248 1603 1569 1652; baseline -0.005 -9"><span class='ocrx_word' id='word_1_178' title='bbox 248 1605 452 1643; x_wconf 74' lang='lat' dir='ltr'>servancie</span> <span class='ocrx_word' id='word_1_179' title='bbox 490 1613 603 1642; x_wconf 86' lang='lat' dir='ltr'>erant</span> <span class='ocrx_word' id='word_1_180' title='bbox 645 1603 867 1652; x_wconf 83' lang='lat' dir='ltr'>ypocritica</span> <span class='ocrx_word' id='word_1_181' title='bbox 906 1611 1158 1648; x_wconf 90' lang='lat' dir='ltr'>ornamenta,</span> <span class='ocrx_word' id='word_1_182' title='bbox 1198 1610 1235 1638; x_wconf 91' lang='lat' dir='ltr'>et</span> <span class='ocrx_word' id='word_1_183' title='bbox 1267 1611 1362 1638; x_wconf 88' lang='lat' dir='ltr'>tunc</span> <span class='ocrx_word' id='word_1_184' title='bbox 1401 1609 1569 1650; x_wconf 83' lang='lat' dir='ltr'>apparet</span> 
     </span>
     <span class='ocr_line' id='line_1_24' title="bbox 249 1659 1567 1708; baseline -0.005 -7"><span class='ocrx_word' id='word_1_185' title='bbox 249 1664 323 1701; x_wconf 91' lang='lat' dir='ltr'>sibi</span> <span class='ocrx_word' id='word_1_186' title='bbox 375 1676 418 1700; x_wconf 86' lang='lat' dir='ltr'>ex</span> <span class='ocrx_word' id='word_1_187' title='bbox 470 1662 745 1700; x_wconf 89' lang='lat' dir='ltr'>declinacione</span> <span class='ocrx_word' id='word_1_188' title='bbox 795 1675 816 1698; x_wconf 90' lang='lat' dir='ltr'>a</span> <span class='ocrx_word' id='word_1_189' title='bbox 867 1661 1069 1698; x_wconf 87' lang='lat' dir='ltr'>soliditate</span> <span class='ocrx_word' id='word_1_190' title='bbox 1120 1660 1216 1708; x_wconf 86' lang='lat' dir='ltr'>legis</span> <span class='ocrx_word' id='word_1_191' title='bbox 1250 1659 1413 1696; x_wconf 86' lang='lat' dir='ltr'>Domini</span> <span class='ocrx_word' id='word_1_192' title='bbox 1458 1659 1567 1708; x_wconf 89' lang='lat' dir='ltr'>quod</span> 
     </span>
     <span class='ocr_line' id='line_1_25' title="bbox 249 1717 1568 1771; baseline -0.005 -12"><span class='ocrx_word' id='word_1_193' title='bbox 249 1723 421 1771; x_wconf 88' lang='lat' dir='ltr'>populus</span> <span class='ocrx_word' id='word_1_194' title='bbox 466 1730 522 1758; x_wconf 88' lang='lat' dir='ltr'>est</span> <span class='ocrx_word' id='word_1_195' title='bbox 566 1733 717 1770; x_wconf 92' lang='lat' dir='ltr'>pronus</span> <span class='ocrx_word' id='word_1_196' title='bbox 760 1719 950 1764; x_wconf 77' lang='lat' dir='ltr'>illusioni,</span> <span class='ocrx_word' id='word_1_197' title='bbox 984 1719 1077 1768; x_wconf 88' lang='lat' dir='ltr'>quia</span> <span class='ocrx_word' id='word_1_198' title='bbox 1121 1717 1310 1767; x_wconf 85' lang='lat' dir='ltr'>palliacio</span> <span class='ocrx_word' id='word_1_199' title='bbox 1347 1717 1568 1766; x_wconf 78' lang='lat' dir='ltr'>ypocritica</span> 
     </span>
     <span class='ocr_line' id='line_1_26' title="bbox 195 1775 1568 1827; baseline -0.003 -12"><span class='ocrx_word' id='word_1_200' title='bbox 195 1782 234 1816; x_wconf 86' lang='lat'>25</span> <span class='ocrx_word' id='word_1_201' title='bbox 252 1789 308 1817; x_wconf 89' lang='lat' dir='ltr'>est</span> <span class='ocrx_word' id='word_1_202' title='bbox 342 1779 513 1816; x_wconf 81' lang='lat' dir='ltr'>maxime</span> <span class='ocrx_word' id='word_1_203' title='bbox 552 1778 786 1827; x_wconf 80' lang='lat' dir='ltr'>dispositiva</span> <span class='ocrx_word' id='word_1_204' title='bbox 819 1779 869 1814; x_wconf 90' lang='lat' dir='ltr'>ad</span> <span class='ocrx_word' id='word_1_205' title='bbox 908 1776 1194 1825; x_wconf 88' lang='lat' dir='ltr'>decepcionem</span> <span class='ocrx_word' id='word_1_206' title='bbox 1234 1775 1397 1812; x_wconf 88' lang='lat' dir='ltr'>diaboli.</span> <span class='ocrx_word' id='word_1_207' title='bbox 1438 1777 1486 1812; x_wconf 87' lang='lat' dir='ltr'>Et</span> <span class='ocrx_word' id='word_1_208' title='bbox 1526 1788 1568 1811; x_wconf 86' lang='lat' dir='ltr'>ex</span> 
     </span>
     <span class='ocr_line' id='line_1_27' title="bbox 250 1834 1567 1885; baseline -0.005 -10"><span class='ocrx_word' id='word_1_209' title='bbox 250 1837 500 1875; x_wconf 87' lang='lat' dir='ltr'>habundanti</span> <span class='ocrx_word' id='word_1_210' title='bbox 540 1837 695 1874; x_wconf 85' lang='lat' dir='ltr'>cautela</span> <span class='ocrx_word' id='word_1_211' title='bbox 733 1836 893 1872; x_wconf 84' lang='lat' dir='ltr'>assumit</span> <span class='ocrx_word' id='word_1_212' title='bbox 929 1843 1071 1885; x_wconf 79' lang='lat' dir='ltr'>septem</span> <span class='ocrx_word' id='word_1_213' title='bbox 1111 1835 1208 1870; x_wconf 84' lang='lat' dir='ltr'>alios</span> <span class='ocrx_word' id='word_1_214' title='bbox 1245 1834 1405 1883; x_wconf 82' lang='lat' dir='ltr'>spiritus</span> <span class='ocrx_word' id='word_1_215' title='bbox 1440 1846 1567 1870; x_wconf 85' lang='lat' dir='ltr'>secum</span> 
     </span>
     <span class='ocr_line' id='line_1_28' title="bbox 251 1892 1569 1946; baseline -0.004 -14"><span class='ocrx_word' id='word_1_216' title='bbox 251 1896 450 1946; x_wconf 81' lang='lat' dir='ltr'>nequiores</span> <span class='ocrx_word' id='word_1_217' title='bbox 481 1908 533 1942; x_wconf 87' lang='lat' dir='ltr'>se,</span> <span class='ocrx_word' id='word_1_218' title='bbox 567 1896 642 1931; x_wconf 90' lang='lat' dir='ltr'>hoc</span> <span class='ocrx_word' id='word_1_219' title='bbox 675 1903 744 1939; x_wconf 88' lang='lat' dir='ltr'>est,</span> <span class='ocrx_word' id='word_1_220' title='bbox 777 1893 1077 1930; x_wconf 81' lang='lat' dir='ltr'>universitatem</span> <span class='ocrx_word' id='word_1_221' title='bbox 1112 1894 1330 1929; x_wconf 89' lang='lat' dir='ltr'>demonum</span> <span class='ocrx_word' id='word_1_222' title='bbox 1366 1904 1485 1940; x_wconf 91' lang='lat' dir='ltr'>quam</span> <span class='ocrx_word' id='word_1_223' title='bbox 1519 1892 1569 1928; x_wconf 87' lang='lat' dir='ltr'>ad</span> 
     </span>
     <span class='ocr_line' id='line_1_29' title="bbox 252 1949 1569 2003; baseline -0.005 -12"><span class='ocrx_word' id='word_1_224' title='bbox 252 1955 567 2003; x_wconf 85' lang='lat' dir='ltr'>perpetrandum</span> <span class='ocrx_word' id='word_1_225' title='bbox 592 1954 667 1989; x_wconf 89' lang='lat' dir='ltr'>hoc</span> <span class='ocrx_word' id='word_1_226' title='bbox 696 1952 851 1989; x_wconf 88' lang='lat' dir='ltr'>facinus</span> <span class='ocrx_word' id='word_1_227' title='bbox 875 1951 1076 2000; x_wconf 82' lang='lat' dir='ltr'>copulavit</span> <span class='ocrx_word' id='word_1_228' title='bbox 1100 1958 1135 1987; x_wconf 87' lang='lat' dir='ltr'>et</span> <span class='ocrx_word' id='word_1_229' title='bbox 1157 1951 1329 1986; x_wconf 82' lang='lat' dir='ltr'>habitant</span> <span class='ocrx_word' id='word_1_230' title='bbox 1355 1950 1406 1985; x_wconf 86' lang='lat' dir='ltr'>ibi</span> <span class='ocrx_word' id='word_1_231' title='bbox 1426 1949 1569 1986; x_wconf 84' lang='lat' dir='ltr'>famili-</span> 
     </span>
     <span class='ocr_line' id='line_1_30' title="bbox 253 2008 1570 2061; baseline -0.005 -12"><span class='ocrx_word' id='word_1_232' title='bbox 253 2013 371 2058; x_wconf 85' lang='lat' dir='ltr'>arius,</span> <span class='ocrx_word' id='word_1_233' title='bbox 407 2011 607 2061; x_wconf 88' lang='lat' dir='ltr'>copiosius</span> <span class='ocrx_word' id='word_1_234' title='bbox 642 2020 761 2059; x_wconf 89' lang='lat' dir='ltr'>atque</span> <span class='ocrx_word' id='word_1_235' title='bbox 796 2009 1051 2047; x_wconf 90' lang='lat' dir='ltr'>constancius</span> <span class='ocrx_word' id='word_1_236' title='bbox 1090 2021 1210 2057; x_wconf 88' lang='lat' dir='ltr'>quam</span> <span class='ocrx_word' id='word_1_237' title='bbox 1246 2008 1285 2044; x_wconf 89' lang='lat' dir='ltr'>in</span> <span class='ocrx_word' id='word_1_238' title='bbox 1314 2008 1394 2045; x_wconf 88' lang='lat' dir='ltr'>alio</span> <span class='ocrx_word' id='word_1_239' title='bbox 1428 2020 1570 2056; x_wconf 84' lang='lat' dir='ltr'>genere</span> 
     </span>
     <span class='ocr_line' id='line_1_31' title="bbox 196 2065 1570 2115; baseline -0.004 -9"><span class='ocrx_word' id='word_1_240' title='bbox 196 2074 237 2106; x_wconf 86' lang='lat'>30</span> <span class='ocrx_word' id='word_1_241' title='bbox 252 2070 483 2107; x_wconf 88' lang='lat' dir='ltr'>nacionum.</span> <span class='ocrx_word' id='word_1_242' title='bbox 519 2071 663 2106; x_wconf 88' lang='lat' dir='ltr'>Gentes</span> <span class='ocrx_word' id='word_1_243' title='bbox 687 2068 792 2106; x_wconf 89' lang='lat' dir='ltr'>enim</span> <span class='ocrx_word' id='word_1_244' title='bbox 817 2081 860 2105; x_wconf 83' lang='lat' dir='ltr'>ex</span> <span class='ocrx_word' id='word_1_245' title='bbox 882 2067 1055 2105; x_wconf 90' lang='lat' dir='ltr'>naturali</span> <span class='ocrx_word' id='word_1_246' title='bbox 1078 2066 1238 2115; x_wconf 84' lang='lat' dir='ltr'>ingenio</span> <span class='ocrx_word' id='word_1_247' title='bbox 1263 2075 1300 2103; x_wconf 94' lang='lat' dir='ltr'>et</span> <span class='ocrx_word' id='word_1_248' title='bbox 1323 2065 1416 2114; x_wconf 90' lang='lat' dir='ltr'>quia</span> <span class='ocrx_word' id='word_1_249' title='bbox 1438 2065 1570 2102; x_wconf 88' lang='lat' dir='ltr'>Judeis</span> 
     </span>
     <span class='ocr_line' id='line_1_32' title="bbox 252 2124 1571 2177; baseline -0.005 -12"><span class='ocrx_word' id='word_1_250' title='bbox 252 2136 490 2177; x_wconf 84' lang='lat' dir='ltr'>receperunt</span> <span class='ocrx_word' id='word_1_251' title='bbox 519 2127 711 2176; x_wconf 86' lang='lat' dir='ltr'>pauciora</span> <span class='ocrx_word' id='word_1_252' title='bbox 741 2126 955 2163; x_wconf 83' lang='lat' dir='ltr'>carismata</span> <span class='ocrx_word' id='word_1_253' title='bbox 985 2125 1115 2161; x_wconf 88' lang='lat' dir='ltr'>minus</span> <span class='ocrx_word' id='word_1_254' title='bbox 1146 2132 1429 2173; x_wconf 84' lang='lat' dir='ltr'>peccaverant:</span> <span class='ocrx_word' id='word_1_255' title='bbox 1465 2124 1571 2160; x_wconf 86' lang='lat' dir='ltr'>unde</span> 
     </span>
     <span class='ocr_line' id='line_1_33' title="bbox 253 2183 1571 2235; baseline -0.004 -12"><span class='ocrx_word' id='word_1_256' title='bbox 253 2187 292 2223; x_wconf 92' lang='lat' dir='ltr'>in</span> <span class='ocrx_word' id='word_1_257' title='bbox 326 2187 482 2235; x_wconf 80' lang='lat' dir='ltr'>signum</span> <span class='ocrx_word' id='word_1_258' title='bbox 517 2185 786 2222; x_wconf 89' lang='lat' dir='ltr'>multitudinis</span> <span class='ocrx_word' id='word_1_259' title='bbox 810 2186 1028 2221; x_wconf 88' lang='lat' dir='ltr'>demonum</span> <span class='ocrx_word' id='word_1_260' title='bbox 1063 2183 1101 2219; x_wconf 91' lang='lat' dir='ltr'>in</span> <span class='ocrx_word' id='word_1_261' title='bbox 1135 2183 1209 2219; x_wconf 89' lang='lat' dir='ltr'>hac</span> <span class='ocrx_word' id='word_1_262' title='bbox 1241 2191 1357 2231; x_wconf 84' lang='lat' dir='ltr'>gente</span> <span class='ocrx_word' id='word_1_263' title='bbox 1389 2191 1571 2230; x_wconf 88' lang='lat' dir='ltr'>tempore</span> 
     </span>
     <span class='ocr_line' id='line_1_34' title="bbox 254 2239 1570 2292; baseline -0.005 -11"><span class='ocrx_word' id='word_1_264' title='bbox 254 2245 401 2282; x_wconf 88' lang='lat' dir='ltr'>Christi</span> <span class='ocrx_word' id='word_1_265' title='bbox 433 2245 558 2280; x_wconf 87' lang='lat' dir='ltr'>Judea</span> <span class='ocrx_word' id='word_1_266' title='bbox 591 2243 662 2280; x_wconf 89' lang='lat' dir='ltr'>fuit</span> <span class='ocrx_word' id='word_1_267' title='bbox 695 2244 813 2292; x_wconf 88' lang='lat' dir='ltr'>plena</span> <span class='ocrx_word' id='word_1_268' title='bbox 836 2242 1053 2288; x_wconf 86' lang='lat' dir='ltr'>demoniis;</span> <span class='ocrx_word' id='word_1_269' title='bbox 1087 2242 1315 2278; x_wconf 89' lang='lat' dir='ltr'>sacerdotes</span> <span class='ocrx_word' id='word_1_270' title='bbox 1339 2249 1472 2277; x_wconf 87' lang='lat' dir='ltr'>autem</span> <span class='ocrx_word' id='word_1_271' title='bbox 1504 2239 1570 2288; x_wconf 89' lang='lat' dir='ltr'>qui</span> 
     </span>
     <span class='ocr_line' id='line_1_35' title="bbox 254 2298 1571 2347; baseline -0.004 -8"><span class='ocrx_word' id='word_1_272' title='bbox 254 2312 371 2340; x_wconf 86' lang='lat' dir='ltr'>antea</span> <span class='ocrx_word' id='word_1_273' title='bbox 404 2303 562 2338; x_wconf 86' lang='lat' dir='ltr'>fuerant</span> <span class='ocrx_word' id='word_1_274' title='bbox 595 2301 835 2347; x_wconf 88' lang='lat' dir='ltr'>sancciores,</span> <span class='ocrx_word' id='word_1_275' title='bbox 874 2301 1034 2337; x_wconf 90' lang='lat' dir='ltr'>fuerunt</span> <span class='ocrx_word' id='word_1_276' title='bbox 1074 2298 1246 2336; x_wconf 90' lang='lat' dir='ltr'>ministri</span> <span class='ocrx_word' id='word_1_277' title='bbox 1280 2298 1430 2335; x_wconf 88' lang='lat' dir='ltr'>diaboli</span> <span class='ocrx_word' id='word_1_278' title='bbox 1463 2298 1571 2346; x_wconf 86' lang='lat' dir='ltr'>prin-</span> 
     </span>
     <span class='ocr_line' id='line_1_36' title="bbox 197 2357 1572 2410; baseline -0.002 -15"><span class='ocrx_word' id='word_1_279' title='bbox 197 2362 238 2396; x_wconf 86' lang='lat'>35</span> <span class='ocrx_word' id='word_1_280' title='bbox 255 2361 479 2409; x_wconf 90' lang='lat' dir='ltr'>cipaliores.</span> <span class='ocrx_word' id='word_1_281' title='bbox 504 2360 556 2396; x_wconf 84' lang='lat' dir='ltr'>Et</span> <span class='ocrx_word' id='word_1_282' title='bbox 576 2360 682 2410; x_wconf 89' lang='lat' dir='ltr'>fiunt</span> <span class='ocrx_word' id='word_1_283' title='bbox 705 2359 910 2395; x_wconf 82' lang='lat' dir='ltr'>novissima</span> <span class='ocrx_word' id='word_1_284' title='bbox 934 2358 1050 2394; x_wconf 86' lang='lat' dir='ltr'>huius</span> <span class='ocrx_word' id='word_1_285' title='bbox 1075 2357 1202 2406; x_wconf 76' lang='lat' dir='ltr'>gentis</span> <span class='ocrx_word' id='word_1_286' title='bbox 1225 2358 1445 2394; x_wconf 88' lang='lat' dir='ltr'>secundum</span> <span class='ocrx_word' id='word_1_287' title='bbox 1470 2357 1572 2393; x_wconf 90' lang='lat' dir='ltr'>hanc</span> 
     </span>
     <span class='ocr_line' id='line_1_37' title="bbox 254 2414 1572 2468; baseline -0.004 -13"><span class='ocrx_word' id='word_1_288' title='bbox 254 2427 409 2468; x_wconf 88' lang='lat' dir='ltr'>partem</span> <span class='ocrx_word' id='word_1_289' title='bbox 451 2419 742 2454; x_wconf 86' lang='lat' dir='ltr'>sacerdotalem</span> <span class='ocrx_word' id='word_1_290' title='bbox 777 2417 913 2467; x_wconf 84' lang='lat' dir='ltr'>peiora</span> <span class='ocrx_word' id='word_1_291' title='bbox 952 2417 1165 2466; x_wconf 81' lang='lat' dir='ltr'>prioribus,</span> <span class='ocrx_word' id='word_1_292' title='bbox 1205 2415 1299 2464; x_wconf 90' lang='lat' dir='ltr'>quia</span> <span class='ocrx_word' id='word_1_293' title='bbox 1338 2414 1572 2452; x_wconf 89' lang='lat' dir='ltr'>occiderunt</span> 
     </span>
     <span class='ocr_line' id='line_1_38' title="bbox 255 2473 1251 2524; baseline -0.004 -11"><span class='ocrx_word' id='word_1_294' title='bbox 255 2476 460 2519; x_wconf 78' lang='lat' dir='ltr'>Messiam3</span> <span class='ocrx_word' id='word_1_295' title='bbox 495 2477 602 2524; x_wconf 90' lang='lat' dir='ltr'>quod</span> <span class='ocrx_word' id='word_1_296' title='bbox 636 2485 693 2512; x_wconf 89' lang='lat' dir='ltr'>est</span> <span class='ocrx_word' id='word_1_297' title='bbox 727 2475 815 2512; x_wconf 87' lang='lat' dir='ltr'>finis</span> <span class='ocrx_word' id='word_1_298' title='bbox 849 2477 1023 2511; x_wconf 89' lang='lat' dir='ltr'>humane</span> <span class='ocrx_word' id='word_1_299' title='bbox 1056 2473 1251 2522; x_wconf 90' lang='lat' dir='ltr'>nequicie.</span> 
     </span>
     <span class='ocr_line' id='line_1_39' title="bbox 313 2531 1570 2582; baseline -0.004 -11"><span class='ocrx_word' id='word_1_300' title='bbox 313 2536 426 2572; x_wconf 89' lang='lat' dir='ltr'>Unde</span> <span class='ocrx_word' id='word_1_301' title='bbox 449 2534 630 2570; x_wconf 87' lang='lat' dir='ltr'>Christus</span> <span class='ocrx_word' id='word_1_302' title='bbox 654 2533 861 2582; x_wconf 85' lang='lat' dir='ltr'>applicans</span> <span class='ocrx_word' id='word_1_303' title='bbox 887 2534 988 2570; x_wconf 89' lang='lat' dir='ltr'>hanc</span> <span class='ocrx_word' id='word_1_304' title='bbox 1017 2531 1320 2568; x_wconf 88' lang='lat' dir='ltr'>similitudinem</span> <span class='ocrx_word' id='word_1_305' title='bbox 1351 2532 1570 2567; x_wconf 89' lang='lat' dir='ltr'>secundum</span> 
     </span>
     <span class='ocr_line' id='line_1_40' title="bbox 255 2588 1575 2640; baseline -0.005 -11"><span class='ocrx_word' id='word_1_306' title='bbox 255 2605 414 2629; x_wconf 87' lang='lat' dir='ltr'>sensum</span> <span class='ocrx_word' id='word_1_307' title='bbox 440 2592 663 2640; x_wconf 79' lang='lat' dir='ltr'>expositum</span> <span class='ocrx_word' id='word_1_308' title='bbox 688 2593 737 2628; x_wconf 89' lang='lat' dir='ltr'>ad</span> <span class='ocrx_word' id='word_1_309' title='bbox 760 2593 924 2628; x_wconf 91' lang='lat' dir='ltr'>Judeos:</span> <span class='ocrx_word' id='word_1_310' title='bbox 960 2591 1035 2636; x_wconf 83' lang='lat' dir='ltr'>Sic,</span> <span class='ocrx_word' id='word_1_311' title='bbox 1059 2589 1200 2638; x_wconf 87' lang='lat' dir='ltr'>inquit,</span> <span class='ocrx_word' id='word_1_312' title='bbox 1225 2590 1297 2626; x_wconf 78' lang='lat' dir='ltr'>erit</span> <span class='ocrx_word' id='word_1_313' title='bbox 1324 2588 1575 2639; x_wconf 72' lang='lat' dir='ltr'>generacioni</span> 
     </span>
    </p>
   </div>
   <div class='ocr_carea' id='block_1_3' title="bbox 256 2731 1570 2805">
    <p class='ocr_par' dir='ltr' id='par_1_3' title="bbox 256 2731 1570 2805">
     <span class='ocr_line' id='line_1_41' title="bbox 325 2731 1570 2771; baseline -0.005 -6"><span class='ocrx_word' id='word_1_314' title='bbox 325 2746 349 2765; x_wconf 77' lang='lat'>2.</span> <span class='ocrx_word' id='word_1_315' title='bbox 373 2738 437 2765; x_wconf 71' lang='lat' dir='ltr'>BC:</span> <span class='ocrx_word' id='word_1_316' title='bbox 461 2738 595 2765; x_wconf 77' lang='lat' dir='ltr'>numano</span> <span class='ocrx_word' id='word_1_317' title='bbox 617 2736 709 2762; x_wconf 79' lang='lat' dir='ltr'>deest.</span> <span class='ocrx_word' id='word_1_318' title='bbox 760 2745 789 2769; x_wconf 77' lang='lat'>4.</span> <span class='ocrx_word' id='word_1_319' title='bbox 813 2735 850 2762; x_wconf 87' lang='lat' dir='ltr'>C:</span> <span class='ocrx_word' id='word_1_320' title='bbox 874 2740 1011 2771; x_wconf 77' lang='lat' dir='ltr'>tempore</span> <span class='ocrx_word' id='word_1_321' title='bbox 1033 2735 1132 2764; x_wconf 69' lang='lat' dir='ltr'>deest:</span> <span class='ocrx_word' id='word_1_322' title='bbox 1155 2743 1171 2761; x_wconf 88' lang='lat' dir='ltr'>a</span> <span class='ocrx_word' id='word_1_323' title='bbox 1191 2733 1406 2769; x_wconf 82' lang='lat' dir='ltr'>temptacione.</span> <span class='ocrx_word' id='word_1_324' title='bbox 1458 2732 1481 2760; x_wconf 82' lang='lat'>5.</span> <span class='ocrx_word' id='word_1_325' title='bbox 1504 2731 1570 2759; x_wconf 84' lang='lat' dir='ltr'>BC:</span> 
     </span>
     <span class='ocr_line' id='line_1_42' title="bbox 256 2767 1570 2805; baseline -0.006 -5"><span class='ocrx_word' id='word_1_326' title='bbox 256 2773 371 2800; x_wconf 81' lang='lat' dir='ltr'>homini</span> <span class='ocrx_word' id='word_1_327' title='bbox 395 2773 488 2799; x_wconf 76' lang='lat' dir='ltr'>deest.</span> <span class='ocrx_word' id='word_1_328' title='bbox 554 2773 580 2798; x_wconf 58' lang='lat' dir='ltr'>S.</span> <span class='ocrx_word' id='word_1_329' title='bbox 604 2772 646 2797; x_wconf 72' lang='lat' dir='ltr'>A:</span> <span class='ocrx_word' id='word_1_330' title='bbox 670 2771 776 2805; x_wconf 80' lang='lat' dir='ltr'>placet.</span> <span class='ocrx_word' id='word_1_331' title='bbox 846 2779 879 2797; x_wconf 78' lang='grc' dir='ltr'>ιι.</span> <span class='ocrx_word' id='word_1_332' title='bbox 901 2771 944 2797; x_wconf 85' lang='grc' dir='ltr'>Α;</span> <span class='ocrx_word' id='word_1_333' title='bbox 968 2770 1091 2797; x_wconf 70' lang='lat' dir='ltr'>veniens</span> <span class='ocrx_word' id='word_1_334' title='bbox 1113 2769 1259 2804; x_wconf 84' lang='lat' dir='ltr'>requiem.</span> <span class='ocrx_word' id='word_1_335' title='bbox 1328 2776 1365 2795; x_wconf 81' lang='lat'>12.</span> <span class='ocrx_word' id='word_1_336' title='bbox 1388 2767 1428 2794; x_wconf 85' lang='lat' dir='ltr'>C:</span> <span class='ocrx_word' id='word_1_337' title='bbox 1451 2771 1478 2793; x_wconf 88' lang='lat' dir='ltr'>et</span> <span class='ocrx_word' id='word_1_338' title='bbox 1498 2775 1570 2793; x_wconf 89' lang='lat' dir='ltr'>non.</span> 
     </span>
    </p>
   </div>
   <div class='ocr_carea' id='block_1_4' title="bbox 257 2801 1570 2909">
    <p class='ocr_par' dir='ltr' id='par_1_4' title="bbox 257 2801 1570 2909">
     <span class='ocr_line' id='line_1_43' title="bbox 257 2801 1570 2847; baseline -0.005 -13"><span class='ocrx_word' id='word_1_339' title='bbox 257 2816 295 2847; x_wconf 64' lang='lat'>12.</span> <span class='ocrx_word' id='word_1_340' title='bbox 318 2809 361 2835; x_wconf 81' lang='lat' dir='ltr'>A:</span> <span class='ocrx_word' id='word_1_341' title='bbox 384 2811 554 2845; x_wconf 60' lang='lat' dir='ltr'>sacantam.</span> <span class='ocrx_word' id='word_1_342' title='bbox 629 2807 668 2832; x_wconf 56' lang='grc' dir='ltr'>ΙΝ.</span> <span class='ocrx_word' id='word_1_343' title='bbox 691 2806 735 2832; x_wconf 76' lang='lat' dir='ltr'>A:</span> <span class='ocrx_word' id='word_1_344' title='bbox 758 2805 969 2843; x_wconf 37' lang='lat' dir='ltr'>mundantes..</span> <span class='ocrx_word' id='word_1_345' title='bbox 1020 2803 1061 2832; x_wconf 80' lang='lat'>23.</span> <span class='ocrx_word' id='word_1_346' title='bbox 1084 2805 1128 2832; x_wconf 81' lang='lat' dir='ltr'>A:</span> <span class='ocrx_word' id='word_1_347' title='bbox 1151 2803 1322 2831; x_wconf 77' lang='lat' dir='ltr'>sollicitate.</span> <span class='ocrx_word' id='word_1_348' title='bbox 1392 2802 1434 2833; x_wconf 70' lang='lat'>25,</span> <span class='ocrx_word' id='word_1_349' title='bbox 1458 2801 1504 2828; x_wconf 72' lang='lat'>26.</span> <span class='ocrx_word' id='word_1_350' title='bbox 1526 2802 1570 2827; x_wconf 83' lang='lat' dir='ltr'>A:</span> 
     </span>
     <span class='ocr_line' id='line_1_44' title="bbox 257 2835 1569 2873; baseline -0.005 -4"><span class='ocrx_word' id='word_1_351' title='bbox 257 2843 301 2869; x_wconf 80' lang='lat' dir='ltr'>hx</span> <span class='ocrx_word' id='word_1_352' title='bbox 322 2842 509 2869; x_wconf 82' lang='lat' dir='ltr'>habundanti</span> <span class='ocrx_word' id='word_1_353' title='bbox 530 2845 642 2867; x_wconf 87' lang='lat' dir='ltr'>tamen.</span> <span class='ocrx_word' id='word_1_354' title='bbox 707 2840 752 2867; x_wconf 78' lang='lat'>28.</span> <span class='ocrx_word' id='word_1_355' title='bbox 775 2839 814 2866; x_wconf 90' lang='lat' dir='ltr'>C:</span> <span class='ocrx_word' id='word_1_356' title='bbox 838 2839 995 2866; x_wconf 78' lang='lat' dir='ltr'>habltavlt.</span> <span class='ocrx_word' id='word_1_357' title='bbox 1060 2838 1098 2866; x_wconf 77' lang='lat'>31.</span> <span class='ocrx_word' id='word_1_358' title='bbox 1120 2840 1164 2866; x_wconf 78' lang='lat' dir='ltr'>A:</span> <span class='ocrx_word' id='word_1_359' title='bbox 1188 2841 1398 2873; x_wconf 80' lang='lat' dir='ltr'>precaverunt.</span> <span class='ocrx_word' id='word_1_360' title='bbox 1464 2835 1506 2863; x_wconf 80' lang='lat'>32.</span> <span class='ocrx_word' id='word_1_361' title='bbox 1530 2835 1569 2862; x_wconf 88' lang='lat' dir='ltr'>C:</span> 
     </span>
     <span class='ocr_line' id='line_1_45' title="bbox 257 2870 1569 2909; baseline -0.005 -5"><span class='ocrx_word' id='word_1_362' title='bbox 257 2876 446 2904; x_wconf 90' lang='lat' dir='ltr'>demonium.</span> <span class='ocrx_word' id='word_1_363' title='bbox 512 2874 554 2903; x_wconf 83' lang='lat'>33.</span> <span class='ocrx_word' id='word_1_364' title='bbox 575 2876 619 2902; x_wconf 79' lang='lat' dir='ltr'>A:</span> <span class='ocrx_word' id='word_1_365' title='bbox 641 2874 834 2902; x_wconf 83' lang='lat' dir='ltr'>demonibus.</span> <span class='ocrx_word' id='word_1_366' title='bbox 891 2873 933 2902; x_wconf 67' lang='lat'>33.</span> <span class='ocrx_word' id='word_1_367' title='bbox 956 2873 1001 2908; x_wconf 66' lang='lat'>34.</span> <span class='ocrx_word' id='word_1_368' title='bbox 1021 2874 1066 2902; x_wconf 77' lang='lat' dir='ltr'>A:</span> <span class='ocrx_word' id='word_1_369' title='bbox 1088 2873 1158 2909; x_wconf 80' lang='lat' dir='ltr'>quia</span> <span class='ocrx_word' id='word_1_370' title='bbox 1179 2877 1265 2900; x_wconf 80' lang='lat' dir='ltr'>antea</span> <span class='ocrx_word' id='word_1_371' title='bbox 1287 2872 1405 2899; x_wconf 83' lang='lat' dir='ltr'>fuerant</span> <span class='ocrx_word' id='word_1_372' title='bbox 1427 2870 1569 2898; x_wconf 59' lang='lat' dir='ltr'>ministri.</span> 
     </span>
    </p>
   </div>
   <div class='ocr_carea' id='block_1_5' title="bbox 257 2910 642 2947">
    <p class='ocr_par' dir='ltr' id='par_1_5' title="bbox 257 2910 642 2947">
     <span class='ocr_line' id='line_1_46' title="bbox 257 2910 642 2947; baseline -0.008 -8"><span class='ocrx_word' id='word_1_373' title='bbox 257 2910 302 2947; x_wconf 80' lang='lat'>39.</span> <span class='ocrx_word' id='word_1_374' title='bbox 324 2912 368 2938; x_wconf 81' lang='lat' dir='ltr'>A:</span> <span class='ocrx_word' id='word_1_375' title='bbox 390 2916 418 2938; x_wconf 78' lang='lat' dir='ltr'>ot</span> <span class='ocrx_word' id='word_1_376' title='bbox 437 2910 642 2946; x_wconf 76' lang='lat' dir='ltr'>generacioni.</span> 
     </span>
    </p>
   </div>
   <div class='ocr_carea' id='block_1_6' title="bbox 1777 265 1848 312">
    <p class='ocr_par' dir='ltr' id='par_1_6' title="bbox 1777 265 1848 312">
     <span class='ocr_line' id='line_1_47' title="bbox 1777 265 1848 312; baseline 0.014 -13"><span class='ocrx_word' id='word_1_377' title='bbox 1777 265 1848 312; x_wconf 78' lang='lat'>137</span> 
     </span>
    </p>
   </div>
   <div class='ocr_carea' id='block_1_7' title="bbox 1580 607 1852 844">
    <p class='ocr_par' dir='ltr' id='par_1_7' title="bbox 1580 607 1852 844">
     <span class='ocr_line' id='line_1_48' title="bbox 1627 607 1802 638; baseline -0.006 -3"><span class='ocrx_word' id='word_1_378' title='bbox 1627 607 1692 635; x_wconf 64' lang='lat' dir='ltr'>Tne</span> <span class='ocrx_word' id='word_1_379' title='bbox 1714 608 1802 638; x_wconf 64' lang='lat' dir='ltr'>dciil.</span> 
     </span>
     <span class='ocr_line' id='line_1_49' title="bbox 1624 642 1809 677; baseline 0 -8"><span class='ocrx_word' id='word_1_380' title='bbox 1624 642 1740 677; x_wconf 67' lang='lat' dir='ltr'>finding</span> <span class='ocrx_word' id='word_1_381' title='bbox 1760 643 1809 669; x_wconf 79' lang='lat' dir='ltr'>the</span> 
     </span>
     <span class='ocr_line' id='line_1_50' title="bbox 1593 677 1833 712; baseline -0.008 -8"><span class='ocrx_word' id='word_1_382' title='bbox 1593 677 1762 712; x_wconf 66' lang='lat' dir='ltr'>patriarchs</span> <span class='ocrx_word' id='word_1_383' title='bbox 1783 682 1833 704; x_wconf 67' lang='lat' dir='ltr'>ton</span> 
     </span>
     <span class='ocr_line' id='line_1_51' title="bbox 1580 711 1852 750; baseline 0.004 -12"><span class='ocrx_word' id='word_1_384' title='bbox 1580 717 1685 747; x_wconf 74' lang='lat' dir='ltr'>strong</span> <span class='ocrx_word' id='word_1_385' title='bbox 1707 712 1755 739; x_wconf 53' lang='lat'>1¹01·</span> <span class='ocrx_word' id='word_1_386' title='bbox 1773 711 1852 750; x_wconf 69' lang='lat' dir='ltr'>luni.</span> 
     </span>
     <span class='ocr_line' id='line_1_52' title="bbox 1600 750 1835 773; baseline -0.004 -1"><span class='ocrx_word' id='word_1_387' title='bbox 1600 752 1680 773; x_wconf 74' lang='lat' dir='ltr'>went</span> <span class='ocrx_word' id='word_1_388' title='bbox 1700 750 1752 773; x_wconf 85' lang='lat' dir='ltr'>out</span> <span class='ocrx_word' id='word_1_389' title='bbox 1773 751 1835 773; x_wconf 73' lang='lat' dir='ltr'>into</span> 
     </span>
     <span class='ocr_line' id='line_1_53' title="bbox 1592 781 1840 817; baseline -0.004 -9"><span class='ocrx_word' id='word_1_390' title='bbox 1592 782 1641 808; x_wconf 73' lang='lat' dir='ltr'>[lie</span> <span class='ocrx_word' id='word_1_391' title='bbox 1662 781 1718 817; x_wconf 72' lang='lat' dir='ltr'>dry</span> <span class='ocrx_word' id='word_1_392' title='bbox 1740 782 1840 816; x_wconf 76' lang='lat' dir='ltr'>places</span> 
     </span>
     <span class='ocr_line' id='line_1_54' title="bbox 1580 816 1852 844; baseline 0.004 -2"><span class='ocrx_word' id='word_1_393' title='bbox 1580 816 1614 844; x_wconf 74' lang='lat' dir='ltr'>os</span> <span class='ocrx_word' id='word_1_394' title='bbox 1637 817 1685 843; x_wconf 79' lang='lat' dir='ltr'>the</span> <span class='ocrx_word' id='word_1_395' title='bbox 1706 816 1852 843; x_wconf 74' lang='lat' dir='ltr'>Gentiles.</span> 
     </span>
    </p>
   </div>
   <div class='ocr_carea' id='block_1_8' title="bbox 1583 1245 1857 1482">
    <p class='ocr_par' dir='ltr' id='par_1_8' title="bbox 1583 1245 1857 1482">
     <span class='ocr_line' id='line_1_55' title="bbox 1594 1245 1844 1273; baseline -0.004 -1"><span class='ocrx_word' id='word_1_396' title='bbox 1594 1245 1787 1273; x_wconf 72' lang='lat' dir='ltr'>Asterwards</span> <span class='ocrx_word' id='word_1_397' title='bbox 1809 1245 1844 1271; x_wconf 83' lang='lat' dir='ltr'>hc</span> 
     </span>
     <span class='ocr_line' id='line_1_56' title="bbox 1583 1280 1857 1308; baseline -0.004 -1"><span class='ocrx_word' id='word_1_398' title='bbox 1583 1280 1724 1308; x_wconf 79' lang='lat' dir='ltr'>returned</span> <span class='ocrx_word' id='word_1_399' title='bbox 1753 1284 1783 1306; x_wconf 81' lang='lat' dir='ltr'>to</span> <span class='ocrx_word' id='word_1_400' title='bbox 1810 1280 1857 1306; x_wconf 84' lang='lat' dir='ltr'>his</span> 
     </span>
     <span class='ocr_line' id='line_1_57' title="bbox 1632 1315 1805 1342; baseline -0.006 0"><span class='ocrx_word' id='word_1_401' title='bbox 1632 1315 1727 1342; x_wconf 74' lang='lat' dir='ltr'>house</span> <span class='ocrx_word' id='word_1_402' title='bbox 1747 1315 1805 1341; x_wconf 65' lang='lat' dir='ltr'>ulie</span> 
     </span>
     <span class='ocr_line' id='line_1_58' title="bbox 1593 1349 1839 1377; baseline -0.008 -1"><span class='ocrx_word' id='word_1_403' title='bbox 1593 1349 1705 1377; x_wconf 65' lang='lat' dir='ltr'>Jewish</span> <span class='ocrx_word' id='word_1_404' title='bbox 1727 1349 1839 1376; x_wconf 45' lang='lat' dir='ltr'>nationi</span> 
     </span>
     <span class='ocr_line' id='line_1_59' title="bbox 1605 1384 1835 1411; baseline 0 0"><span class='ocrx_word' id='word_1_405' title='bbox 1605 1384 1766 1411; x_wconf 67' lang='lat' dir='ltr'>“arnislied</span> <span class='ocrx_word' id='word_1_406' title='bbox 1788 1384 1835 1411; x_wconf 80' lang='lat' dir='ltr'>for</span> 
     </span>
     <span class='ocr_line' id='line_1_60' title="bbox 1603 1405 1828 1455; baseline -0.004 -9"><span class='ocrx_word' id='word_1_407' title='bbox 1603 1405 1673 1446; x_wconf 49' lang='lat' dir='ltr'>iiim</span> <span class='ocrx_word' id='word_1_408' title='bbox 1697 1420 1734 1455; x_wconf 69' lang='lat' dir='ltr'>by</span> <span class='ocrx_word' id='word_1_409' title='bbox 1755 1419 1828 1446; x_wconf 67' lang='lat' dir='ltr'>false</span> 
     </span>
     <span class='ocr_line' id='line_1_61' title="bbox 1623 1453 1822 1482; baseline -0.01 0"><span class='ocrx_word' id='word_1_410' title='bbox 1623 1453 1822 1482; x_wconf 73' lang='lat' dir='ltr'>ceremonies.</span> 
     </span>
    </p>
   </div>
  </div>
 </body>
</html>
