2017 3353
248 279 384 308 samio
406 270 530 329 val]
756 284 895 317 PRIMA
925 286 1047 318 PARS.

241 390 404 438 octupla
443 402 483 426 se
523 390 724 427 habentes.
764 390 991 443 Alienigena
1031 402 1163 429 autem
1205 395 1433 431 custodiens
1467 409 1506 433 se
1541 411 1562 434 a

241 447 491 496 blasphemia
523 461 704 485 reversus
735 456 790 485 est
821 462 843 486 a
876 450 1098 488 tradicione
1138 451 1203 489 illa
1242 460 1277 489 et
1309 454 1563 503 magnificans

240 506 365 542 Deum
405 506 618 543 confitetur
655 508 763 555 quod
801 506 885 555 ipse
924 521 995 556 per
1032 522 1072 546 se
1110 509 1205 546 facit
1243 523 1367 559 opera
1405 521 1441 547 et
1485 513 1562 549 alia

239 575 319 600 non
352 573 443 600 sunt
476 563 550 601 nisi
583 564 818 601 necessitate
852 578 895 602 ex
927 567 1211 615 supposicione
1240 568 1476 606 necessaria.
1514 573 1561 606 Et

205 622 359 658 5talem
393 622 658 671 alienigenam
690 625 948 660 commendat
972 625 1153 662 Christus
1186 628 1406 663 secundum
1442 627 1560 665 fidem

237 678 484 717 fructuosam
525 689 561 717 et
599 681 725 717 salvat
764 692 853 718 eum
894 682 1143 731 simpliciter,
1177 697 1259 721 non
1291 697 1390 734 pure
1424 698 1561 722 secun-

237 737 332 774 dum
371 747 595 786 presentem
635 738 850 786 iusticiam,
890 740 992 777 sicut
1037 741 1076 777 in
1116 743 1242 790 figura
1285 742 1425 780 salvati
1471 753 1561 781 sunt

237 795 411 843 pharisei
451 796 518 845 qui
557 809 638 833 non
681 797 732 833 ad
775 798 935 834 laudem
970 800 1133 836 Domini
1165 810 1257 837 sunt
1288 801 1448 838 reversi.
1484 803 1561 839 Sed

236 855 455 891 secundum
495 856 645 892 Bedam
683 854 748 892 isti
787 856 934 905 leprosi
975 857 1133 906 signant
1172 859 1369 896 hereticos
1402 860 1469 907 qui
1503 860 1561 896 in-

183 923 220 945 πο
236 911 431 950 trinsecus
468 913 579 950 varia
619 913 777 950 macula
815 924 906 951 sunt
945 916 1067 952 fedati
1107 926 1144 953 et
1176 918 1321 954 debent
1353 931 1375 954 a
1409 920 1560 967 populo

235 978 400 1018 propter
438 971 721 1020 contagionem
762 972 940 1009 criminis
982 974 1172 1022 elongari,
1212 977 1280 1012 sed
1319 975 1359 1012 in
1400 977 1559 1014 Christo

235 1029 283 1064 de
344 1029 603 1066 conversione
657 1030 878 1077 confidere3
940 1032 980 1068 in
1042 1032 1152 1069 cuius
1204 1033 1360 1081 signum
1414 1044 1560 1071 vocant

234 1086 452 1133 Christum,
486 1087 578 1125 licet
601 1088 690 1124 illos
714 1101 797 1125 non
820 1097 958 1138 tangat
983 1091 1262 1139 corporaliter,
1287 1101 1558 1142 preceptorem

234 1156 280 1180 ac
324 1144 356 1181 si
397 1146 594 1183 dicerent:
644 1146 799 1183 Sufficit
844 1148 959 1185 nobis
1005 1149 1217 1198 precepcio
1269 1152 1319 1187 ad
1374 1152 1557 1188 salutem.

180 1203 441 1240 15Moraliter
480 1213 613 1241 autern
653 1205 786 1241 notari
825 1215 957 1254 potest
998 1209 1205 1256 quomodo
1245 1208 1380 1245 fideles
1414 1211 1559 1246 debent

234 1261 281 1296 de
320 1261 494 1309 peccatis
535 1262 614 1299 suis
654 1263 837 1300 confiteri
879 1273 916 1301 et
954 1265 1183 1302 satisfacere
1222 1266 1360 1303 laudes
1396 1267 1558 1303 Domini

234 1319 493 1366 perficiendo.
534 1322 660 1357 Debet
700 1321 805 1358 enim
845 1332 1034 1370 peccator
1072 1323 1204 1371 primo
1243 1333 1377 1372 petere
1419 1339 1441 1362 a
1475 1327 1558 1362 Deo

235 1376 554 1415 misericordiam
601 1381 648 1415 de
699 1380 925 1417 commissis
978 1382 1193 1418 recolendo
1245 1382 1557 1420 immensitatem

235 1435 397 1472 Domini
437 1444 474 1473 et
513 1437 743 1474 confitendo
784 1440 990 1487 quomodo
1034 1448 1115 1476 tam
1158 1440 1402 1478 obmissione
1436 1455 1557 1490 quam

177 1505 218 1527 20
234 1493 517 1531 commissione
549 1494 589 1531 in
622 1508 713 1531 eum
747 1496 983 1545 deliquerat,
1017 1506 1055 1534 et
1087 1498 1142 1534 sic
1175 1510 1267 1535 cum
1301 1501 1451 1536 donum
1486 1500 1558 1536 Dei

232 1550 282 1587 sit
319 1551 534 1600 infinitum,
575 1554 692 1602 culpa
730 1563 863 1591 autem
903 1555 943 1591 in
982 1558 1109 1593 Deum
1151 1565 1188 1593 et
1225 1557 1376 1594 factum
1415 1557 1456 1594 in
1488 1559 1558 1595 ho-

232 1608 380 1647 minem
419 1610 469 1647 sit
507 1611 626 1648 nimis
665 1624 797 1660 grave,
837 1613 968 1661 ipsum
1014 1614 1054 1650 in
1097 1615 1411 1664 comparacione
1445 1617 1553 1665 apud

231 1669 359 1704 Deum
394 1668 437 1705 fit
470 1671 775 1718 quodammodo
808 1670 1024 1719 infinitum,
1059 1681 1096 1708 et
1129 1672 1185 1709 sic
1209 1673 1284 1709 nisi
1317 1674 1556 1711 interveniat

231 1725 487 1774 omnipotens
527 1727 818 1775 misericordia,
859 1729 1011 1766 crimen
1049 1730 1149 1767 illud
1187 1744 1267 1768 non
1307 1731 1555 1779 remittetur3

174 1786 214 1817 25
232 1793 269 1820 et
301 1783 391 1821 ideo
427 1785 573 1822 dicitur
604 1786 645 1822 in
677 1786 867 1823 oracione
900 1787 940 1823 in
974 1788 1143 1825 ecclesia
1172 1791 1279 1838 quod
1303 1790 1556 1838 omnipoten-

232 1841 335 1878 ciam
374 1855 488 1880 suam
521 1846 724 1892 parcendo
764 1854 801 1881 et
840 1845 1069 1883 miserando
1108 1847 1279 1884 maxime
1313 1848 1554 1886 manifestat.

232 1902 325 1937 Post
348 1900 466 1938 istam
491 1901 783 1939 confessionem
808 1905 892 1940 Deo
916 1904 1063 1941 factam
1089 1905 1259 1942 humiles
1290 1905 1360 1942 filii
1391 1907 1555 1944 ecclesie

228 1959 379 1995 vadunt
418 1961 468 1996 ad
507 1962 736 1997 sacerdotes
770 1963 961 2009 ydoneOS,
1002 1963 1139 2000 omnia
1178 1973 1344 2012 peccata
1377 1977 1448 2001 sua
1480 1964 1554 2002 sibi

229 2015 269 2052 in
307 2017 472 2054 nomine
510 2018 673 2055 Domini
711 2019 916 2057 humiliter
955 2021 1190 2058 confitentes
1230 2031 1268 2058 et
1305 2035 1412 2059 nunc
1445 2032 1554 2060 ante-

172 2075 213 2108 30
229 2087 349 2123 quam
384 2078 612 2113 sacerdotes
646 2076 734 2114 illos
767 2078 971 2126 attigerint
1004 2088 1040 2115 et
1072 2092 1178 2116 nunc
1206 2089 1422 2129 postquam
1446 2080 1554 2130 ipsos

227 2132 431 2181 attigerint
470 2147 541 2171 sua
586 2134 755 2173 crimina
800 2149 822 2173 a
855 2136 1030 2173 Domino
1074 2147 1165 2174 sunt
1198 2138 1376 2175 remissa.
1417 2140 1465 2175 Et
1497 2139 1554 2176 sic

226 2192 276 2227 ad
309 2190 599 2229 intendendum
636 2193 904 2231 humilitatem
938 2195 1143 2243 peccantis
1177 2196 1358 2233 Christus
1391 2197 1552 2234 ordinat

134 2250 209 2282 Fol.
226 2249 483 2287 confitentem
518 2251 655 2288 omnia
688 2262 854 2301 peccata
883 2249 887 2306 Ι
916 2266 985 2290 sua
1019 2266 1131 2290 servo
1167 2268 1252 2298 suo,
1288 2254 1370 2291 eius
1399 2255 1550 2292 vicario

133 2296 431 2344 ¹75⁵humiliter
478 2309 680 2355 confiteri;
734 2324 895 2347 omnem
947 2311 1052 2348 enim
1101 2312 1378 2349 obedienciam
1428 2327 1547 2362 quam

168 2373 208 2406 35
226 2374 415 2413 peccator
446 2366 540 2404 facit
572 2367 641 2404 uni
675 2369 722 2405 de
756 2369 932 2405 minimis
957 2369 1104 2406 Christi
1135 2370 1334 2408 conservis
1358 2371 1432 2408 sibi
1456 2372 1549 2409 facit

226 2431 263 2459 et
303 2425 531 2462 accumulat
570 2425 758 2463 meritum
799 2428 1019 2464 confitenti.
1068 2429 1146 2465 Sed
1185 2442 1276 2465 cum
1315 2429 1389 2466 ista
1430 2442 1549 2467 causa

224 2481 274 2517 sit
320 2481 551 2520 indifferens
595 2485 646 2520 ad
691 2485 964 2523 confitendum
1015 2486 1178 2523 cuilibet
1224 2500 1338 2524 servo
1386 2488 1547 2535 Christi,

293 2589 322 2616 9.
344 2582 372 2609 A
392 2581 422 2609 in
444 2590 558 2618 marg:
590 2583 681 2611 Beda.
764 2593 798 2612 ιι.
820 2585 857 2612 B:
888 2586 1041 2621 elongare.
1124 2586 1166 2613 16.
1188 2588 1216 2613 A
1237 2586 1266 2613 in
1289 2595 1403 2625 marg:
1431 2588 1547 2624 Sensus

224 2616 366 2650 moralis;
382 2617 404 2643 B
419 2617 449 2644 in
466 2625 579 2653 marg:
598 2618 767 2653 Quomodo
783 2620 886 2647 fideles
902 2621 1012 2648 debent
1028 2621 1063 2648 de
1102 2621 1212 2648 eccatis
1227 2622 1374 2648 confiteri.
1450 2624 1491 2648 10.
1508 2622 1545 2648 13:

222 2651 349 2678 conteri.
408 2651 446 2678 18.
464 2651 503 2678 C:
526 2653 710 2687 profitenda
763 2662 804 2686 10.
820 2656 863 2681 A:
886 2660 913 2682 ct
933 2656 1063 2682 comitem
1090 2664 1107 2682 o
1128 2661 1155 2682 et
1175 2656 1359 2683 confitendo.
1417 2664 1462 2683 20.
1480 2656 1545 2683 BC:

223 2685 432 2720 delinquerat;
449 2686 488 2713 ib.
501 2688 546 2714 A:
565 2688 739 2715 dominium
757 2687 829 2717 D’ei:
847 2690 884 2716 B:
903 2690 1018 2717 donum
1037 2691 1065 2717 in
1083 2691 1148 2717 Dei.
1195 2699 1234 2718 21.
1247 2692 1290 2717 A:
1307 2691 1401 2717 eciam
1420 2692 1545 2718 sactum.

222 2719 264 2746 23.
287 2720 326 2748 B:
349 2721 396 2747 sit.
463 2721 509 2748 26.
531 2723 559 2749 A
579 2722 609 2749 in
632 2731 745 2759 marg:
766 2723 857 2751 Nota.
923 2724 969 2752 30.
993 2725 1032 2752 C:
1054 2725 1240 2760 attingerint.
1307 2724 1353 2759 34.
1376 2725 1442 2752 BC:
1464 2726 1545 2752 enim

223 2754 325 2788 deest:
355 2755 395 2782 ib.
418 2756 438 2782 B
461 2756 490 2782 in
513 2765 627 2792 marg:
657 2758 788 2793 Qualem
816 2759 1027 2787 confessorem
1056 2760 1112 2787 sibi
1143 2760 1290 2787 confitens
1312 2760 1401 2787 debet
1421 2760 1541 2795 eligere.

291 2826 323 2858 ς).
355 2816 459 2856 Beda,
487 2817 523 2848 ln
550 2818 666 2849 Lucae
693 2819 925 2861 Evangelium
953 2821 1133 2864 Expositio
1161 2819 1218 2851 lib.
1240 2821 1278 2852 V.
1371 2820 1422 2852 25.
1451 2821 1544 2852 Deus

221 2862 280 2904 qui
310 2861 602 2905 omnipotentiam
639 2872 734 2896 tuam
760 2867 936 2907 parcendo
964 2867 1112 2898 maxime
1147 2874 1181 2898 et
1208 2866 1407 2898 miserando
1436 2866 1543 2898 mani—

225 2908 339 2939 festas.
367 2909 490 2941 Oratio
519 2909 572 2941 for
601 2911 659 2942 XI.
688 2911 831 2953 Sunday
857 2912 944 2944 after
968 2913 1106 2955 Trinity
1133 2914 1271 2953 (Sarum
1302 2914 1490 2956 Breviary).

1362 2981 1404 3002 20

1774 287 1847 324 305

1589 407 1655 435 The
1676 408 1836 443 ‘sti-anger*

1589 444 1748 472 confessed
1770 444 1834 471 that

1579 477 1646 505 God
1669 479 1744 506 does
1765 479 1801 505 all
1822 480 1856 506 ot*

1643 513 1784 542 liimscll'.

1650 2205 1754 2233 Christ

1609 2242 1794 2268 commands

1571 2275 1746 2303 confession
1769 2277 1832 2303 that

1590 2310 1731 2346 humility
1753 2319 1822 2347 may

1592 2345 1625 2371 be
1646 2345 1815 2374 incre-asca.
