2017 3353
261 271 397 300 SERMO
418 259 530 316 xxv]
770 269 906 302 PRIMA
934 268 1064 301 PARS.

322 380 487 416 leomas
518 386 643 415 autem
678 389 774 414 unus
805 389 856 413 ex
888 375 1087 412 duodecim
1111 374 1305 423 apostolis
1338 375 1402 423 qui
1433 375 1574 411 dicitur

257 439 470 490 Didymus,
509 438 585 473 hoc
624 444 693 481 est,
733 435 773 471 in
813 434 890 471 fide
930 432 1073 470 dubius
1110 434 1172 470 vel
1210 435 1268 482 (ut
1306 433 1437 481 placet
1471 432 1573 478 aliis)

257 496 403 534 dicitur
435 494 628 543 Didymus
677 492 789 542 quasi
834 491 1028 540 geminus,
1081 490 1175 540 quia
1225 499 1309 528 erat
1364 491 1411 526 de
1468 490 1574 526 tribu

256 553 476 598 Beniamin,
511 564 587 601 que
620 554 645 588 I.
671 554 821 599 Regum
848 551 908 593 IX,
935 560 979 586 21
1011 549 1192 597 geminus
1225 557 1281 585 est
1313 557 1468 594 vocata,
1503 561 1575 584 non

223 616 353 663 5erg0
403 618 488 648 erat
537 623 621 647 cum
674 609 810 646 ceteris
861 607 1054 656 apostolis
1106 607 1145 643 in
1196 607 1271 643 ista
1315 606 1576 655 apparicione

255 670 406 719 quinta,
440 669 499 706 vel
532 667 626 717 quia
658 669 705 704 de
738 666 886 703 insultu
917 665 1084 702 Judaico
1118 664 1345 713 trepidavit,
1383 665 1444 701 vel
1484 664 1577 712 quia

257 731 362 765 Deus
395 729 444 764 ad
479 726 673 763 maiorem
708 725 791 762 eius
825 723 1041 761 utilitatem
1076 732 1112 760 et
1144 723 1371 772 profectum
1411 722 1577 759 ecclesie

257 799 369 823 suam
404 784 633 822 absenciam
673 782 893 823 ordinavit:
936 783 1042 818 unde
1075 781 1169 830 quia
1200 782 1350 818 bonum
1385 780 1573 817 nuncium

258 846 305 881 de
337 843 412 880 levi
445 843 656 892 prefertur,
681 841 771 878 ideo
797 842 934 877 decem
961 839 1133 889 apostoli
1163 848 1425 876 narraverunt
1459 838 1574 875 istam

202 916 241 937 10
258 901 405 939 Christi
438 899 724 949 apparenciam
758 907 897 936 sancto
935 899 1104 944 Thome,
1139 899 1207 935 sed
1245 897 1329 946 ipse
1367 906 1574 946 tamquam

257 960 296 997 in
343 960 419 996 fide
463 959 692 995 incredulus
745 957 895 994 indicat
948 969 1061 993 suam
1107 955 1318 1002 duriciam,
1363 956 1464 1005 quod
1507 955 1581 991 nisi

258 1019 403 1068 duplici
431 1030 548 1054 sensu
582 1015 780 1062 exteriori,
814 1014 965 1052 scilicet
997 1014 1082 1051 visu
1122 1023 1158 1051 et
1197 1023 1321 1061 tactu,
1355 1013 1394 1049 in
1428 1012 1577 1062 duplici

257 1075 404 1113 Christi
436 1077 610 1121 vulnere,
645 1076 721 1111 hoc
755 1083 824 1120 est,
859 1086 1050 1110 manuum
1086 1072 1234 1109 Christi
1267 1081 1304 1109 et
1337 1071 1396 1108 sui
1429 1070 1576 1116 lateris,

255 1136 420 1172 vulnera
452 1134 527 1170 ista
560 1132 740 1179 senserit,
774 1144 980 1180 nunquam
1014 1132 1161 1168 credet.
1193 1132 1342 1167 Tactus
1376 1129 1481 1166 enim
1521 1138 1578 1166 est

205 1193 295 1229 1511]
329 1191 492 1229 homine
526 1190 770 1228 certissimus
795 1199 831 1227 et
853 1189 958 1227 visus
991 1201 1128 1226 sensus
1160 1187 1462 1234 subtilissimus,
1487 1186 1577 1224 ideo

257 1251 347 1288 talis
379 1249 538 1287 infamis
573 1248 750 1286 binarius
784 1257 840 1285 est
873 1247 1076 1296 signanter
1108 1247 1315 1284 incredulo
1340 1245 1575 1294 assignatus.

317 1310 394 1346 Sed
431 1316 521 1358 post
565 1308 645 1344 dies
688 1314 770 1343 octo
810 1306 849 1342 in
887 1305 1147 1354 apparicione
1185 1313 1293 1342 sexta
1333 1304 1432 1341 venit
1468 1304 1579 1340 Jesus

257 1376 300 1404 ut
333 1366 455 1416 prius,
470 1368 629 1403 Thoma
663 1364 804 1402 ceteris
837 1363 1030 1413 apostolis
1053 1363 1274 1409 assistente,
1310 1371 1346 1399 et
1369 1371 1577 1410 tamquam

258 1424 499 1462 omnisciens
543 1436 771 1460 sermonem
811 1424 861 1460 ad
900 1421 1031 1471 ipsum
1073 1421 1220 1470 dirigit,
1260 1429 1302 1457 ut
1343 1432 1578 1468 correspon-

199 1496 242 1519 20
259 1485 398 1520 denter
430 1482 532 1519 sicut
571 1481 681 1530 prius
715 1480 930 1518 cerciorari
969 1479 1094 1517 voluit
1128 1481 1179 1517 ad
1217 1478 1277 1516 sui
1317 1479 1578 1516 commodum

258 1551 295 1578 et
328 1540 641 1578 instruccionem
681 1539 846 1576 ecclesie
885 1538 1030 1587 digitos
1070 1547 1106 1575 et
1139 1550 1303 1574 manum
1337 1536 1377 1573 in
1414 1537 1579 1573 vulnera

258 1613 449 1637 manuum
485 1608 522 1636 et
555 1598 690 1635 lateris
720 1597 868 1635 Christi
900 1597 1095 1645 imponat.
1128 1599 1209 1633 Nec
1244 1604 1300 1632 est
1333 1596 1577 1632 credendum

258 1659 365 1708 quod
402 1659 581 1694 Thomas
621 1656 823 1693 Christum
859 1655 899 1692 in
938 1656 1014 1692 hoc
1048 1654 1204 1691 noviter
1236 1653 1471 1700 vulneravit,
1511 1654 1579 1689 sed

257 1717 342 1753 sine
386 1716 536 1752 lesione
575 1714 738 1752 Domini
782 1727 888 1751 nunc
933 1713 1140 1751 cicatrices
1179 1725 1286 1749 nunc
1324 1712 1489 1749 vulnera
1522 1713 1580 1761 (ut

201 1775 330 1812 25fuit
369 1774 596 1822 expediens)
638 1774 901 1821 apparebant.
937 1773 1104 1820 Semper
1143 1771 1249 1808 enim
1284 1771 1485 1807 horrenda
1523 1778 1579 1806 est

257 1832 439 1870 falsitatis
484 1830 696 1880 duplicitas
735 1830 775 1867 in
813 1830 1024 1879 scriptura.
1068 1832 1116 1866 Et
1154 1837 1264 1878 patet
1303 1841 1374 1877 per
1418 1830 1579 1865 beatum

258 1890 496 1939 Gregorium
537 1891 645 1939 quod
685 1890 773 1938 plus
812 1888 961 1937 profuit
999 1888 1155 1925 Thome
1194 1899 1282 1924 sera
1319 1886 1578 1923 incredulitas

259 1962 379 1998 quam
419 1949 655 1996 Magdalene
699 1955 889 1996 prompta
928 1945 1156 1983 credulitas.
1205 1946 1274 1982 Illa
1314 1954 1449 1981 tamen
1488 1957 1579 1992 pro-

259 2007 464 2044 dessencia
501 2019 583 2043 non
619 2005 726 2042 venit
764 2005 840 2042 nisi
879 2017 950 2053 per
982 2004 1167 2041 accidens
1200 2003 1302 2040 sicut
1336 2002 1375 2039 in
1414 2011 1580 2051 peccata

200 2064 495 2111 3oincidencia,
531 2064 603 2101 Dei
635 2063 770 2112 gracia
804 2076 874 2112 per
906 2076 946 2100 se
980 2071 1016 2099 et
1049 2062 1327 2112 principaliter
1353 2060 1578 2098 ordinante.

257 2125 436 2161 Thomas
482 2123 587 2160 enim
635 2135 657 2160 a
701 2123 808 2159 bono
848 2121 1041 2169 magistro
1082 2120 1242 2157 interim
1289 2128 1498 2168 reparatus
1544 2128 1580 2155 et

257 2191 352 2219 tunc
397 2181 589 2218 vocaliter
633 2181 850 2217 instructus
896 2179 978 2216 eius
1023 2178 1315 2216 humanitatem
1356 2191 1402 2214 ac
1442 2176 1580 2214 divini-

258 2249 381 2277 tatem
416 2239 579 2276 insimul
612 2239 845 2276 confitetur:
865 2239 1069 2285 Dominus,
1103 2237 1245 2286 inquit,
1280 2249 1385 2273 meus
1417 2244 1452 2272 et
1475 2237 1582 2272 Deus

258 2311 374 2335 meus.
410 2301 491 2334 Nec
526 2297 692 2334 dubium
727 2297 822 2345 quin
855 2296 957 2333 sicut
991 2295 1233 2333 extrinsecus
1262 2294 1318 2331 sic
1342 2294 1579 2330 intrinsecus

200 2358 279 2394 35a
303 2356 478 2393 Domino
502 2365 559 2393 est
582 2355 799 2392 instructus
833 2364 882 2401 et,
917 2354 1019 2391 sicut
1050 2356 1171 2391 verba
1203 2361 1422 2391 sonuerant
1454 2352 1509 2389 sic
1542 2352 1582 2388 in

165 2405 242 2484 53<ss
257 2414 391 2451 anima
415 2414 586 2451 fideliter
614 2412 618 2465 Ῑ
647 2413 757 2462 prius
781 2412 914 2450 sensit.
931 2414 1058 2450 Vocat
1082 2421 1216 2449 autem
1248 2424 1338 2448 eum
1362 2410 1581 2448 Dominum

327 2525 350 2553 3.
367 2526 410 2553 A:
433 2524 700 2562 quarngeminus.
751 2533 781 2557 4.
802 2525 844 2551 A:
867 2524 878 2550 Ι
898 2523 970 2562 Reg.
992 2523 1032 2550 lx
1054 2523 1155 2551 deest:
1178 2523 1232 2549 lac.
1255 2523 1284 2549 in
1306 2521 1374 2549 cod.
1425 2530 1455 2554 4,
1472 2520 1495 2548 5.
1514 2520 1580 2547 BC:

258 2570 318 2588 non
340 2561 443 2596 igitur.
524 2564 552 2587 O.
575 2561 618 2587 A:
641 2568 718 2594 qua:
746 2559 785 2586 ib.
810 2559 848 2586 B:
871 2563 1019 2593 septlma:
1046 2558 1086 2585 ib.
1108 2558 1152 2584 A:
1175 2557 1219 2584 vel
1242 2556 1312 2591 qui;
1340 2556 1380 2583 ib.
1401 2556 1446 2583 A:
1468 2555 1581 2582 insulta

259 2596 387 2623 judaico
407 2594 582 2630 trepidavit.
657 2602 685 2630 9.
708 2595 751 2621 A:
797 2594 939 2621 rofertur.
1015 2601 1055 2620 10.
1080 2592 1145 2619 BC:
1167 2591 1283 2619 Christi
1306 2591 1400 2618 deest.
1476 2598 1513 2617 12.
1536 2590 1579 2616 A:

258 2639 349 2658 sensu
371 2634 526 2659 extremo:
547 2629 587 2656 ib.
604 2630 648 2656 A:
671 2637 763 2656 secun
789 2637 817 2655 o.
893 2628 930 2656 15.
952 2628 996 2655 A:
1019 2627 1212 2655 certissimus
1233 2626 1328 2653 deest.
1403 2633 1449 2652 20.
1471 2625 1515 2652 A:
1538 2624 1581 2651 sic

258 2665 369 2701 primO.
421 2664 468 2691 26.
487 2664 523 2691 15:
546 2663 715 2691 secundum
738 2663 870 2690 beatum.
927 2670 970 2697 27.
988 2663 1032 2689 A:
1055 2670 1109 2688 sua
1130 2661 1339 2689 incredulitas.
1397 2662 1442 2687 25.
1460 2661 1505 2687 A:
1527 2667 1580 2685 sua

259 2704 414 2735 prompta.
529 2697 574 2726 30.
598 2698 638 2725 C:
661 2698 784 2733 dignam
808 2705 862 2733 per·
882 2706 928 2729 se:
950 2697 994 2724 A:
1015 2697 1117 2732 gracia
1138 2704 1285 2731 persone:
1308 2695 1348 2722 ib.
1364 2696 1408 2722 A:
1431 2694 1580 2721 ordinate.

262 2734 302 2762 31.
324 2735 367 2762 A:
390 2734 418 2761 in
441 2738 558 2760 tantum
582 2737 773 2768 preparatus.
848 2731 890 2760 35.
911 2733 956 2759 A:
979 2740 1089 2759 sonum
1112 2736 1173 2758 aut.
1246 2729 1293 2758 36.
1315 2731 1360 2757 A:
1381 2729 1494 2756 anima.

329 2818 360 2847 4.
388 2806 480 2838 Num
508 2804 591 2848 quid
629 2814 696 2836 non
726 2803 828 2845 filius
856 2802 982 2836 Iemim'
1006 2813 1070 2844 ego
1096 2803 1204 2835 sum?
1229 2802 1389 2843 Vulgate.
1414 2800 1584 2832 Whether

265 2858 326 2885 not
344 2853 400 2885 the
419 2852 512 2884 Sone
531 2853 574 2894 of
587 2852 761 2895 Gemyny
782 2849 892 2882 Yam.
913 2850 1001 2881 First
1018 2846 1191 2892 Wyclifite
1207 2847 1356 2880 Version
1372 2845 1581 2890 (Matthew).

267 2910 318 2941 27.
346 2899 449 2939 Greg.
475 2899 534 2930 XL
563 2898 669 2929 Hom.
695 2896 770 2928 Lib.
798 2896 837 2936 11,
865 2895 914 2928 26.
951 2895 1046 2938 1557.

1787 259 1862 304 169

1604 611 1688 640 Xth
1708 611 1848 639 Thomas

1627 644 1689 673 wass
1712 646 1828 673 absent.

1669 1308 1791 1336 Christs

1609 1352 1798 1379 appearance
1821 1347 1851 1370 to

1656 1379 1805 1406 Thomas.
