2017 3353
132 318 206 353 180

135 427 214 454 How
235 429 284 456 the
305 429 388 456 three

186 464 261 499 days
281 472 332 491 are

188 498 329 525 connted.

126 1354 218 1391 Many
238 1363 323 1391 ways
343 1356 377 1383 of

127 1389 371 1426 understanding

115 1424 163 1450 the
177 1424 260 1452 “little
276 1425 385 1453 while'.

699 331 924 363 JOHANNIS
946 331 1129 364 WYCLlF
1148 333 1406 366 SERMONUM
1429 320 1580 377 [SERMO
1595 331 1719 360 xxvn.

410 433 588 481 faciunt),
629 444 738 483 patet
778 438 885 484 quod
919 436 981 473 die
1016 439 1254 475 Parasceues
1288 451 1351 475 sex
1385 439 1492 475 horis
1526 440 1647 476 iacuit
1679 440 1719 477 in

411 494 594 540 sepulcro
628 502 665 530 et
697 506 767 542 per
799 502 928 531 totum
962 496 1173 532 sabbatum
1207 509 1252 533 ac
1285 510 1358 545 pro
1387 497 1518 545 prima
1550 498 1718 543 sabbati,

410 551 486 587 hoc
531 560 599 597 est,
647 552 708 588 die
754 552 958 589 dominica
1003 552 1079 589 fine
1124 555 1272 590 Pasche
1324 555 1481 592 circiter
1525 556 1611 592 aliis
1656 569 1719 592 sex

410 609 531 655 horis,
573 618 609 645 et
642 609 697 646 sic
742 609 905 658 triginta
951 622 1015 646 sex
1060 611 1168 647 horis
1220 614 1342 660 (quod
1386 626 1466 649 non
1513 613 1719 650 constituit

410 667 509 704 duos
567 667 649 703 dies
704 667 880 715 integros
932 669 1150 716 naturales)
1212 679 1295 706 erat
1348 680 1550 717 mortuus3
1611 673 1717 720 quod
1760 677 1775 708 5

409 732 565 772 tempus
599 734 655 761 est
688 725 782 761 satis
816 726 1019 762 modicum.
1053 727 1106 762 Et
1137 727 1275 763 iterum
1309 737 1399 776 post
1432 730 1507 765 hoc
1540 729 1717 765 triduum

409 781 448 817 in
481 796 559 831 quo
593 785 660 819 sed
694 796 774 820 non
808 796 878 832 per
901 786 1009 832 quod
1034 793 1117 821 erat
1148 794 1329 822 mortuus
1352 788 1537 823 succedet
1561 796 1718 835 tempus

408 840 612 877 modicum
672 854 797 890 usque
855 843 905 878 ad
958 842 1250 887 ascencionem‚
1315 844 1581 893 quadraginta
1634 845 1716 881 dies

408 898 630 945 continens,
671 898 711 935 in
750 912 829 947 quo
869 908 1052 948 tempore
1091 902 1229 937 decem
1262 902 1413 938 vicibus
1445 904 1578 939 Jesum
1611 903 1717 939 vide-

407 965 510 992 runt.
557 959 598 992 In
643 970 723 1005 quo
774 966 955 1006 tempore
1005 959 1161 995 fuerant
1207 961 1254 996 de
1298 960 1596 997 resurreccione
1647 974 1774 997 sua1o

407 1014 603 1051 consolati
637 1023 673 1051 et
706 1014 746 1051 in
780 1015 857 1052 fide
891 1029 968 1064 qua
1001 1016 1110 1064 prius
1144 1017 1424 1055 dubitaverant
1462 1018 1634 1055 solidati.
1669 1021 1717 1054 Et

405 1084 565 1108 necesse
605 1072 677 1108 fuit
718 1073 920 1109 Christum
962 1086 1032 1122 per
1071 1075 1165 1111 istas
1203 1075 1307 1112 vices
1346 1078 1576 1124 procedere,
1623 1077 1716 1125 quia

406 1130 621 1166 diffinitum
662 1131 734 1167 fuit
774 1140 911 1168 eterno
946 1131 1113 1168 consilio
1154 1135 1261 1181 quod
1301 1146 1372 1182 per
1405 1135 1507 1171 hanc
1540 1134 1644 1171 viam
1679 1143 1716 1170 et

402 1187 717 1225 vicissitudinem
742 1190 790 1226 ad
816 1198 971 1238 patrem
1002 1192 1235 1227 ascenderet
1265 1200 1301 1227 et
1324 1192 1526 1228 Christum
1557 1201 1716 1241 oportet

404 1245 571 1294 implere
604 1246 643 1283 in
677 1259 798 1295 opere
830 1247 1025 1297 quidquid
1048 1257 1203 1297 patrem
1235 1249 1307 1285 sibi
1337 1249 1479 1287 viderit
1508 1250 1716 1299 precipere
1736 1255 1772 1286 15

403 1312 444 1340 ut
477 1303 575 1340 illud
614 1304 792 1353 impleat.

462 1364 502 1398 In
541 1362 626 1399 istis
665 1372 798 1399 autem
844 1365 999 1400 duobus
1045 1364 1176 1412 parvis
1215 1365 1464 1413 temporibus
1509 1367 1715 1414 quomodo

403 1433 442 1456 se
475 1421 622 1457 habent
655 1422 705 1457 ad
738 1421 1012 1458 ascensionem
1030 1422 1193 1459 Domini
1227 1431 1262 1459 et
1295 1432 1452 1471 tempus
1476 1433 1711 1472 perpetuum

403 1491 445 1514 ex
490 1488 579 1527 post
623 1492 792 1527 sequens
833 1489 889 1516 est
927 1480 1125 1517 subtilitas
1158 1480 1326 1517 infinita.
1366 1484 1414 1517 Et
1453 1483 1531 1518 tale
1571 1483 1713 1530 duplex

401 1545 559 1585 tempus
599 1537 802 1574 modicum
841 1547 997 1586 ponunt
1036 1538 1199 1586 quidam
1234 1538 1272 1574 in
1305 1539 1483 1587 quolibet
1521 1541 1712 1577 salvando
1729 1555 1771 1577 20

402 1596 627 1641 succedere,
674 1608 768 1632 nam
814 1609 836 1633 a
886 1605 1067 1645 tempore
1118 1596 1337 1633 nativitatis
1381 1610 1449 1633 sue
1493 1611 1618 1646 usque
1662 1600 1711 1634 ad

403 1652 720 1700 baptizacionem
746 1662 802 1690 est
824 1662 982 1702 tempus
1007 1654 1224 1701 modicum,
1250 1654 1288 1690 in
1313 1668 1391 1703 quo
1414 1668 1487 1692 nec
1509 1656 1711 1692 Christum

401 1710 507 1746 videt
539 1711 756 1747 oculariter
787 1724 860 1748 nec
894 1725 964 1760 per
996 1712 1136 1758 fidem;
1183 1721 1218 1749 et
1258 1721 1347 1760 post
1386 1712 1483 1749 illud
1527 1716 1713 1750 succedet

401 1777 558 1816 tempus
591 1770 780 1805 modicum
815 1769 853 1805 in
887 1782 966 1818 quo
999 1771 1138 1807 saltem
1173 1783 1243 1818 per
1275 1771 1393 1806 fidem
1428 1771 1465 1806 in
1499 1772 1713 1808 eukaristia

400 1827 460 1862 vel
494 1826 587 1863 alibi
620 1827 725 1863 videt
749 1828 966 1875 Christum,
1001 1836 1036 1864 et
1062 1836 1151 1877 post
1183 1829 1254 1864 hoc
1285 1831 1491 1865 secundnm
1523 1831 1768 1866 modic11m²5

399 1884 505 1921 videt
535 1884 715 1922 intuitive
749 1885 951 1922 Christum
985 1886 1025 1921 in
1058 1886 1188 1934 patria
1220 1895 1262 1922 ut
1296 1887 1487 1923 ascendit.

458 1942 556 1978 Aliis
600 1952 733 1979 autem
780 1944 911 1991 placet
956 1946 1064 1992 quod
1109 1943 1284 1992 primum
1324 1953 1481 1993 tempus
1520 1946 1710 1981 modicum

401 2009 457 2036 est
502 2009 631 2036 totum
676 2002 915 2038 nebulosum
954 2011 1111 2050 tempus
1150 2001 1342 2039 viacionis
1382 2002 1420 2038 in
1461 2016 1539 2051 quo
1572 2005 1711 2051 prede-

400 2058 536 2094 stinati
580 2060 709 2095 solum
754 2059 888 2096 vident
933 2073 1003 2108 per
1047 2060 1253 2107 speculum
1299 2060 1337 2095 in
1383 2060 1594 2109 enigmate,
1635 2074 1710 2109 que

399 2115 497 2152 visio
527 2116 566 2152 in
589 2117 899 2165 compara-sione
922 2119 971 2154 ad
994 2117 1253 2154 intuicionem
1280 2117 1424 2154 dicitur
1452 2132 1531 2155 non
1562 2119 1708 2165 videre,
1726 2123 1768 2155 30

401 2183 436 2210 et
481 2174 586 2210 idem
632 2183 789 2224 tempus
828 2175 868 2211 in
908 2175 1217 2224 comparacione
1258 2177 1307 2212 ad
1348 2176 1418 2212 Dei
1457 2177 1707 2213 eternitatem

400 2240 456 2267 est
489 2232 583 2268 satis
617 2233 822 2280 modicum,
856 2246 945 2269 cum
970 2233 1067 2269 nulli
1091 2233 1318 2281 patriarche
1342 2233 1380 2268 in
1406 2243 1509 2270 etate
1531 2234 1710 2282 primeva

399 2289 519 2325 seculi
566 2290 672 2326 mille
717 2303 843 2327 annos
876 2291 1103 2338 attigerant,
1145 2300 1181 2327 et
1220 2292 1378 2327 Psalmo
1413 2293 1635 2338 LXXXIXO,
1670 2305 1708 2338 4,

399 2347 603 2383 scribitur:
662 2349 772 2384 Mille
814 2349 906 2384 anni
946 2356 1033 2384 ante
1077 2349 1206 2384 oculos
1249 2357 1333 2385 titos
1384 2357 1577 2398 tamqnam
1631 2351 1710 2386 dies

399 2406 576 2441 hesterna
616 2418 686 2454 que
717 2407 908 2455 preteriit.
950 2408 997 2442 Et
1030 2415 1120 2454 post
1153 2406 1192 2441 in
1226 2407 1324 2443 hora
1358 2407 1497 2443 mortis
1531 2408 1765 2443 succedit35

398 2471 556 2510 tempus
595 2463 785 2499 modicum
826 2463 865 2499 in
905 2477 984 2512 quo
1017 2463 1277 2512 predestinati
1311 2466 1458 2501 habent
1492 2465 1706 2502 scintillam

398 2520 628 2557 intuicionis
660 2529 868 2570 tamquam
903 2534 1014 2558 arras
1044 2522 1208 2558 visionis
1241 2522 1381 2570 patrie.

468 2652 487 2670 1.
508 2644 552 2670 A:
574 2644 772 2670 Parasceuen.
846 2652 870 2671 2.
894 2644 959 2671 BC:
982 2653 1038 2679 pro
1059 2645 1151 2672 deest.
1230 2654 1258 2679 4.
1280 2646 1324 2672 A:
1345 2645 1415 2680 quia
1436 2653 1506 2672 non.
1581 2644 1608 2671 ὁ.
1629 2645 1657 2672 Α
1677 2644 1706 2672 in

397 2685 510 2713 marg:
526 2677 606 2705 Nota
621 2678 703 2712 qnod
720 2678 862 2705 Christus
878 2678 906 2705 in
923 2679 1025 2705 triduo
1040 2679 1131 2706 iacuit
1145 2679 1175 2706 in
1191 2680 1332 2715 sepulcro
1349 2680 1399 2706 sed
1417 2688 1476 2706 non
1494 2679 1706 2714 pertriduum.

398 2721 426 2743 Q,
449 2721 489 2739 10.
512 2713 553 2740 C:
574 2713 678 2739 decem
695 2717 880 2748 —tempore
900 2713 994 2740 deest.
1070 2723 1109 2741 10.
1130 2715 1174 2741 A:
1196 2714 1423 2741 resurreccione
1445 2714 1570 2741 Christi.
1611 2713 1647 2740 13.
1663 2715 1706 2740 A:

397 2745 537 2774 concilio.
620 2755 661 2781 14.
682 2748 726 2774 A:
748 2747 922 2774 ascendent.
1007 2748 1042 2775 15,
1065 2749 1103 2775 ss:
1126 2749 1235 2776 viderit
1256 2749 1348 2775 deest.
1433 2757 1472 2783 17-
1490 2748 1529 2775 18.
1551 2750 1594 2775 A:
1616 2757 1705 2783 quem

398 2790 428 2808 se
449 2782 569 2809 habent.
661 2789 706 2809 20.
728 2782 771 2809 A:
794 2787 911 2816 ponunt
932 2782 1056 2817 quidam
1078 2783 1171 2810 deest.
1269 2791 1385 2810 20—22.
1405 2783 1449 2821 A:
1471 2783 1499 2809 in
1521 2782 1655 2818 quolibet
1674 2798 1707 2821 ⁵——

397 2816 554 2844 modicum
570 2816 663 2844 deest.
737 2816 780 2843 23.
797 2817 837 2844 C:
859 2817 948 2843 fidem
971 2826 1040 2847 nec:
1062 2818 1101 2844 ib.
1117 2819 1160 2845 A:
1182 2823 1210 2844 et
1231 2823 1311 2853 patet
1331 2818 1422 2849 illud:
1444 2818 1483 2844 1b.
1500 2817 1540 2844 C:
1563 2817 1706 2844 succedit.

395 2850 438 2878 25.
459 2851 504 2878 A:
525 2851 619 2885 vidi13
646 2851 686 2878 ib.
709 2851 731 2878 B
751 2851 781 2878 in
803 2859 915 2878 marm:
938 2852 1056 2887 Duplex
1079 2852 1234 2880 modicum
1257 2852 1422 2879 succedens
1443 2852 1472 2878 in
1517 2852 1629 2878 nolibet
1649 2852 1707 2878 sal-

396 2885 507 2912 vando.
555 2893 598 2921 27.
620 2887 648 2913 A
669 2885 699 2912 in
720 2894 833 2920 marg:
854 2871 944 2912 biota.
992 2886 1037 2913 30.
1058 2887 1129 2914 AC:
1151 2887 1326 2914 tuicionem.
1370 2885 1417 2917 30,
1433 2885 1471 2913 31.
1523 2896 1527 2913 :
1549 2886 1706 2912 dicitnr—

397 2920 450 2946 Dei
473 2920 566 2947 deest.
657 2918 700 2947 33.
721 2921 766 2947 A:
789 2920 906 2953 secula,-
934 2920 972 2947 ib.
995 2922 1038 2948 A:
1061 2922 1242 2948 attinoerant
1262 2926 1289 2948 et
1309 2930 1338 2956 p.
1360 2921 1513 2948 scribitur.
1603 2920 1644 2947 35.
1668 2920 1704 2947 B:

396 2953 476 2981 Nota
498 2955 579 2988 qnod
602 2955 631 2981 in
654 2963 768 2989 marg:
790 2954 829 2981 ib.
851 2956 894 2982 A:
917 2956 1066 2982 suecedet.
1140 2955 1185 2983 ,6,
1207 2956 1251 2982 A:
1273 2955 1301 2982 in
1324 2964 1392 2991 qna.
