2017 3353
209 272 253 310 18

771 279 993 312 JOHANNIS
1013 278 1198 310 WYCLIF
1227 277 1485 310 SERMONUM
1576 264 1729 323 [SERMO
1743 276 1794 303 111-

489 385 710 423 activorum
745 384 1042 432 habitaciones;
1083 384 1195 422 cuius
1230 384 1459 431 oppositum
1496 384 1624 432 patuit
1658 386 1704 421 de
1726 387 1793 421 Jo-

488 445 631 482 hanne.
669 445 761 481 Ideo
787 443 911 480 tercio
936 443 1140 491 querendo
1163 442 1196 478 si
1217 442 1393 478 exierunt
1412 443 1542 479 videre
1558 444 1792 492 prophetam

489 502 672 540 Christus
697 503 925 551 approbans
949 501 1057 538 illam
1082 499 1328 537 sentenciam
1353 502 1605 548 superaddit:
1640 501 1791 548 Eciam,

487 560 629 609 inquit,
665 562 748 598 dico
782 560 886 599 vobis
913 567 947 596 et
964 560 1054 609 plus
1077 571 1189 608 quam
1214 559 1466 609 prophetam.
1500 560 1577 595 Hic
1609 567 1663 596 est
1695 559 1793 597 enim

488 620 534 655 de
565 632 636 669 quo
668 620 853 668 scriptum
885 626 939 655 est
963 617 1149 666 (Malach.
1177 614 1284 669 IV0):
1324 617 1438 669 Ecce,
1464 617 1518 654 ait
1541 619 1645 654 Deus
1669 626 1793 665 pater,

487 678 619 714 mitto·
633 678 814 728 angelum
848 689 985 721 meum,
1023 676 1098 712 hoc
1133 684 1203 721 est,
1244 674 1435 711 nuncium
1472 684 1509 712 et
1540 677 1793 724 prophetam,

487 743 574 772 ante
593 736 743 785 faciem
766 736 907 772 Messie
938 734 1002 784 qui
1025 734 1257 783 preparabit
1290 734 1391 770 viam
1418 746 1508 770 mox
1531 743 1622 770 ante
1647 733 1793 770 Christi

198 801 470 837 Thessaptistpre-
487 795 718 831 adventurn.
754 792 866 831 Sicut
889 793 994 829 enim
1021 804 1165 828 aurora
1198 790 1379 839 precedit
1404 790 1509 828 diem
1535 792 1700 839 claram,
1735 793 1794 828 lu-

198 838 290 865 ceded
305 837 411 866 Christ
425 839 468 865 in-

197 872 283 906 time,
326 873 380 900 but
419 878 471 900 not

249 907 279 934 in
300 908 429 944 dignity.

487 864 607 888 cerna
631 851 796 888 candele
830 851 960 887 lucem
985 858 1022 887 et
1055 859 1139 886 seta
1163 849 1273 885 filum
1300 849 1484 895 flexibile,
1521 850 1577 886 sic
1611 851 1794 898 Baptista

487 910 679 957 precessit
703 909 908 946 Christum
933 918 1127 955 tempore,
1153 920 1233 944 non
1258 907 1466 956 dignitate,
1493 920 1583 944 curn
1609 908 1791 945 Christus
1815 923 1851 945 ιο

487 968 678 1016 dignitate
711 968 837 1004 factus
871 968 999 1003 fuerat
1032 977 1123 1002 ante
1157 965 1302 1014 ipsum.

543 1027 620 1062 Sed
654 1026 693 1061 in
727 1025 803 1062 isto
836 1025 986 1062 instant
1018 1024 1137 1071 logici
1171 1024 1293 1072 quod,
1327 1024 1359 1060 si
1383 1024 1563 1072 Baptista
1595 1024 1669 1060 fuit
1701 1037 1793 1072 pro-

485 1084 604 1131 pheta
638 1092 675 1120 et
707 1084 795 1131 plus
830 1096 950 1131 quam
985 1083 1193 1130 propheta,
1244 1082 1425 1119 Christus
1464 1082 1537 1118 fuit
1570 1084 1793 1120 contrarius

198 1142 558 1187 Howthessaptistsibi
593 1141 680 1189 ipsi.
726 1141 914 1189 Sequitur
938 1141 1062 1177 enim:
1098 1141 1277 1188 Baptista
1301 1149 1359 1176 est
1382 1141 1469 1188 plus
1494 1153 1614 1188 quam
1648 1141 1793 1189 aliquis

196 1195 260 1213 was
290 1195 305 1214 a
336 1189 467 1222 prophet

194 1226 243 1258 yet
258 1230 343 1249 more
363 1223 435 1250 than
452 1232 467 1250 a

262 1258 404 1292 prophet.

199 2077 295 2106 What
310 2087 325 2118 a
339 2080 471 2114 prophet

313 2122 355 2141 ls:

483 1200 678 1247 propheta
712 1209 749 1236 et
781 1199 952 1247 ipsemet
975 1208 1033 1235 est
1065 1198 1210 1246 aliquis
1244 1200 1453 1246 propheta,
1488 1211 1580 1247 ergo
1615 1209 1672 1236 est
1704 1200 1793 1247 plus
1814 1206 1849 1237 15

483 1270 523 1294 se
562 1257 662 1305 ipso.
719 1259 795 1294 Sed
835 1257 890 1293 sic
930 1257 1148 1305 garrientes
1187 1257 1374 1305 ignorant
1412 1256 1717 1305 supposiciones
1757 1267 1794 1294 et

483 1314 785 1363 predicaciones
820 1316 1098 1351 communium
1134 1315 1413 1352 terminorum.
1458 1318 1559 1351 Nam
1594 1315 1632 1351 in
1667 1315 1791 1364 scrip-

483 1382 571 1410 tura
604 1386 718 1410 sacra
752 1382 789 1409 et
822 1373 952 1410 modis
986 1373 1177 1421 loquendi
1210 1382 1441 1410 sanctorum
1466 1373 1660 1410 terminus
1684 1387 1792 1410 com-

483 1431 615 1468 munis
648 1444 756 1468 nunc
790 1432 983 1479 supponit
1016 1431 1255 1479 simpliciter
1276 1444 1349 1479 pro
1373 1431 1533 1468 racione
1558 1433 1791 1469 denomina-

483 1489 608 1526 cionis
641 1489 873 1526 huiusmodi
897 1499 934 1526 et
956 1502 1061 1526 nunc
1094 1489 1362 1537 personaliter
1383 1503 1455 1538 pro
1479 1490 1660 1527 subiecto
1683 1492 1789 1538 quod
1807 1508 1848 1529 20

483 1547 623 1595 recipit
655 1548 764 1584 illam
799 1548 1190 1586 denominacionem.

539 1607 599 1642 Ad
632 1607 854 1642 secundum
896 1619 1055 1642 sensum
1100 1606 1280 1654 Baptista
1315 1606 1387 1642 fuit
1426 1607 1624 1653 propheta
1664 1615 1701 1643 et
1740 1608 1789 1643 ad

483 1663 657 1711 primum
684 1676 845 1700 sensum
873 1664 1011 1701 habuit
1045 1664 1132 1712 plus
1157 1677 1277 1712 quam
1303 1663 1507 1700 racionem
1534 1664 1666 1701 taliter
1698 1677 1789 1712 pro-

483 1722 690 1769 phetandi.
714 1723 816 1758 Nam
842 1723 900 1769 (ut
918 1731 1027 1770 patet
1051 1724 1076 1759 Ι.
1102 1724 1194 1771 Reg.
1213 1735 1299 1770 cap.
1324 1723 1408 1768 IX0‚
1428 1719 1469 1774 9)
1487 1724 1678 1771 prophete
1700 1723 1789 1759 olim

485 1780 710 1816 dicebantur
742 1780 924 1825 videntes,
958 1781 1051 1828 quia
1085 1781 1272 1817 veritates
1297 1779 1490 1816 distantes
1515 1781 1574 1816 vel
1609 1790 1790 1828 tempore
1809 1789 1847 1821 25

484 1838 544 1874 vel
592 1837 741 1874 noticia
790 1838 975 1874 viderunt
1023 1838 1112 1886 plus
1154 1839 1296 1875 ceteris
1341 1837 1558 1875 intellectu.
1610 1839 1790 1886 Baptista

485 1904 619 1932 autem
653 1895 842 1934 Messian]
877 1905 1104 1944 presentem
1130 1897 1255 1945 digito
1282 1897 1586 1933 demonstrabat
1609 1905 1645 1932 et
1670 1909 1791 1933 manu

484 1954 676 2002 palpabat
709 1960 764 1999 (ut
797 1963 906 2002 patet
926 1955 1013 1991 Joh.
1039 1953 1107 2008 10),
1142 1955 1231 1992 ideo
1255 1955 1396 1991 habuit
1419 1963 1456 1991 et
1478 1954 1582 1991 ultra
1604 1954 1789 2002 spiritum

485 2012 767 2059 prophetandi.

544 2069 660 2106 Circa
694 2071 769 2106 hoc
803 2070 1052 2118 evangelium
1083 2071 1290 2107 dubitatur
1313 2069 1407 2117 quid
1441 2070 1492 2106 sit
1525 2071 1721 2117 propheta
1755 2079 1792 2107 et
1810 2078 1850 2110 30

487 2129 594 2175 quod
630 2127 713 2164 eius
737 2127 930 2164 officium.
964 2131 1012 2164 Et
1046 2129 1161 2165 multi
1187 2129 1234 2164 de
1268 2127 1385 2164 sectis
1410 2126 1560 2164 faciunt
1585 2140 1696 2164 more
1719 2141 1791 2165 suo

487 2198 697 2222 rancosam
733 2185 1021 2222 diffinicionem
1058 2195 1096 2223 et
1128 2186 1311 2224 inutilem
1349 2186 1395 2222 de
1428 2187 1639 2233 propheta,
1682 2199 1726 2223 ac
1761 2186 1792 2223 si

486 2243 525 2280 in
566 2243 643 2279 illis
688 2243 945 2291 singulariter
989 2243 1140 2291 vigeret
1173 2243 1378 2291 sapiencia
1427 2252 1464 2279 et
1510 2243 1549 2279 in
1583 2243 1659 2279 fine
1693 2253 1794 2280 tern-

487 2314 631 2349 porum
667 2302 893 2338 reseranda.
931 2303 1068 2337 Potest
1101 2311 1235 2338 autem
1271 2301 1349 2337 dici
1373 2301 1481 2349 quod
1515 2302 1711 2349 propheta
1745 2303 1795 2338 sit

554 2380 578 2399 2.
600 2373 648 2399 A:
676 2372 790 2400 exirent
819 2371 923 2398 videre
949 2372 1061 2399 videre.
1172 2372 1196 2401 5.
1223 2373 1266 2400 A:
1296 2372 1367 2399 Mal.
1389 2371 1440 2405 1⁰3
1473 2371 1514 2398 ib.
1537 2373 1580 2398 A:
1602 2378 1686 2406 pater
1703 2373 1794 2400 Deus.

486 2414 511 2440 7.
544 2408 593 2434 A:
627 2407 762 2442 parabit;
801 2407 842 2434 ib.
876 2405 945 2434 BC:
979 2408 1059 2434 viam
1094 2408 1202 2435 moris.
1301 2415 1328 2443 ς).
1357 2406 1406 2433 A:
1434 2408 1532 2433 lucem
1560 2412 1641 2437 ceta:
1681 2407 1722 2434 ib.
1754 2407 1794 2435 C:

485 2440 663 2468 flexibilem.
774 2450 807 2469 11.
831 2443 869 2467 15:
892 2444 972 2468 Ante
992 2441 1088 2469 illum.
1190 2450 1227 2469 12.
1242 2444 1286 2470 A:
1302 2441 1355 2468 sed
1371 2441 1398 2468 in
1421 2441 1496 2474 i1103
1518 2442 1558 2468 ib.
1579 2444 1607 2469 A
1629 2442 1657 2469 in
1680 2450 1795 2477 marg.:

485 2477 624 2503 obieccio
643 2487 649 2509 3
682 2477 722 2503 ib.
743 2477 792 2503 A:
813 2476 838 2503 si
859 2476 1028 2503 lohannes.
1164 2476 1200 2504 13.
1223 2479 1269 2504 A:
1293 2476 1434 2504 Christus
1456 2476 1550 2503 deest.
1685 2485 1725 2510 14.
1748 2481 1794 2504 A:

486 2511 567 2538 enim
585 2510 753 2539 Jotiannes.
895 2510 932 2538 15.
953 2512 1001 2538 A:
1035 2511 1165 2546 ipsemet
1185 2517 1230 2539 est
1252 2512 1412 2546 propheta.
1445 2510 1467 2537 B
1488 2510 1517 2537 in
1539 2519 1656 2545 marg:
1689 2512 1796 2539 Exem-

486 2546 604 2580 placio;
628 2545 800 2581 sophisma.
909 2545 951 2572 16.
973 2547 1001 2573 A
1023 2547 1052 2573 in
1074 2555 1193 2581 marg:
1216 2546 1354 2574 Solucio.
1464 2544 1505 2572 18.
1526 2547 1573 2573 A:
1595 2546 1746 2573 terminis.
1767 2548 1795 2574 A

485 2588 514 2607 in
536 2587 653 2614 marg:
675 2580 842 2607 Terminus
863 2581 1042 2608 communis
1069 2582 1234 2616 supponit:
1257 2580 1449 2616 simpliciter,
1472 2581 1683 2614 personaliter.
1724 2581 1744 2607 B
1765 2582 1795 2608 in

487 2622 605 2648 marg.:
638 2614 808 2650 Quomodo
840 2615 961 2642 termini
983 2623 1167 2643 communes
1197 2616 1227 2643 in
1256 2615 1421 2650 scripturis
1443 2616 1556 2641 sanctis
1577 2620 1797 2650 supponuntur

486 2649 662 2684 dupliciter,
692 2649 854 2676 videlicet:
886 2650 1068 2685 simpliciter
1094 2656 1120 2678 et
1150 2650 1364 2686 personaliter.
1448 2658 1489 2684 19.
1517 2649 1557 2676 B:
1588 2658 1669 2677 nunc
1699 2651 1795 2677 deest.

485 2691 530 2711 22.
560 2682 629 2711 BC:
660 2684 717 2711 fuit
754 2683 901 2719 Baptista.
1011 2685 1057 2712 28.
1078 2687 1122 2712 A:
1146 2687 1300 2721 palpabit:
1374 2685 1415 2712 ib.
1435 2686 1484 2712 A:
1515 2684 1619 2712 habuit
1649 2686 1706 2711 hoc
1728 2685 1796 2720 plus

487 2723 514 2746 et
535 2720 625 2746 ultra.
718 2717 764 2745 30.
787 2722 814 2746 A
835 2718 864 2746 in
886 2727 1006 2754 marg:
1039 2720 1187 2748 Dubium.
1226 2720 1247 2746 B
1269 2720 1299 2747 in
1322 2727 1440 2754 marg.:
1475 2718 1614 2753 Questio.
1655 2720 1737 2752 Quid
1759 2719 1798 2746 sit

486 2755 641 2789 propheta
663 2757 691 2780 et
711 2755 793 2788 quod
816 2754 881 2780 eius
902 2753 1050 2782 officium.
1171 2753 1213 2782 32.
1236 2756 1283 2781 A:
1307 2762 1483 2788 rangosam.
1601 2752 1642 2782 33.
1665 2756 1710 2781 A:
1733 2753 1795 2781 sin-

486 2788 633 2821 gulariter
653 2789 684 2815 in
705 2788 786 2822 illis;
807 2789 857 2815 A:
879 2793 907 2816 et
927 2790 1025 2815 deest.
1133 2789 1180 2822 34.
1202 2791 1249 2816 A:
1272 2790 1465 2816 reservanda.

557 2853 586 2875 2.
615 2841 734 2875 Matth.
763 2843 816 2882 IX,
843 2853 875 2886 9.
982 2854 1013 2884 4.
1049 2843 1093 2875 ib.
1120 2854 1151 2887 (J,
1183 2855 1234 2876 10.
1332 2854 1384 2884 24.
1413 2844 1435 2875 1.
1455 2844 1539 2884 Reg.
1567 2843 1620 2882 lX,
1646 2854 1689 2885 9:
1729 2843 1797 2881 Qui

487 2889 574 2921 enim
597 2889 775 2932 propheta
802 2889 932 2920 dicitur
957 2889 1071 2930 hodie,
1100 2891 1297 2922 vecabatur
1323 2891 1403 2922 olim
1433 2890 1561 2921 videns.
