2017 3353
248 305 265 340 Q>

275 314 295 339 ιο

303 318 327 347 ,ι-

274 542 300 568 0.
322 542 446 576 Neglect
466 545 496 566 ts·

288 578 399 604 rebnlce
421 577 477 602 sin.

268 1590 370 1617 ‹jin-ist
393 1590 443 1617 did
466 1594 517 1616 not

287 1626 393 1652 shrink
414 1626 493 1652 from

259 1661 347 1695 being
368 1658 528 1686 observed.

260 2100 319 2127 We
338 2100 446 2127 should
465 2105 534 2127 note

316 2156 334 2174 1.
356 2147 488 2174 Christ's

343 2190 455 2217 inercy.

268 2236 291 2254 2.
313 2227 380 2255 The
401 2228 478 2262 spite
500 2227 533 2255 of

306 2263 491 2298 hypocrites.

311 2390 336 2419 3.
358 2391 503 2429 Christ's

264 2434 481 2460 perseverance
497 2434 525 2452 in

318 2462 482 2495 goodness.

829 306 1051 338 „IOHANNIS
1070 305 1254 337 WYCLIF
1276 304 1533 337 SERMONUM
1569 291 1720 348 [SERMO
1742 301 1848 329 XLIX-

535 412 748 449 defendere
781 425 826 448 ac
858 412 1104 460 negligenter
1137 411 1335 448 subtrahit
1368 424 1531 448 manum
1565 424 1691 455 suam,
1727 411 1853 446 multo

536 471 660 518 magis
693 470 733 506 in
766 470 917 507 desidia
949 470 1167 518 spiritualis
1207 469 1418 506 iuvaminis
1452 471 1566 506 cadet
1599 468 1852 516 dampnacio.

594 529 754 565 Sextum
789 541 909 576 genus
950 541 1165 564 consensus
1204 537 1260 564 est
1299 528 1460 576 quando
1500 527 1728 576 quicunque
1766 539 1854 574 pre-

537 587 638 624 latus
676 587 735 623 vel
774 586 874 623 alius
911 586 1049 623 videns
1087 588 1194 635 quod
1234 587 1411 622 clamore
1447 586 1508 622 vel
1546 584 1855 633 reprehensione

536 654 669 694 posset
703 647 886 693 detegere
916 645 977 681 vel
1012 646 1214 681 destruere
1247 644 1401 692 peccati
1442 643 1645 680 maliciam
1680 652 1717 679 et
1749 645 1888 679 tacet5

535 703 771 750 vecorditer,
813 712 849 739 et
888 703 980 739 licet
1017 703 1180 751 prelatis
1220 712 1257 739 et
1296 702 1454 751 regibus
1495 710 1704 750 peccatum
1750 701 1855 737 istud

538 771 580 798 ut
624 762 760 810 priora
808 761 1060 808 conveniant,
1105 770 1241 798 tamen
1297 760 1417 797 nimis
1467 760 1626 797 realiter
1672 758 1856 796 convenit

538 819 700 857 cuilibet
732 819 949 868 peccatori.
989 819 1165 865 Quilibet
1198 819 1302 855 enim
1338 820 1454 855 debet
1487 831 1526 855 se
1559 818 1689 866 ipsum
1724 829 1856 866 repre-

539 880 711 915 hendere
743 879 963 914 secundum
997 877 1107 914 illam
1140 886 1295 925 partem
1330 889 1408 925 qua
1439 876 1495 913 sic
1534 884 1673 925 peccat
1711 884 1748 912 et
1786 887 1856 924 per

539 948 786 985 consequens
819 935 1016 972 consentit
1054 944 1221 983 peccato
1255 935 1553 971 correccionem
1587 933 1855 980 dissimulans,
1876 947 1915 969 10

539 1004 575 1031 et
603 995 659 1031 sic
688 994 719 1030 si
748 994 875 1030 fidelis
903 1006 1036 1030 servus
1061 993 1223 1030 Domini
1255 1005 1297 1029 ex
1320 993 1475 1041 integro
1498 1005 1578 1029 non
1601 991 1858 1029 consenciens

539 1054 711 1100 dyabolo
744 1053 875 1089 foveat
912 1061 1068 1100 partem
1113 1064 1240 1097 suam,
1285 1064 1367 1088 non
1412 1050 1775 1099 multiplicarentur
1818 1049 1859 1086 in

540 1111 706 1147 ecclesia
739 1119 798 1147 tot
833 1111 1001 1156 hereses,
1035 1111 1104 1146 sed
1136 1122 1228 1158 pars
1268 1109 1428 1157 dyaboli
1461 1110 1581 1145 habet
1613 1108 1788 1145 maiores
1821 1116 1857 1144 et

539 1170 673 1216 plures
705 1181 779 1217 pro
812 1177 925 1216 parte
957 1181 1028 1205 sua
1061 1177 1201 1206 contra
1234 1167 1453 1204 Dominum
1493 1175 1769 1215 procurantes.

1012 1305 1206 1346 SERMO
1240 1305 1385 1344 XLIX.
1879 1308 1914 1341 15

606 1401 701 1438 Cum
754 1401 919 1437 intraret
966 1400 1077 1436 Jesus
1133 1400 1168 1435 in
1221 1401 1375 1435 domum
1426 1399 1624 1435 cuiusdam
1669 1397 1860 1448 principis

538 1460 813 1510 phariseorum
835 1459 992 1495 sabbato
1021 1459 1257 1494 manducare
1276 1470 1430 1506 panem,
1454 1465 1489 1494 et
1511 1457 1584 1506 ipsi
1605 1456 1859 1493 observabant

544 1531 642 1554 eum.
678 1520 783 1553 Luce
814 1518 935 1562 X1V0‚
978 1529 1009 1552 1.

603 1577 769 1612 Constat
809 1587 852 1611 ex
889 1583 996 1610 textu
1036 1573 1227 1621 evangelii
1268 1573 1474 1621 quomodo
1514 1572 1644 1620 ipsum
1690 1580 1746 1608 est
1790 1570 1859 1607 tri-

546 1635 744 1678 membre:
796 1632 928 1680 primo
966 1641 1129 1668 notatur
1167 1631 1385 1679 temptacio
1425 1630 1572 1667 Christi
1612 1643 1634 1666 a
1678 1629 1859 1678 principe
1875 1642 1917 1664 20

544 1691 824 1740 phariseorum
858 1699 895 1727 et
926 1690 1006 1726 suis
1031 1689 1308 1737 complicibus,
1333 1702 1423 1725 cum
1448 1688 1489 1725 in
1512 1690 1634 1725 domo
1664 1700 1735 1724 sua
1768 1700 1857 1723 cum

545 1750 621 1786 illis
660 1750 828 1786 sabbato
868 1748 1138 1789 manducavit,
1185 1748 1451 1784 observabant
1495 1759 1583 1783 euin
1630 1759 1673 1782 ex
1724 1745 1860 1782 innata

545 1807 694 1844 invidia
727 1808 932 1855 quomodo
959 1806 1090 1854 ipsum
1124 1814 1336 1853 arguerent
1368 1814 1534 1853 propter
1567 1803 1860 1852 disparenciam

546 1878 614 1902 sue
652 1865 868 1913 religionis.
915 1865 992 1901 Sed
1025 1864 1108 1912 ipse
1146 1863 1388 1900 omnisciens
1429 1872 1466 1900 et
1504 1875 1575 1911 per
1613 1873 1861 1910 consequens

548 1923 808 1961 calliditatem
843 1935 981 1959 eorum
1015 1935 1234 1970 agnoscens
1267 1930 1303 1958 et
1336 1922 1559 1969 profectum
1594 1933 1662 1956 sue
1694 1920 1862 1956 instruc·
1879 1922 1918 1954 25

549 1982 674 2018 cionis
708 1990 745 2018 et
778 1981 910 2029 operis
942 1993 1023 2016 non
1057 1989 1271 2028 propterea
1303 1979 1473 2027 aufugit:
1514 1979 1615 2015 sicut
1648 1977 1753 2014 enim
1787 1977 1862 2013 sal-

547 2040 755 2077 vacionem
802 2038 967 2075 humani
1017 2038 1184 2086 generis,
1231 2037 1322 2073 licet
1360 2037 1473 2073 scivit
1516 2035 1657 2073 mortis
1701 2035 1863 2084 proprie

549 2097 865 2143 imminenciam,
918 2109 998 2132 non
1049 2095 1306 2144 pretermisit,
1351 2108 1445 2132 narn
1489 2094 1731 2145 ydropicum
1782 2105 1862 2129 non

550 2157 734 2193 obstante
778 2168 849 2192 sua
892 2154 1073 2191 versucia
1123 2153 1289 2190 sanavit.
1334 2155 1388 2189 Ex
1434 2165 1512 2201 quo
1556 2151 1688 2188 notari
1733 2160 1863 2200 potest

551 2214 697 2250 Christi
732 2212 1009 2249 misericordia
1042 2225 1087 2248 ac
1122 2211 1396 2248 benivolencia
1426 2223 1503 2258 qua
1536 2209 1714 2246 subdolis
1748 2211 1864 2245 bene-
1881 2211 1922 2244 30

550 2271 662 2317 facit3
697 2272 873 2308 secundo
910 2270 1184 2318 ypocritarum
1219 2269 1380 2314 invidia,
1416 2281 1494 2316 qua
1538 2276 1702 2315 propter
1735 2269 1864 2303 detec-

552 2330 707 2365 cioncm
741 2341 809 2365 sue
843 2328 1000 2364 malicie
1039 2337 1075 2364 et
1109 2326 1401 2375 disparenciam
1435 2338 1503 2362 sue
1535 2324 1758 2362 sanctitatis
1790 2324 1865 2361 vir-

550 2387 624 2423 tuti
659 2386 821 2423 Domini
866 2386 1108 2430 invidebant,
1155 2394 1191 2421 et
1223 2384 1348 2421 tercio
1381 2383 1682 2432 perseverancia
1720 2382 1866 2419 benefi-

551 2445 685 2482 cencie
730 2443 876 2481 Christi
920 2444 1102 2480 sanando
1145 2442 1395 2490 ydropicum.
1442 2444 1496 2477 Ex
1546 2454 1625 2490 quo
1671 2440 1865 2477 miraculo

621 2565 640 2584 1.
663 2556 702 2584 C:
725 2560 775 2583 aut
796 2555 992 2590 negligenter.
1060 2562 1085 2581 2.
1106 2554 1150 2581 A:
1173 2554 1320 2589 dampno.
1389 2552 1414 2580 3.
1435 2554 1463 2580 A
1484 2553 1513 2580 in
1536 2561 1650 2588 marg:
1672 2551 1700 2579 ὁ.
1773 2560 1802 2585 4.
1824 2550 1864 2578 C:

552 2591 629 2618 alius
650 2590 769 2618 iudeus.
860 2598 885 2625 7.
906 2590 950 2616 A:
973 2588 1129 2624 competit.
1221 2596 1248 2623 9.
1271 2589 1314 2615 A:
1338 2592 1455 2623 partem
1477 2587 1577 2614 anime
1597 2596 1665 2622 que.
1758 2594 1800 2622 14.
1820 2587 1865 2613 A:

552 2630 658 2652 contra
679 2626 787 2652 Deum.
880 2624 917 2651 15.
940 2623 1005 2651 BC:
1028 2623 1190 2650 Dominica
1211 2623 1312 2656 XVII:
1340 2622 1380 2649 C:
1409 2627 1479 2657 post
1498 2621 1670 2649 Trinitatis.
1757 2624 1798 2647 ιο,
1820 2622 1864 2648 A:

552 2660 687 2687 intravit.
774 2668 811 2694 17.
832 2660 876 2686 A:
899 2658 1025 2685 sabbato
1047 2659 1146 2691 ὠκεῖς
1174 2658 1214 2685 ib.
1235 2659 1279 2685 A:
1302 2661 1329 2684 ct
1350 2657 1443 2684 deest,
1526 2665 1568 2692 19.
1590 2657 1618 2684 A
1640 2656 1669 2683 in
1691 2663 1757 2682 mar
1781 2665 1804 2682 .:
1826 2656 1864 2682 A.

552 2695 674 2722 21.13C.·
696 2694 777 2721 unde
792 2694 832 2721 in.
884 2701 927 2720 22.
943 2694 986 2720 A:
1010 2692 1206 2719 manducavit
1221 2692 1364 2722 sabbato:
1386 2692 1426 2718 ib.
1443 2692 1487 2718 A:
1510 2699 1578 2718 cum
1595 2691 1689 2718 deest.
1739 2662 1781 2718 25.
1799 2689 1864 2717 BC:

553 2738 614 2764 quo
635 2730 748 2767 ipsum.
840 2727 883 2755 25.
904 2728 948 2755 A:
971 2735 1170 2762 cognoscens.
1262 2727 1308 2753 26.
1331 2727 1374 2753 A:
1402 2725 1528 2761 propria
1548 2726 1675 2760 aufugit.
1760 2732 1804 2759 27.
1827 2724 1865 2751 B:

553 2772 673 2798 generis
700 2764 792 2790 deest.
901 2762 946 2789 28.
968 2763 1012 2789 A:
1041 2770 1101 2788 non
1129 2762 1229 2789 deest:
1259 2761 1299 2788 ib.
1321 2760 1387 2787 BC:
1419 2760 1462 2787 sic
1487 2760 1690 2796 ydropicnm;
1719 2759 1759 2787 ib.
1781 2760 1809 2786 A
1836 2759 1864 2785 in

555 2806 641 2825 maro
664 2808 668 2813 ·
692 2807 711 2825 1.
803 2806 849 2833 29.
871 2797 899 2824 A
919 2797 949 2824 in
971 2804 1085 2831 marg:
1107 2804 1139 2829 23
1169 2797 1191 2823 Β
1212 2796 1242 2823 in
1263 2803 1378 2830 marg:
1400 2799 1526 2830 propter
1546 2795 1696 2822 malorum
1718 2793 1864 2821 invidiam

554 2818 686 2894 {alugri's
700 2832 868 2874 instrncciq
882 2840 941 2858 non
957 2836 1001 2857 cst
1017 2831 1217 2858 obmittenda.
1274 2830 1320 2857 30.
1336 2831 1380 2856 A:
1402 2838 1460 2865 que
1474 2829 1622 2856 subdolis.
1678 2828 1717 2856 31.
1732 2829 1776 2856 A:
1797 2836 1865 2862 que.

573 2876 597 2894 2.
667 2875 697 2894 in
719 2875 833 2901 marg:
854 2875 879 2894 ³.

629 2926 677 2958 Μ’).
705 2926 755 2957 Cf.
783 2926 946 2969 Wyclif's
973 2927 1140 2957 Sermons
1168 2926 1220 2956 ed.
1248 2925 1292 2967 by
1322 2925 1452 2956 Arnold
1483 2925 1506 2965 l,
1532 2934 1589 2965 4¹.
