2017 3353
165 295 245 330 266

165 473 223 500 We
245 476 325 499 must
349 471 437 506 ludge-

189 516 263 545 men
280 507 318 545 by
338 506 416 533 their

251 545 350 569 muts,

185 821 250 848 The
272 821 327 848 evil
351 819 422 848 fruit

210 857 244 883 ot
263 856 403 890 prelates.

177 1693 243 1720 The
262 1692 452 1720 wickedness

180 1727 284 1762 begins
305 1727 377 1754 with
403 1727 451 1754 the

272 1762 363 1798 Pope.

758 294 982 328 JOHANNIS
1001 292 1184 324 WYCIJF
1204 289 1457 321 SERMONUM
1528 274 1680 331 [SERMO
1703 283 1762 309 XI..

454 406 654 441 intellectu
701 413 737 440 et
781 401 926 439 affectu
970 401 1076 435 bono
1119 398 1180 434 vel
1225 397 1331 432 malo
1375 395 1599 443 procedunt
1643 404 1766 440 opera

455 463 661 499 meritoria
703 462 765 497 rel
810 456 1082 495 demeritoria.
1136 455 1273 492 Scribe
1325 462 1457 489 autem
1511 461 1547 488 et
1592 449 1765 499 pharisei

454 531 665 569 tamquam
700 517 910 567 generacio
943 516 1126 552 adultera
1158 521 1312 562 ponunt
1351 511 1390 547 in
1434 510 1555 558 signis
1600 509 1679 545 suis
1724 517 1766 543 ut

452 578 697 616 vestimentis
721 575 934 613 iusticiam.
960 574 1037 609 Sed
1059 572 1241 608 attendite
1263 571 1308 606 ab
1332 570 1408 605 illis
1431 568 1515 618 quia
1539 567 1767 603 intrinsecus

452 645 539 674 sunt
571 637 651 686 lupi
681 646 854 684 rapaces,
887 641 930 668 ut
951 639 1061 679 patet
1093 643 1137 666 ex
1168 642 1302 677 opere,
1333 627 1395 664 cui
1425 626 1668 663 credendum
1698 632 1767 669 est,
1786 628 1802 660 5

456 705 496 732 ut
530 694 700 743 qualitas
740 690 896 729 arboris
941 688 1113 725 discerni
1159 688 1275 723 debet
1320 698 1363 722 ex
1408 685 1551 729 fructu,
1601 695 1682 719 non
1726 694 1770 718 ex

456 753 604 790 cortice
635 752 696 788 vel
729 749 832 787 foliis
864 749 926 785 vel
958 747 1097 795 figura.

514 813 680 847 Fructus
713 817 846 845 autem
881 806 1129 854 prelatorum
1166 811 1242 839 stat
1266 801 1305 837 in
1329 800 1477 838 cortice
1500 797 1770 836 excommuni-

458 868 646 910 cacionis,
680 880 761 904 non
794 866 833 902 in
866 865 997 900 fructu
1030 860 1339 906 benediccionis,
1373 859 1413 895 in
1434 857 1585 895 verbali
1608 868 1771 904 suspen-

458 928 568 963 sione
600 926 660 962 vel
693 922 995 967 interdiccione,
1029 933 1110 957 non
1141 919 1181 955 in
1203 918 1300 955 reali
1323 916 1477 966 peccati
1507 913 1770 959 relaxacione,
1792 929 1831 950 10

458 986 497 1021 in
550 983 835 1032 temporalium
889 977 1225 1028 sequestracione,
1280 988 1361 1012 non
1411 975 1452 1011 in
1503 972 1772 1022 spiritualium

459 1042 748 1081 seminacione2
791 1049 827 1076 et
860 1039 916 1075 sic
948 1050 1011 1075 ars
1045 1034 1219 1073 hominis
1258 1033 1413 1082 peccati
1451 1030 1633 1069 consistit
1665 1030 1772 1067 circa

460 1098 937 1141 excommunicacionem,
973 1095 1079 1132 circa
1111 1091 1414 1141 suspensionem
1448 1099 1485 1127 et
1509 1090 1614 1127 circa
1637 1100 1775 1137 seque-

459 1159 715 1195 stracionem.
750 1157 868 1202 Quod
892 1163 1026 1191 autem
1051 1161 1141 1189 sunt
1163 1150 1247 1199 lupi
1270 1161 1448 1198 rapaces,
1484 1161 1527 1185 ex
1550 1148 1625 1184 hoc
1649 1146 1777 1183 evidet

460 1219 568 1267 quod
601 1216 751 1252 fructus
785 1224 821 1250 et
856 1212 943 1249 finis
977 1224 1095 1260 quem
1130 1210 1352 1253 elaborant,
1393 1207 1433 1243 in
1473 1219 1551 1255 quo
1592 1212 1775 1253 pausant,
1798 1208 1832 1240 15

461 1285 518 1313 est
551 1273 734 1324 pecunia.
758 1275 840 1309 Nec
867 1270 1033 1307 dubium
1068 1268 1165 1317 quin
1196 1266 1371 1315 rapiunt,
1405 1264 1499 1314 quia
1521 1264 1651 1301 aliena
1674 1263 1779 1298 bona

461 1347 531 1383 per
548 1332 724 1369 medium
741 1326 1244 1367 excommunicatissimum
1257 1324 1454 1362 auferunt.
1470 1324 1529 1359 Ab
1546 1322 1629 1358 istis
1645 1329 1778 1357 autem

462 1393 652 1428 debemus
688 1390 894 1426 attendere
928 1395 1094 1435 propter
1127 1383 1222 1420 tria:
1258 1382 1392 1431 primo
1428 1381 1521 1430 quia
1551 1391 1776 1416 excommu-

462 1449 618 1486 nicacio
652 1460 790 1484 eorum
824 1445 950 1482 inficit
985 1443 1249 1482 conviventes,
1284 1441 1459 1477 secundo
1499 1438 1592 1487 quia
1630 1437 1777 1473 nedum

464 1508 605 1556 rapina
638 1519 777 1543 eorum
801 1512 930 1543 nocet,
966 1503 1033 1538 sed
1058 1512 1272 1537 consensus
1295 1497 1463 1535 facinori
1487 1510 1558 1532 suo
1590 1495 1777 1537 maculat,
1795 1509 1837 1530 20

465 1575 502 1603 et
534 1565 658 1602 tercio
692 1563 785 1612 quia
818 1561 979 1598 malicia
1012 1572 1151 1596 eorum
1184 1557 1307 1605 serpit
1338 1569 1419 1592 non
1453 1555 1583 1590 minus
1617 1553 1780 1590 sceleste

466 1637 587 1674 quam
620 1622 717 1659 sevit
750 1621 790 1657 in
821 1620 1031 1656 veritatem
1066 1615 1225 1653 malicia
1262 1615 1530 1651 sacerdotum.

524 1684 573 1718 Et
606 1679 828 1717 extenditur
862 1678 937 1714 ista
972 1674 1132 1712 malicia
1167 1686 1189 1710 a
1216 1675 1400 1709 Romano
1434 1670 1624 1719 pontifice
1658 1682 1783 1717 usque

467 1742 517 1778 ad
550 1739 735 1776 infimum
759 1737 944 1781 fratrem3
979 1735 1028 1771 ad
1051 1742 1208 1770 tantum
1232 1730 1395 1779 quidem
1419 1737 1526 1765 secta
1549 1726 1783 1764 Antichristi

468 1797 720 1846 dispergitur.
745 1797 847 1832 Nam
873 1794 1006 1842 quoad
1027 1804 1175 1840 papam
1194 1788 1375 1826 Christus
1390 1786 1556 1824 Matthei
1570 1787 1727 1831 XX1V0‚
1748 1785 1782 1821 5:
1801 1789 1839 1820 25

468 1856 587 1893 Multi
638 1854 786 1891 venient
836 1853 871 1888 in
924 1851 1074 1887 nomine
1117 1860 1199 1885 meo
1244 1847 1410 1883 dicentes
1453 1845 1538 1894 quia
1583 1856 1656 1894 ego
1700 1856 1783 1880 sum

475 1914 653 1951 Christus
685 1919 720 1948 et
752 1911 893 1947 multos
934 1909 1125 1945 seducent.
1172 1905 1349 1952 Quilibet
1382 1903 1487 1940 enim
1517 1915 1656 1939 eorum
1690 1900 1785 1937 dicit

471 1973 579 2021 quod
619 1979 676 2007 est
713 1977 857 2006 unctus
890 1965 1053 2004 Domini
1091 1974 1134 2001 ut
1172 1975 1352 2000 summus
1395 1962 1602 2010 presbyter
1646 1969 1682 1996 et
1730 1958 1785 1995 sic

472 2029 667 2077 Christus,
698 2039 835 2076 ymmo
870 2025 965 2062 dicit
998 2025 1106 2073 quod
1139 2023 1257 2059 habet
1290 2032 1428 2069 parem
1461 2027 1701 2067 potestatem
1746 2017 1785 2052 in

472 2088 587 2125 terris
632 2099 723 2124 cum
757 2084 916 2122 Christo
961 2081 1191 2119 humanitus
1236 2088 1273 2116 et
1317 2078 1433 2114 titulo
1466 2075 1701 2113 Antichristi
1745 2074 1785 2111 in
1802 2078 1844 2110 30

475 2145 608 2182 multis
642 2143 836 2192 implicite
869 2139 1114 2190 superaddit.
1162 2141 1245 2175 Nec
1284 2135 1449 2172 dubium
1495 2134 1591 2183 quin
1638 2133 1785 2169 multos

474 2203 627 2241 seducit
660 2211 697 2239 et
731 2202 865 2250 quoad
905 2200 1022 2236 istam
1055 2206 1183 2234 totam
1228 2193 1533 2244 generacionem
1595 2191 1661 2239 qui
1706 2203 1787 2227 non

475 2261 626 2311 patitur
671 2261 720 2297 ab
761 2271 807 2296 eo
841 2258 1005 2307 aliquod
1038 2267 1160 2304 genus
1192 2250 1487 2302 persecucionis
1533 2261 1695 2286 securus
1730 2257 1786 2285 est

476 2333 498 2357 a
520 2317 805 2368 persecucione
829 2316 979 2364 iniqua.
1012 2316 1115 2351 Nam
1139 2323 1278 2349 omnes
1301 2317 1563 2358 persecuntur
1580 2306 1787 2344 excitando

475 2386 605 2414 totum
638 2376 832 2425 populum
869 2381 1063 2423 quantum
1104 2368 1305 2407 sufficiunt
1343 2376 1386 2403 ut
1430 2366 1566 2403 fideles
1601 2367 1685 2402 Deo
1729 2377 1789 2401 ex-
1807 2367 1845 2399 35

476 2435 722 2483 tinguantur.
789 2431 997 2469 Inferiores
1059 2437 1192 2466 autem
1254 2434 1515 2475 persecuntur
1571 2421 1789 2459 mendaciis

477 2491 724 2530 scandalosis
776 2499 812 2527 et
856 2488 1081 2537 superiores
1124 2493 1385 2535 persecuntur
1432 2480 1790 2531 procuracionibus

478 2550 707 2600 principum
740 2557 778 2585 et
811 2546 988 2584 censuris
1036 2544 1256 2581 maioribus
1295 2540 1543 2579 Antichristi.
1590 2540 1667 2575 Sed
1714 2539 1791 2574 heu

480 2609 599 2659 pauci
632 2608 844 2646 attendunt
876 2606 927 2642 ad
960 2603 1186 2641 doctrinam
1221 2600 1368 2639 Christi
1414 2597 1643 2636 mandantis
1687 2596 1790 2633 salu-

550 2756 574 2783 3.
596 2757 640 2783 A:
662 2762 736 2789 gens
757 2753 902 2781 adultera.
975 2750 1002 2778 8.
1023 2751 1051 2778 Α
1071 2750 1100 2777 in
1122 2757 1236 2783 marg:
1257 2747 1373 2775 Contra
1395 2746 1537 2785 prelatos.
1611 2741 1648 2770 15.
1664 2741 1705 2770 C:
1727 2741 1777 2777 pul

483 2797 559 2818 sant.
661 2790 700 2817 18.
721 2790 765 2816 A:
788 2788 889 2823 primo
910 2786 1002 2813 deest.
1105 2792 1144 2819 19·
1167 2784 1205 2810 B:
1228 2787 1300 2817 aput
1322 2782 1424 2808 inlicit.
1526 2787 1564 2806 21.
1585 2778 1628 2805 A:
1651 2782 1678 2804 et
1698 2777 1791 2804 deest.

482 2835 525 2854 22.
547 2825 589 2853 23.
612 2826 654 2853 A:
678 2823 871 2851 sacerdotum
892 2837 926 2840 ——
946 2819 1065 2847 malicia
1087 2819 1180 2846 deest.
1230 2825 1276 2851 24.
1298 2818 1325 2843 A
1347 2816 1376 2843 in
1398 2822 1510 2850 marg:
1533 2813 1647 2841 Contra
1668 2820 1706 2847 pa
1731 2819 1791 2837 arn.

482 2861 527 2887 26.
551 2861 587 2887 B:
611 2859 752 2887 veniunt:
783 2858 822 2884 ib.
843 2857 889 2884 A:
911 2856 940 2883 in
964 2854 1087 2881 nomine
1108 2862 1175 2880 meo
1204 2853 1296 2879 deest.
1405 2857 1449 2884 27.
1471 2849 1511 2876 C:
1533 2847 1676 2876 Christus
1718 2849 1789 2872 eest.

483 2896 526 2922 28.
547 2896 591 2922 A:
614 2894 684 2929 qnia
705 2898 758 2920 cst.
831 2890 874 2918 32.
895 2891 938 2917 A:
961 2895 987 2916 et
1008 2893 1120 2927 quarto*
1137 2887 1173 2915 ad
1195 2892 1307 2919 totam;
1336 2885 1375 2913 ib.
1397 2885 1435 2912 B:
1458 2892 1515 2922 que
1537 2890 1607 2910 non.
1682 2879 1727 2913 34.
1750 2879 1789 2906 B:

483 2929 671 2964 excipiendo.
744 2926 786 2955 35.
807 2927 850 2954 A:
874 2925 975 2954 fideles
997 2924 1133 2951 Donum.
