<?xml version="1.0" encoding="UTF-8"?>
<!DOCTYPE html PUBLIC "-//W3C//DTD XHTML 1.0 Transitional//EN"
    "http://www.w3.org/TR/xhtml1/DTD/xhtml1-transitional.dtd">
<html xmlns="http://www.w3.org/1999/xhtml" xml:lang="en" lang="en">
 <head>
  <title>
</title>
<meta http-equiv="Content-Type" content="text/html;charset=utf-8" />
  <meta name='ocr-system' content='tesseract 3.04.00' />
  <meta name='ocr-capabilities' content='ocr_page ocr_carea ocr_par ocr_line ocrx_word'/>
</head>
<body>
  <div class='ocr_page' id='page_1' title='image "./iohanniswyclifse0701wycl_0186.png"; bbox 0 0 2017 3353; ppageno 0'>
   <div class='ocr_carea' id='block_1_1' title="bbox 158 306 233 351">
    <p class='ocr_par' dir='ltr' id='par_1_1' title="bbox 158 306 233 351">
     <span class='ocr_line' id='line_1_1' title="bbox 158 306 233 351; baseline 0 -10"><span class='ocrx_word' id='word_1_1' title='bbox 158 306 233 351; x_wconf 70' lang='lat'>134</span> 
     </span>
    </p>
   </div>
   <div class='ocr_carea' id='block_1_2' title="bbox 181 414 396 478">
    <p class='ocr_par' dir='ltr' id='par_1_2' title="bbox 181 414 396 478">
     <span class='ocr_line' id='line_1_2' title="bbox 181 414 396 444; baseline -0.019 0"><span class='ocrx_word' id='word_1_2' title='bbox 181 416 275 444; x_wconf 72' lang='lat' dir='ltr'>Effect</span> <span class='ocrx_word' id='word_1_3' title='bbox 295 414 329 441; x_wconf 86' lang='lat' dir='ltr'>of</span> <span class='ocrx_word' id='word_1_4' title='bbox 347 414 396 441; x_wconf 77' lang='lat' dir='ltr'>the</span> 
     </span>
     <span class='ocr_line' id='line_1_3' title="bbox 221 450 355 478; baseline -0.015 0"><span class='ocrx_word' id='word_1_5' title='bbox 221 450 355 478; x_wconf 83' lang='lat' dir='ltr'>iniracle.</span> 
     </span>
    </p>
   </div>
   <div class='ocr_carea' id='block_1_3' title="bbox 180 1286 404 1418">
    <p class='ocr_par' dir='ltr' id='par_1_3' title="bbox 207 1286 383 1312">
     <span class='ocr_line' id='line_1_4' title="bbox 207 1286 383 1312; baseline -0.006 0"><span class='ocrx_word' id='word_1_6' title='bbox 207 1286 213 1312; x_wconf 90' lang='lat'>1</span> <span class='ocrx_word' id='word_1_7' title='bbox 223 1286 383 1312; x_wconf 75' lang='lat' dir='ltr'>)e1n‹›nieal</span> 
     </span>
    </p>

    <p class='ocr_par' dir='ltr' id='par_1_4' title="bbox 207 1320 384 1355">
     <span class='ocr_line' id='line_1_5' title="bbox 207 1320 384 1355; baseline 0 -9"><span class='ocrx_word' id='word_1_8' title='bbox 207 1320 384 1355; x_wconf 70' lang='lat' dir='ltr'>possession</span> 
     </span>
    </p>

    <p class='ocr_par' dir='ltr' id='par_1_5' title="bbox 180 1362 404 1418">
     <span class='ocr_line' id='line_1_6' title="bbox 198 1362 392 1382; baseline -0.005 -1"><span class='ocrx_word' id='word_1_9' title='bbox 198 1363 341 1382; x_wconf 76' lang='lat' dir='ltr'>common</span> <span class='ocrx_word' id='word_1_10' title='bbox 364 1362 392 1381; x_wconf 92' lang='lat' dir='ltr'>1n</span> 
     </span>
     <span class='ocr_line' id='line_1_7' title="bbox 180 1389 404 1418; baseline -0.009 0"><span class='ocrx_word' id='word_1_11' title='bbox 180 1390 311 1418; x_wconf 72' lang='lat' dir='ltr'>Christ&#39;s</span> <span class='ocrx_word' id='word_1_12' title='bbox 332 1389 404 1417; x_wconf 84' lang='lat' dir='ltr'>time</span> 
     </span>
    </p>
   </div>
   <div class='ocr_carea' id='block_1_4' title="bbox 739 292 1756 351">
    <p class='ocr_par' dir='ltr' id='par_1_6' title="bbox 739 292 1756 351">
     <span class='ocr_line' id='line_1_8' title="bbox 739 292 1756 351; baseline -0.007 -9"><span class='ocrx_word' id='word_1_13' title='bbox 739 309 963 342; x_wconf 83' lang='lat' dir='ltr'>JOHANNIS</span> <span class='ocrx_word' id='word_1_14' title='bbox 990 308 1173 341; x_wconf 69' lang='lat' dir='ltr'>wchr</span> <span class='ocrx_word' id='word_1_15' title='bbox 1200 307 1456 340; x_wconf 81' lang='lat' dir='ltr'>SERMONUM</span> <span class='ocrx_word' id='word_1_16' title='bbox 1520 292 1670 351; x_wconf 60' lang='lat' dir='ltr'>[semro</span> <span class='ocrx_word' id='word_1_17' title='bbox 1692 304 1756 331; x_wconf 81' lang='lat' dir='ltr'>xx.</span> 
     </span>
    </p>
   </div>
   <div class='ocr_carea' id='block_1_5' title="bbox 441 413 1826 2434">
    <p class='ocr_par' dir='ltr' id='par_1_7' title="bbox 441 413 1826 2434">
     <span class='ocr_line' id='line_1_9' title="bbox 499 413 1760 461; baseline -0.004 -8"><span class='ocrx_word' id='word_1_18' title='bbox 499 417 631 453; x_wconf 88' lang='lat' dir='ltr'>Plebei</span> <span class='ocrx_word' id='word_1_19' title='bbox 663 429 757 453; x_wconf 77' lang='lat' dir='ltr'>vero</span> <span class='ocrx_word' id='word_1_20' title='bbox 790 417 1005 452; x_wconf 83' lang='lat' dir='ltr'>laudarunt</span> <span class='ocrx_word' id='word_1_21' title='bbox 1039 415 1290 459; x_wconf 90' lang='lat' dir='ltr'>miraculum,</span> <span class='ocrx_word' id='word_1_22' title='bbox 1336 413 1399 449; x_wconf 90' lang='lat' dir='ltr'>isti</span> <span class='ocrx_word' id='word_1_23' title='bbox 1444 413 1614 450; x_wconf 88' lang='lat' dir='ltr'>articulo</span> <span class='ocrx_word' id='word_1_24' title='bbox 1659 414 1760 461; x_wconf 81' lang='lat' dir='ltr'>quod</span> 
     </span>
     <span class='ocr_line' id='line_1_10' title="bbox 447 472 1756 523; baseline -0.003 -12"><span class='ocrx_word' id='word_1_25' title='bbox 447 476 624 511; x_wconf 80' lang='lat' dir='ltr'>Christus</span> <span class='ocrx_word' id='word_1_26' title='bbox 638 475 686 510; x_wconf 78' lang='lat' dir='ltr'>sit</span> <span class='ocrx_word' id='word_1_27' title='bbox 699 474 876 517; x_wconf 74' lang='lat' dir='ltr'>Messias,</span> <span class='ocrx_word' id='word_1_28' title='bbox 888 474 1001 523; x_wconf 78' lang='lat' dir='ltr'>filius</span> <span class='ocrx_word' id='word_1_29' title='bbox 1014 473 1159 518; x_wconf 77' lang='lat' dir='ltr'>David,</span> <span class='ocrx_word' id='word_1_30' title='bbox 1183 472 1485 521; x_wconf 90' lang='lat' dir='ltr'>quodammodo</span> <span class='ocrx_word' id='word_1_31' title='bbox 1509 472 1756 515; x_wconf 83' lang='lat' dir='ltr'>adherentes,</span> 
     </span>
     <span class='ocr_line' id='line_1_11' title="bbox 442 529 1756 580; baseline -0.004 -11"><span class='ocrx_word' id='word_1_32' title='bbox 442 535 510 570; x_wconf 92' lang='lat' dir='ltr'>sed</span> <span class='ocrx_word' id='word_1_33' title='bbox 553 532 706 569; x_wconf 79' lang='lat' dir='ltr'>seducti</span> <span class='ocrx_word' id='word_1_34' title='bbox 751 544 821 580; x_wconf 90' lang='lat' dir='ltr'>per</span> <span class='ocrx_word' id='word_1_35' title='bbox 870 531 1077 579; x_wconf 81' lang='lat' dir='ltr'>phariseos</span> <span class='ocrx_word' id='word_1_36' title='bbox 1128 531 1431 579; x_wconf 86' lang='lat' dir='ltr'>quodammodo</span> <span class='ocrx_word' id='word_1_37' title='bbox 1488 529 1756 578; x_wconf 89' lang='lat' dir='ltr'>trepidabant.</span> 
     </span>
     <span class='ocr_line' id='line_1_12' title="bbox 443 588 1758 635; baseline -0.005 -7"><span class='ocrx_word' id='word_1_38' title='bbox 443 591 619 628; x_wconf 88' lang='lat' dir='ltr'>Pharisei</span> <span class='ocrx_word' id='word_1_39' title='bbox 672 598 805 626; x_wconf 89' lang='lat' dir='ltr'>autem</span> <span class='ocrx_word' id='word_1_40' title='bbox 862 591 920 633; x_wconf 85' lang='lat' dir='ltr'>(ut</span> <span class='ocrx_word' id='word_1_41' title='bbox 970 597 1108 625; x_wconf 89' lang='lat' dir='ltr'>narrat</span> <span class='ocrx_word' id='word_1_42' title='bbox 1160 588 1375 635; x_wconf 79' lang='lat' dir='ltr'>Mattheus)</span> <span class='ocrx_word' id='word_1_43' title='bbox 1435 600 1516 623; x_wconf 91' lang='lat' dir='ltr'>non</span> <span class='ocrx_word' id='word_1_44' title='bbox 1574 595 1758 635; x_wconf 89' lang='lat' dir='ltr'>potentes</span> 
     </span>
     <span class='ocr_line' id='line_1_13' title="bbox 441 646 1792 697; baseline -0.004 -11"><span class='ocrx_word' id='word_1_45' title='bbox 441 661 587 697; x_wconf 81' lang='lat' dir='ltr'>negare</span> <span class='ocrx_word' id='word_1_46' title='bbox 631 661 744 697; x_wconf 75' lang='lat' dir='ltr'>opus,</span> <span class='ocrx_word' id='word_1_47' title='bbox 791 660 878 684; x_wconf 88' lang='lat' dir='ltr'>cum</span> <span class='ocrx_word' id='word_1_48' title='bbox 925 646 1054 695; x_wconf 86' lang='lat' dir='ltr'>patuit</span> <span class='ocrx_word' id='word_1_49' title='bbox 1098 647 1216 694; x_wconf 90' lang='lat' dir='ltr'>plane</span> <span class='ocrx_word' id='word_1_50' title='bbox 1266 647 1316 682; x_wconf 87' lang='lat' dir='ltr'>ad</span> <span class='ocrx_word' id='word_1_51' title='bbox 1363 646 1539 691; x_wconf 86' lang='lat' dir='ltr'>oculum,</span> <span class='ocrx_word' id='word_1_52' title='bbox 1593 646 1792 681; x_wconf 81' lang='lat' dir='ltr'>modum5</span> 
     </span>
     <span class='ocr_line' id='line_1_14' title="bbox 443 702 1759 756; baseline -0.005 -12"><span class='ocrx_word' id='word_1_53' title='bbox 443 706 637 756; x_wconf 88' lang='lat' dir='ltr'>operandi</span> <span class='ocrx_word' id='word_1_54' title='bbox 699 708 1033 753; x_wconf 77' lang='lat' dir='ltr'>dampnaverunt.</span> <span class='ocrx_word' id='word_1_55' title='bbox 1095 704 1287 740; x_wconf 80' lang='lat' dir='ltr'>Dixerunt</span> <span class='ocrx_word' id='word_1_56' title='bbox 1349 703 1454 740; x_wconf 91' lang='lat' dir='ltr'>enim</span> <span class='ocrx_word' id='word_1_57' title='bbox 1517 704 1625 751; x_wconf 91' lang='lat' dir='ltr'>quod</span> <span class='ocrx_word' id='word_1_58' title='bbox 1686 702 1759 738; x_wconf 92' lang='lat' dir='ltr'>fuit</span> 
     </span>
     <span class='ocr_line' id='line_1_15' title="bbox 443 760 1760 814; baseline -0.005 -12"><span class='ocrx_word' id='word_1_59' title='bbox 443 765 680 802; x_wconf 88' lang='lat' dir='ltr'>coniunctus</span> <span class='ocrx_word' id='word_1_60' title='bbox 725 763 883 801; x_wconf 88' lang='lat' dir='ltr'>cuidam</span> <span class='ocrx_word' id='word_1_61' title='bbox 930 763 1092 799; x_wconf 91' lang='lat' dir='ltr'>diabolo</span> <span class='ocrx_word' id='word_1_62' title='bbox 1131 761 1357 810; x_wconf 80' lang='lat' dir='ltr'>principali,</span> <span class='ocrx_word' id='word_1_63' title='bbox 1401 762 1592 814; x_wconf 58' lang='lat' dir='ltr'>Belzebub</span> <span class='ocrx_word' id='word_1_64' title='bbox 1630 760 1760 797; x_wconf 87' lang='lat' dir='ltr'>nomi-</span> 
     </span>
     <span class='ocr_line' id='line_1_16' title="bbox 442 819 1760 869; baseline -0.004 -10"><span class='ocrx_word' id='word_1_65' title='bbox 442 832 551 869; x_wconf 86' lang='lat' dir='ltr'>nato,</span> <span class='ocrx_word' id='word_1_66' title='bbox 598 831 634 858; x_wconf 90' lang='lat' dir='ltr'>et</span> <span class='ocrx_word' id='word_1_67' title='bbox 679 834 722 858; x_wconf 84' lang='lat' dir='ltr'>ex</span> <span class='ocrx_word' id='word_1_68' title='bbox 765 820 933 858; x_wconf 79' lang='lat' dir='ltr'>servicio</span> <span class='ocrx_word' id='word_1_69' title='bbox 977 833 1022 857; x_wconf 92' lang='lat' dir='ltr'>ac</span> <span class='ocrx_word' id='word_1_70' title='bbox 1068 821 1176 857; x_wconf 86' lang='lat' dir='ltr'>cultu</span> <span class='ocrx_word' id='word_1_71' title='bbox 1217 833 1335 869; x_wconf 87' lang='lat' dir='ltr'>quem</span> <span class='ocrx_word' id='word_1_72' title='bbox 1389 819 1463 856; x_wconf 88' lang='lat' dir='ltr'>sibi</span> <span class='ocrx_word' id='word_1_73' title='bbox 1508 819 1760 867; x_wconf 84' lang='lat' dir='ltr'>impenderat</span> 
     </span>
     <span class='ocr_line' id='line_1_17' title="bbox 444 877 1759 927; baseline -0.004 -10"><span class='ocrx_word' id='word_1_74' title='bbox 444 881 483 917; x_wconf 92' lang='lat' dir='ltr'>in</span> <span class='ocrx_word' id='word_1_75' title='bbox 535 881 680 917; x_wconf 72' lang='lat' dir='ltr'>virtute</span> <span class='ocrx_word' id='word_1_76' title='bbox 733 879 839 915; x_wconf 87' lang='lat' dir='ltr'>illius</span> <span class='ocrx_word' id='word_1_77' title='bbox 897 878 1090 927; x_wconf 87' lang='lat' dir='ltr'>principis</span> <span class='ocrx_word' id='word_1_78' title='bbox 1148 879 1405 914; x_wconf 88' lang='lat' dir='ltr'>tenebrarum</span> <span class='ocrx_word' id='word_1_79' title='bbox 1465 878 1540 913; x_wconf 88' lang='lat' dir='ltr'>hoc</span> <span class='ocrx_word' id='word_1_80' title='bbox 1599 877 1759 913; x_wconf 87' lang='lat' dir='ltr'>fecerat.</span> 
     </span>
     <span class='ocr_line' id='line_1_18' title="bbox 446 934 1819 985; baseline -0.004 -10"><span class='ocrx_word' id='word_1_81' title='bbox 446 939 694 976; x_wconf 88' lang='lat' dir='ltr'>Simularunt</span> <span class='ocrx_word' id='word_1_82' title='bbox 728 937 832 974; x_wconf 89' lang='lat' dir='ltr'>enim</span> <span class='ocrx_word' id='word_1_83' title='bbox 868 938 976 985; x_wconf 89' lang='lat' dir='ltr'>quod</span> <span class='ocrx_word' id='word_1_84' title='bbox 1010 938 1157 972; x_wconf 87' lang='lat' dir='ltr'>demon</span> <span class='ocrx_word' id='word_1_85' title='bbox 1181 936 1363 984; x_wconf 90' lang='lat' dir='ltr'>superior</span> <span class='ocrx_word' id='word_1_86' title='bbox 1387 936 1505 972; x_wconf 91' lang='lat' dir='ltr'>habet</span> <span class='ocrx_word' id='word_1_87' title='bbox 1529 934 1759 983; x_wconf 85' lang='lat' dir='ltr'>potenciam</span> <span class='ocrx_word' id='word_1_88' title='bbox 1780 948 1819 970; x_wconf 86' lang='lat'>10</span> 
     </span>
     <span class='ocr_line' id='line_1_19' title="bbox 446 992 1762 1045; baseline -0.004 -12"><span class='ocrx_word' id='word_1_89' title='bbox 446 996 683 1045; x_wconf 83' lang='lat' dir='ltr'>imperandi,</span> <span class='ocrx_word' id='word_1_90' title='bbox 724 1004 766 1032; x_wconf 90' lang='lat' dir='ltr'>ut</span> <span class='ocrx_word' id='word_1_91' title='bbox 806 996 952 1031; x_wconf 91' lang='lat' dir='ltr'>demon</span> <span class='ocrx_word' id='word_1_92' title='bbox 984 994 1150 1030; x_wconf 85' lang='lat' dir='ltr'>inferior</span> <span class='ocrx_word' id='word_1_93' title='bbox 1189 1003 1299 1030; x_wconf 82' lang='lat' dir='ltr'>exeat</span> <span class='ocrx_word' id='word_1_94' title='bbox 1337 995 1385 1030; x_wconf 92' lang='lat' dir='ltr'>ab</span> <span class='ocrx_word' id='word_1_95' title='bbox 1425 994 1586 1030; x_wconf 87' lang='lat' dir='ltr'>obsesso</span> <span class='ocrx_word' id='word_1_96' title='bbox 1620 1001 1656 1029; x_wconf 91' lang='lat' dir='ltr'>et</span> <span class='ocrx_word' id='word_1_97' title='bbox 1695 992 1762 1029; x_wconf 90' lang='lat' dir='ltr'>alii</span> 
     </span>
     <span class='ocr_line' id='line_1_20' title="bbox 446 1051 1762 1102; baseline -0.004 -11"><span class='ocrx_word' id='word_1_98' title='bbox 446 1057 493 1091; x_wconf 90' lang='lat' dir='ltr'>de</span> <span class='ocrx_word' id='word_1_99' title='bbox 527 1055 634 1092; x_wconf 87' lang='lat' dir='ltr'>clero</span> <span class='ocrx_word' id='word_1_100' title='bbox 666 1054 975 1102; x_wconf 84' lang='lat' dir='ltr'>interpretantes</span> <span class='ocrx_word' id='word_1_101' title='bbox 1009 1052 1248 1089; x_wconf 85' lang='lat' dir='ltr'>miraculum</span> <span class='ocrx_word' id='word_1_102' title='bbox 1274 1051 1420 1089; x_wconf 88' lang='lat' dir='ltr'>Christi</span> <span class='ocrx_word' id='word_1_103' title='bbox 1455 1051 1596 1087; x_wconf 91' lang='lat' dir='ltr'>micius</span> <span class='ocrx_word' id='word_1_104' title='bbox 1629 1063 1762 1100; x_wconf 77' lang='lat' dir='ltr'>quere-</span> 
     </span>
     <span class='ocr_line' id='line_1_21' title="bbox 445 1108 1763 1163; baseline -0.004 -14"><span class='ocrx_word' id='word_1_105' title='bbox 445 1114 534 1149; x_wconf 77' lang='lat' dir='ltr'>bant</span> <span class='ocrx_word' id='word_1_106' title='bbox 564 1113 719 1163; x_wconf 73' lang='lat' dir='ltr'>signum</span> <span class='ocrx_word' id='word_1_107' title='bbox 758 1113 805 1148; x_wconf 93' lang='lat' dir='ltr'>de</span> <span class='ocrx_word' id='word_1_108' title='bbox 839 1112 924 1148; x_wconf 93' lang='lat' dir='ltr'>celo</span> <span class='ocrx_word' id='word_1_109' title='bbox 964 1123 1075 1147; x_wconf 91' lang='lat' dir='ltr'>more</span> <span class='ocrx_word' id='word_1_110' title='bbox 1108 1112 1327 1147; x_wconf 89' lang='lat' dir='ltr'>Judeorum</span> <span class='ocrx_word' id='word_1_111' title='bbox 1368 1111 1474 1158; x_wconf 87' lang='lat' dir='ltr'>quod</span> <span class='ocrx_word' id='word_1_112' title='bbox 1514 1110 1589 1145; x_wconf 92' lang='lat' dir='ltr'>hoc</span> <span class='ocrx_word' id='word_1_113' title='bbox 1627 1108 1763 1145; x_wconf 87' lang='lat' dir='ltr'>fecerit</span> 
     </span>
     <span class='ocr_line' id='line_1_22' title="bbox 445 1166 1764 1214; baseline -0.004 -7"><span class='ocrx_word' id='word_1_114' title='bbox 445 1171 590 1207; x_wconf 77' lang='lat' dir='ltr'>virtute</span> <span class='ocrx_word' id='word_1_115' title='bbox 623 1170 768 1207; x_wconf 84' lang='lat' dir='ltr'>divina.</span> <span class='ocrx_word' id='word_1_116' title='bbox 803 1170 880 1206; x_wconf 87' lang='lat' dir='ltr'>Sed</span> <span class='ocrx_word' id='word_1_117' title='bbox 912 1171 1022 1205; x_wconf 86' lang='lat' dir='ltr'>Jesus</span> <span class='ocrx_word' id='word_1_118' title='bbox 1055 1168 1192 1204; x_wconf 80' lang='lat' dir='ltr'>videns</span> <span class='ocrx_word' id='word_1_119' title='bbox 1225 1167 1581 1205; x_wconf 79' lang='lat' dir='ltr'>fundamentaliter</span> <span class='ocrx_word' id='word_1_120' title='bbox 1614 1166 1764 1214; x_wconf 83' lang='lat' dir='ltr'>cogita-</span> 
     </span>
     <span class='ocr_line' id='line_1_23' title="bbox 447 1225 1819 1276; baseline -0.004 -10"><span class='ocrx_word' id='word_1_121' title='bbox 447 1229 581 1266; x_wconf 88' lang='lat' dir='ltr'>ciones</span> <span class='ocrx_word' id='word_1_122' title='bbox 615 1228 709 1266; x_wconf 91' lang='lat' dir='ltr'>cleri</span> <span class='ocrx_word' id='word_1_123' title='bbox 742 1227 917 1276; x_wconf 74' lang='lat' dir='ltr'>perversi</span> <span class='ocrx_word' id='word_1_124' title='bbox 951 1226 1099 1263; x_wconf 75' lang='lat' dir='ltr'>invehit</span> <span class='ocrx_word' id='word_1_125' title='bbox 1129 1226 1431 1275; x_wconf 82' lang='lat' dir='ltr'>quintupliciter</span> <span class='ocrx_word' id='word_1_126' title='bbox 1455 1234 1596 1262; x_wconf 86' lang='lat' dir='ltr'>contra</span> <span class='ocrx_word' id='word_1_127' title='bbox 1618 1225 1763 1273; x_wconf 80' lang='lat' dir='ltr'>ipsum,</span> <span class='ocrx_word' id='word_1_128' title='bbox 1785 1229 1819 1260; x_wconf 76' lang='lat'>15</span> 
     </span>
     <span class='ocr_line' id='line_1_24' title="bbox 448 1284 1764 1336; baseline -0.005 -13"><span class='ocrx_word' id='word_1_129' title='bbox 448 1287 580 1336; x_wconf 89' lang='lat' dir='ltr'>primo</span> <span class='ocrx_word' id='word_1_130' title='bbox 625 1295 766 1323; x_wconf 87' lang='lat' dir='ltr'>contra</span> <span class='ocrx_word' id='word_1_131' title='bbox 809 1298 923 1322; x_wconf 87' lang='lat' dir='ltr'>suam</span> <span class='ocrx_word' id='word_1_132' title='bbox 969 1284 1158 1321; x_wconf 87' lang='lat' dir='ltr'>ficticiam</span> <span class='ocrx_word' id='word_1_133' title='bbox 1205 1286 1251 1321; x_wconf 89' lang='lat' dir='ltr'>de</span> <span class='ocrx_word' id='word_1_134' title='bbox 1295 1284 1500 1336; x_wconf 55' lang='lat' dir='ltr'>Belzebub.</span> <span class='ocrx_word' id='word_1_135' title='bbox 1558 1284 1634 1319; x_wconf 88' lang='lat' dir='ltr'>Pro</span> <span class='ocrx_word' id='word_1_136' title='bbox 1685 1295 1764 1330; x_wconf 93' lang='lat' dir='ltr'>quo</span> 
     </span>
     <span class='ocr_line' id='line_1_25' title="bbox 448 1340 1765 1393; baseline -0.005 -11"><span class='ocrx_word' id='word_1_137' title='bbox 448 1346 672 1382; x_wconf 85' lang='lat' dir='ltr'>notandum</span> <span class='ocrx_word' id='word_1_138' title='bbox 713 1345 820 1393; x_wconf 91' lang='lat' dir='ltr'>quod</span> <span class='ocrx_word' id='word_1_139' title='bbox 859 1352 1041 1392; x_wconf 88' lang='lat' dir='ltr'>tempore</span> <span class='ocrx_word' id='word_1_140' title='bbox 1081 1342 1228 1379; x_wconf 90' lang='lat' dir='ltr'>Christi</span> <span class='ocrx_word' id='word_1_141' title='bbox 1267 1351 1378 1379; x_wconf 89' lang='lat' dir='ltr'>erant</span> <span class='ocrx_word' id='word_1_142' title='bbox 1423 1341 1606 1377; x_wconf 90' lang='lat' dir='ltr'>homines</span> <span class='ocrx_word' id='word_1_143' title='bbox 1650 1340 1765 1376; x_wconf 89' lang='lat' dir='ltr'>multi</span> 
     </span>
     <span class='ocr_line' id='line_1_26' title="bbox 451 1398 1763 1452; baseline -0.004 -13"><span class='ocrx_word' id='word_1_144' title='bbox 451 1403 518 1452; x_wconf 87' lang='lat' dir='ltr'>qui</span> <span class='ocrx_word' id='word_1_145' title='bbox 552 1416 573 1439; x_wconf 90' lang='lat' dir='ltr'>a</span> <span class='ocrx_word' id='word_1_146' title='bbox 607 1402 845 1439; x_wconf 84' lang='lat' dir='ltr'>demonibus</span> <span class='ocrx_word' id='word_1_147' title='bbox 878 1410 969 1438; x_wconf 90' lang='lat' dir='ltr'>sunt</span> <span class='ocrx_word' id='word_1_148' title='bbox 990 1401 1130 1446; x_wconf 70' lang='lat' dir='ltr'>vexati,</span> <span class='ocrx_word' id='word_1_149' title='bbox 1156 1400 1249 1449; x_wconf 86' lang='lat' dir='ltr'>quia</span> <span class='ocrx_word' id='word_1_150' title='bbox 1272 1400 1440 1437; x_wconf 88' lang='lat' dir='ltr'>scientes</span> <span class='ocrx_word' id='word_1_151' title='bbox 1474 1398 1623 1435; x_wconf 88' lang='lat' dir='ltr'>diaboli</span> <span class='ocrx_word' id='word_1_152' title='bbox 1657 1399 1763 1447; x_wconf 92' lang='lat' dir='ltr'>quod</span> 
     </span>
     <span class='ocr_line' id='line_1_27' title="bbox 449 1456 1765 1508; baseline -0.005 -10"><span class='ocrx_word' id='word_1_153' title='bbox 449 1461 612 1498; x_wconf 86' lang='lat' dir='ltr'>Messias</span> <span class='ocrx_word' id='word_1_154' title='bbox 647 1462 694 1496; x_wconf 92' lang='lat' dir='ltr'>de</span> <span class='ocrx_word' id='word_1_155' title='bbox 726 1460 989 1508; x_wconf 80' lang='lat' dir='ltr'>generacione</span> <span class='ocrx_word' id='word_1_156' title='bbox 1022 1459 1089 1495; x_wconf 85' lang='lat' dir='ltr'>illa</span> <span class='ocrx_word' id='word_1_157' title='bbox 1122 1458 1194 1494; x_wconf 90' lang='lat' dir='ltr'>fuit</span> <span class='ocrx_word' id='word_1_158' title='bbox 1226 1467 1415 1495; x_wconf 78' lang='lat' dir='ltr'>venturus</span> <span class='ocrx_word' id='word_1_159' title='bbox 1450 1466 1487 1494; x_wconf 91' lang='lat' dir='ltr'>et</span> <span class='ocrx_word' id='word_1_160' title='bbox 1518 1456 1765 1505; x_wconf 89' lang='lat' dir='ltr'>trepidantes</span> 
     </span>
     <span class='ocr_line' id='line_1_28' title="bbox 449 1516 1824 1568; baseline -0.004 -13"><span class='ocrx_word' id='word_1_161' title='bbox 449 1521 557 1568; x_wconf 88' lang='lat' dir='ltr'>quod</span> <span class='ocrx_word' id='word_1_162' title='bbox 601 1518 797 1555; x_wconf 86' lang='lat' dir='ltr'>Dominus</span> <span class='ocrx_word' id='word_1_163' title='bbox 849 1517 922 1553; x_wconf 87' lang='lat' dir='ltr'>fuit</span> <span class='ocrx_word' id='word_1_164' title='bbox 974 1517 1038 1553; x_wconf 89' lang='lat' dir='ltr'>ille</span> <span class='ocrx_word' id='word_1_165' title='bbox 1091 1516 1360 1553; x_wconf 78' lang='lat' dir='ltr'>excitaverunt</span> <span class='ocrx_word' id='word_1_166' title='bbox 1418 1517 1672 1564; x_wconf 88' lang='lat' dir='ltr'>presbyteros</span> <span class='ocrx_word' id='word_1_167' title='bbox 1729 1523 1766 1550; x_wconf 89' lang='lat' dir='ltr'>et</span> <span class='ocrx_word' id='word_1_168' title='bbox 1784 1528 1824 1549; x_wconf 84' lang='lat'>20</span> 
     </span>
     <span class='ocr_line' id='line_1_29' title="bbox 450 1573 1767 1623; baseline -0.005 -9"><span class='ocrx_word' id='word_1_169' title='bbox 450 1585 755 1614; x_wconf 70' lang='lat' dir='ltr'>commoverunt</span> <span class='ocrx_word' id='word_1_170' title='bbox 793 1576 974 1623; x_wconf 76' lang='lat' dir='ltr'>vulgares</span> <span class='ocrx_word' id='word_1_171' title='bbox 1015 1587 1086 1623; x_wconf 91' lang='lat' dir='ltr'>per</span> <span class='ocrx_word' id='word_1_172' title='bbox 1124 1574 1319 1611; x_wconf 90' lang='lat' dir='ltr'>insaniem</span> <span class='ocrx_word' id='word_1_173' title='bbox 1358 1583 1401 1610; x_wconf 89' lang='lat' dir='ltr'>ut</span> <span class='ocrx_word' id='word_1_174' title='bbox 1441 1586 1483 1610; x_wconf 83' lang='lat' dir='ltr'>ex</span> <span class='ocrx_word' id='word_1_175' title='bbox 1516 1573 1691 1609; x_wconf 88' lang='lat' dir='ltr'>tumultu</span> <span class='ocrx_word' id='word_1_176' title='bbox 1730 1581 1767 1608; x_wconf 87' lang='lat' dir='ltr'>et</span> 
     </span>
     <span class='ocr_line' id='line_1_30' title="bbox 448 1630 1768 1683; baseline -0.004 -12"><span class='ocrx_word' id='word_1_177' title='bbox 448 1634 784 1683; x_wconf 89' lang='lat' dir='ltr'>interpretacione</span> <span class='ocrx_word' id='word_1_178' title='bbox 828 1646 951 1682; x_wconf 79' lang='lat' dir='ltr'>prava</span> <span class='ocrx_word' id='word_1_179' title='bbox 996 1633 1189 1669; x_wconf 88' lang='lat' dir='ltr'>miracula</span> <span class='ocrx_word' id='word_1_180' title='bbox 1228 1631 1390 1668; x_wconf 89' lang='lat' dir='ltr'>Domini</span> <span class='ocrx_word' id='word_1_181' title='bbox 1424 1631 1687 1679; x_wconf 90' lang='lat' dir='ltr'>dispararent.</span> <span class='ocrx_word' id='word_1_182' title='bbox 1728 1630 1768 1666; x_wconf 78' lang='lat' dir='ltr'>Si</span> 
     </span>
     <span class='ocr_line' id='line_1_31' title="bbox 450 1689 1766 1739; baseline -0.004 -10"><span class='ocrx_word' id='word_1_183' title='bbox 450 1693 554 1730; x_wconf 89' lang='lat' dir='ltr'>enim</span> <span class='ocrx_word' id='word_1_184' title='bbox 589 1692 638 1729; x_wconf 87' lang='lat' dir='ltr'>sit</span> <span class='ocrx_word' id='word_1_185' title='bbox 672 1691 812 1728; x_wconf 80' lang='lat' dir='ltr'>divisio</span> <span class='ocrx_word' id='word_1_186' title='bbox 853 1691 1037 1739; x_wconf 89' lang='lat' dir='ltr'>potencie</span> <span class='ocrx_word' id='word_1_187' title='bbox 1077 1692 1294 1727; x_wconf 88' lang='lat' dir='ltr'>demonum</span> <span class='ocrx_word' id='word_1_188' title='bbox 1341 1691 1399 1736; x_wconf 75' lang='lat' dir='ltr'>&lt;ut</span> <span class='ocrx_word' id='word_1_189' title='bbox 1439 1689 1512 1737; x_wconf 91' lang='lat' dir='ltr'>ipsi</span> <span class='ocrx_word' id='word_1_190' title='bbox 1552 1690 1766 1736; x_wconf 79' lang='lat' dir='ltr'>asserunt),</span> 
     </span>
     <span class='ocr_line' id='line_1_32' title="bbox 449 1747 1766 1799; baseline -0.004 -12"><span class='ocrx_word' id='word_1_191' title='bbox 449 1751 535 1799; x_wconf 85' lang='lat' dir='ltr'>ipsa</span> <span class='ocrx_word' id='word_1_192' title='bbox 567 1759 735 1787; x_wconf 86' lang='lat' dir='ltr'>testatur</span> <span class='ocrx_word' id='word_1_193' title='bbox 768 1749 1064 1786; x_wconf 88' lang='lat' dir='ltr'>desolacionem</span> <span class='ocrx_word' id='word_1_194' title='bbox 1098 1761 1236 1784; x_wconf 91' lang='lat' dir='ltr'>eorum</span> <span class='ocrx_word' id='word_1_195' title='bbox 1270 1760 1340 1796; x_wconf 90' lang='lat' dir='ltr'>per</span> <span class='ocrx_word' id='word_1_196' title='bbox 1372 1747 1513 1784; x_wconf 82' lang='lat' dir='ltr'>Messie</span> <span class='ocrx_word' id='word_1_197' title='bbox 1553 1747 1766 1783; x_wconf 79' lang='lat' dir='ltr'>adventum</span> 
     </span>
     <span class='ocr_line' id='line_1_33' title="bbox 449 1804 1825 1857; baseline -0.004 -12"><span class='ocrx_word' id='word_1_198' title='bbox 449 1822 521 1857; x_wconf 88' lang='lat' dir='ltr'>pro</span> <span class='ocrx_word' id='word_1_199' title='bbox 556 1821 636 1857; x_wconf 89' lang='lat' dir='ltr'>quo</span> <span class='ocrx_word' id='word_1_200' title='bbox 670 1807 850 1844; x_wconf 90' lang='lat' dir='ltr'>Christus</span> <span class='ocrx_word' id='word_1_201' title='bbox 884 1807 1065 1855; x_wconf 89' lang='lat' dir='ltr'>implicat</span> <span class='ocrx_word' id='word_1_202' title='bbox 1104 1806 1209 1842; x_wconf 89' lang='lat' dir='ltr'>istud</span> <span class='ocrx_word' id='word_1_203' title='bbox 1248 1805 1510 1854; x_wconf 86' lang='lat' dir='ltr'>principium:</span> <span class='ocrx_word' id='word_1_204' title='bbox 1556 1804 1676 1840; x_wconf 86' lang='lat' dir='ltr'>Omne</span> <span class='ocrx_word' id='word_1_205' title='bbox 1708 1817 1767 1840; x_wconf 87' lang='lat' dir='ltr'>re·</span> <span class='ocrx_word' id='word_1_206' title='bbox 1786 1808 1825 1839; x_wconf 81' lang='lat'>25</span> 
     </span>
     <span class='ocr_line' id='line_1_34' title="bbox 447 1862 1768 1918; baseline -0.004 -15"><span class='ocrx_word' id='word_1_207' title='bbox 447 1880 568 1918; x_wconf 73' lang='lat' dir='ltr'>gnum</span> <span class='ocrx_word' id='word_1_208' title='bbox 602 1867 637 1902; x_wconf 85' lang='lat' dir='ltr'>in</span> <span class='ocrx_word' id='word_1_209' title='bbox 670 1879 710 1902; x_wconf 77' lang='lat' dir='ltr'>se</span> <span class='ocrx_word' id='word_1_210' title='bbox 741 1866 863 1915; x_wconf 79' lang='lat' dir='ltr'>ipsum</span> <span class='ocrx_word' id='word_1_211' title='bbox 899 1865 1061 1901; x_wconf 71' lang='lat' dir='ltr'>divisum</span> <span class='ocrx_word' id='word_1_212' title='bbox 1097 1865 1343 1900; x_wconf 77' lang='lat' dir='ltr'>desolabitur.</span> <span class='ocrx_word' id='word_1_213' title='bbox 1378 1864 1547 1911; x_wconf 90' lang='lat' dir='ltr'>Oportet</span> <span class='ocrx_word' id='word_1_214' title='bbox 1581 1862 1685 1898; x_wconf 83' lang='lat' dir='ltr'>enirn</span> <span class='ocrx_word' id='word_1_215' title='bbox 1719 1863 1768 1898; x_wconf 88' lang='lat' dir='ltr'>ad</span> 
     </span>
     <span class='ocr_line' id='line_1_35' title="bbox 450 1921 1767 1973; baseline -0.004 -12"><span class='ocrx_word' id='word_1_216' title='bbox 450 1924 560 1973; x_wconf 77' lang='lat' dir='ltr'>regni</span> <span class='ocrx_word' id='word_1_217' title='bbox 584 1924 877 1960; x_wconf 66' lang='lat' dir='ltr'>stabil‘icionem</span> <span class='ocrx_word' id='word_1_218' title='bbox 895 1924 1001 1971; x_wconf 87' lang='lat' dir='ltr'>quod</span> <span class='ocrx_word' id='word_1_219' title='bbox 1025 1931 1159 1970; x_wconf 88' lang='lat' dir='ltr'>partes</span> <span class='ocrx_word' id='word_1_220' title='bbox 1175 1922 1409 1958; x_wconf 89' lang='lat' dir='ltr'>altrinsecus</span> <span class='ocrx_word' id='word_1_221' title='bbox 1433 1921 1510 1957; x_wconf 90' lang='lat' dir='ltr'>sint</span> <span class='ocrx_word' id='word_1_222' title='bbox 1535 1921 1767 1965; x_wconf 85' lang='lat' dir='ltr'>concordes,</span> 
     </span>
     <span class='ocr_line' id='line_1_36' title="bbox 450 1979 1767 2031; baseline -0.005 -12"><span class='ocrx_word' id='word_1_223' title='bbox 450 1983 543 2031; x_wconf 86' lang='lat' dir='ltr'>quia</span> <span class='ocrx_word' id='word_1_224' title='bbox 577 1995 667 2019; x_wconf 89' lang='lat' dir='ltr'>cum</span> <span class='ocrx_word' id='word_1_225' title='bbox 702 1982 856 2017; x_wconf 89' lang='lat' dir='ltr'>nullum</span> <span class='ocrx_word' id='word_1_226' title='bbox 894 1981 1114 2017; x_wconf 79' lang='lat' dir='ltr'>violentum</span> <span class='ocrx_word' id='word_1_227' title='bbox 1148 1980 1196 2016; x_wconf 89' lang='lat' dir='ltr'>sit</span> <span class='ocrx_word' id='word_1_228' title='bbox 1231 1988 1425 2025; x_wconf 85' lang='lat' dir='ltr'>eternum,</span> <span class='ocrx_word' id='word_1_229' title='bbox 1461 1986 1621 2027; x_wconf 90' lang='lat' dir='ltr'>oportet</span> <span class='ocrx_word' id='word_1_230' title='bbox 1660 1979 1767 2026; x_wconf 89' lang='lat' dir='ltr'>quod</span> 
     </span>
     <span class='ocr_line' id='line_1_37' title="bbox 450 2036 1768 2077; baseline -0.005 0"><span class='ocrx_word' id='word_1_231' title='bbox 450 2041 540 2077; x_wconf 84' lang='lat' dir='ltr'>talis</span> <span class='ocrx_word' id='word_1_232' title='bbox 565 2040 706 2076; x_wconf 77' lang='lat' dir='ltr'>divisio</span> <span class='ocrx_word' id='word_1_233' title='bbox 731 2039 1041 2075; x_wconf 90' lang='lat' dir='ltr'>dissolucionem</span> <span class='ocrx_word' id='word_1_234' title='bbox 1066 2038 1214 2074; x_wconf 87' lang='lat' dir='ltr'>indicet</span> <span class='ocrx_word' id='word_1_235' title='bbox 1238 2037 1469 2073; x_wconf 74' lang='lat' dir='ltr'>divisorum.</span> <span class='ocrx_word' id='word_1_236' title='bbox 1488 2038 1563 2073; x_wconf 85' lang='lat' dir='ltr'>Sed</span> <span class='ocrx_word' id='word_1_237' title='bbox 1588 2036 1768 2072; x_wconf 89' lang='lat' dir='ltr'>Christus</span> 
     </span>
     <span class='ocr_line' id='line_1_38' title="bbox 450 2094 1826 2146; baseline -0.004 -11"><span class='ocrx_word' id='word_1_238' title='bbox 450 2111 532 2135; x_wconf 91' lang='lat' dir='ltr'>non</span> <span class='ocrx_word' id='word_1_239' title='bbox 565 2097 660 2134; x_wconf 89' lang='lat' dir='ltr'>dicit</span> <span class='ocrx_word' id='word_1_240' title='bbox 693 2098 801 2146; x_wconf 87' lang='lat' dir='ltr'>quod</span> <span class='ocrx_word' id='word_1_241' title='bbox 835 2096 1012 2132; x_wconf 90' lang='lat' dir='ltr'>funditus</span> <span class='ocrx_word' id='word_1_242' title='bbox 1046 2097 1270 2132; x_wconf 86' lang='lat' dir='ltr'>destruetur</span> <span class='ocrx_word' id='word_1_243' title='bbox 1294 2096 1361 2131; x_wconf 91' lang='lat' dir='ltr'>sed</span> <span class='ocrx_word' id='word_1_244' title='bbox 1386 2096 1494 2143; x_wconf 86' lang='lat' dir='ltr'>quod</span> <span class='ocrx_word' id='word_1_245' title='bbox 1519 2094 1768 2140; x_wconf 76' lang='lat' dir='ltr'>desolabitur,</span> <span class='ocrx_word' id='word_1_246' title='bbox 1784 2098 1826 2130; x_wconf 88' lang='lat'>30</span> 
     </span>
     <span class='ocr_line' id='line_1_39' title="bbox 451 2151 1766 2204; baseline -0.004 -12"><span class='ocrx_word' id='word_1_247' title='bbox 451 2157 552 2193; x_wconf 89' lang='lat' dir='ltr'>sicut</span> <span class='ocrx_word' id='word_1_248' title='bbox 586 2164 694 2204; x_wconf 85' lang='lat' dir='ltr'>patet</span> <span class='ocrx_word' id='word_1_249' title='bbox 729 2156 775 2191; x_wconf 91' lang='lat' dir='ltr'>de</span> <span class='ocrx_word' id='word_1_250' title='bbox 815 2167 936 2202; x_wconf 75' lang='lat' dir='ltr'>regno</span> <span class='ocrx_word' id='word_1_251' title='bbox 976 2156 1193 2190; x_wconf 89' lang='lat' dir='ltr'>demonum</span> <span class='ocrx_word' id='word_1_252' title='bbox 1233 2153 1300 2201; x_wconf 86' lang='lat' dir='ltr'>qui</span> <span class='ocrx_word' id='word_1_253' title='bbox 1339 2165 1382 2189; x_wconf 85' lang='lat' dir='ltr'>ex</span> <span class='ocrx_word' id='word_1_254' title='bbox 1416 2151 1562 2189; x_wconf 89' lang='lat' dir='ltr'>Christi</span> <span class='ocrx_word' id='word_1_255' title='bbox 1600 2151 1766 2188; x_wconf 81' lang='lat' dir='ltr'>victoria</span> 
     </span>
     <span class='ocr_line' id='line_1_40' title="bbox 452 2209 1769 2251; baseline -0.005 -1"><span class='ocrx_word' id='word_1_256' title='bbox 452 2223 488 2251; x_wconf 89' lang='lat' dir='ltr'>et</span> <span class='ocrx_word' id='word_1_257' title='bbox 532 2213 822 2249; x_wconf 85' lang='lat' dir='ltr'>fortificacione</span> <span class='ocrx_word' id='word_1_258' title='bbox 867 2225 934 2248; x_wconf 92' lang='lat' dir='ltr'>sue</span> <span class='ocrx_word' id='word_1_259' title='bbox 980 2211 1144 2248; x_wconf 89' lang='lat' dir='ltr'>ecclesie</span> <span class='ocrx_word' id='word_1_260' title='bbox 1188 2212 1344 2247; x_wconf 88' lang='lat' dir='ltr'>fuerant</span> <span class='ocrx_word' id='word_1_261' title='bbox 1394 2209 1574 2246; x_wconf 89' lang='lat' dir='ltr'>desolati.</span> <span class='ocrx_word' id='word_1_262' title='bbox 1619 2210 1769 2245; x_wconf 80' lang='lat' dir='ltr'>Domus</span> 
     </span>
     <span class='ocr_line' id='line_1_41' title="bbox 451 2268 1768 2320; baseline -0.003 -13"><span class='ocrx_word' id='word_1_263' title='bbox 451 2279 576 2308; x_wconf 80' lang='lat' dir='ltr'>autem</span> <span class='ocrx_word' id='word_1_264' title='bbox 620 2283 739 2320; x_wconf 78' lang='lat' dir='ltr'>supra</span> <span class='ocrx_word' id='word_1_265' title='bbox 785 2271 938 2306; x_wconf 79' lang='lat' dir='ltr'>domum</span> <span class='ocrx_word' id='word_1_266' title='bbox 973 2270 1088 2313; x_wconf 79' lang='lat' dir='ltr'>cadit,</span> <span class='ocrx_word' id='word_1_267' title='bbox 1121 2270 1281 2318; x_wconf 88' lang='lat' dir='ltr'>quando</span> <span class='ocrx_word' id='word_1_268' title='bbox 1320 2268 1502 2316; x_wconf 85' lang='lat' dir='ltr'>superior</span> <span class='ocrx_word' id='word_1_269' title='bbox 1539 2275 1768 2315; x_wconf 87' lang='lat' dir='ltr'>potentatus</span> 
     </span>
     <span class='ocr_line' id='line_1_42' title="bbox 452 2325 1769 2377; baseline -0.004 -12"><span class='ocrx_word' id='word_1_270' title='bbox 452 2329 561 2377; x_wconf 77' lang='lat' dir='ltr'>regni</span> <span class='ocrx_word' id='word_1_271' title='bbox 594 2328 787 2376; x_wconf 88' lang='lat' dir='ltr'>opprimit</span> <span class='ocrx_word' id='word_1_272' title='bbox 826 2328 1055 2364; x_wconf 85' lang='lat' dir='ltr'>inferiorem</span> <span class='ocrx_word' id='word_1_273' title='bbox 1090 2340 1132 2363; x_wconf 80' lang='lat' dir='ltr'>ex</span> <span class='ocrx_word' id='word_1_274' title='bbox 1165 2328 1336 2375; x_wconf 88' lang='lat' dir='ltr'>superba</span> <span class='ocrx_word' id='word_1_275' title='bbox 1369 2325 1528 2368; x_wconf 75' lang='lat' dir='ltr'>invidia,</span> <span class='ocrx_word' id='word_1_276' title='bbox 1563 2325 1663 2361; x_wconf 90' lang='lat' dir='ltr'>sicut</span> <span class='ocrx_word' id='word_1_277' title='bbox 1697 2325 1769 2361; x_wconf 87' lang='lat' dir='ltr'>fuit</span> 
     </span>
     <span class='ocr_line' id='line_1_43' title="bbox 453 2383 1822 2434; baseline -0.004 -11"><span class='ocrx_word' id='word_1_278' title='bbox 453 2389 501 2424; x_wconf 92' lang='lat' dir='ltr'>de</span> <span class='ocrx_word' id='word_1_279' title='bbox 535 2386 704 2423; x_wconf 91' lang='lat' dir='ltr'>diabolis</span> <span class='ocrx_word' id='word_1_280' title='bbox 738 2386 803 2434; x_wconf 90' lang='lat' dir='ltr'>qui</span> <span class='ocrx_word' id='word_1_281' title='bbox 837 2398 994 2434; x_wconf 83' lang='lat' dir='ltr'>semper</span> <span class='ocrx_word' id='word_1_282' title='bbox 1027 2394 1117 2422; x_wconf 89' lang='lat' dir='ltr'>sunt</span> <span class='ocrx_word' id='word_1_283' title='bbox 1150 2384 1341 2422; x_wconf 88' lang='lat' dir='ltr'>contrarii</span> <span class='ocrx_word' id='word_1_284' title='bbox 1374 2383 1447 2420; x_wconf 92' lang='lat' dir='ltr'>sibi</span> <span class='ocrx_word' id='word_1_285' title='bbox 1481 2383 1587 2431; x_wconf 92' lang='lat' dir='ltr'>ipsis.</span> <span class='ocrx_word' id='word_1_286' title='bbox 1783 2386 1822 2418; x_wconf 86' lang='lat'>35</span> 
     </span>
    </p>
   </div>
   <div class='ocr_carea' id='block_1_6' title="bbox 453 2516 1767 2973">
    <p class='ocr_par' dir='ltr' id='par_1_8' title="bbox 453 2516 1767 2973">
     <span class='ocr_line' id='line_1_44' title="bbox 523 2516 1766 2555; baseline -0.005 -6"><span class='ocrx_word' id='word_1_287' title='bbox 523 2521 546 2549; x_wconf 80' lang='lat'>5.</span> <span class='ocrx_word' id='word_1_288' title='bbox 570 2520 608 2548; x_wconf 88' lang='lat' dir='ltr'>C:</span> <span class='ocrx_word' id='word_1_289' title='bbox 632 2519 712 2555; x_wconf 78' lang='lat' dir='ltr'>quod</span> <span class='ocrx_word' id='word_1_290' title='bbox 736 2519 841 2554; x_wconf 86' lang='lat' dir='ltr'>patuit.</span> <span class='ocrx_word' id='word_1_291' title='bbox 899 2519 926 2546; x_wconf 71' lang='lat' dir='ltr'>o.</span> <span class='ocrx_word' id='word_1_292' title='bbox 942 2520 986 2546; x_wconf 79' lang='lat' dir='ltr'>A:</span> <span class='ocrx_word' id='word_1_293' title='bbox 1009 2519 1269 2553; x_wconf 61' lang='lat' dir='ltr'>depravaverunt:</span> <span class='ocrx_word' id='word_1_294' title='bbox 1320 2518 1348 2544; x_wconf 76' lang='lat' dir='ltr'>A</span> <span class='ocrx_word' id='word_1_295' title='bbox 1369 2517 1397 2544; x_wconf 87' lang='lat' dir='ltr'>in</span> <span class='ocrx_word' id='word_1_296' title='bbox 1421 2516 1766 2551; x_wconf 64' lang='lat' dir='ltr'>111211&lt;g.sup.s01.155‹³.·</span> 
     </span>
     <span class='ocr_line' id='line_1_45' title="bbox 453 2551 1767 2587; baseline -0.005 -4"><span class='ocrx_word' id='word_1_297' title='bbox 453 2555 587 2583; x_wconf 78' lang='lat' dir='ltr'>Loculus</span> <span class='ocrx_word' id='word_1_298' title='bbox 607 2558 653 2582; x_wconf 78' lang='lat' dir='ltr'>est</span> <span class='ocrx_word' id='word_1_299' title='bbox 670 2557 768 2581; x_wconf 74' lang='lat' dir='ltr'>mutus</span> <span class='ocrx_word' id='word_1_300' title='bbox 788 2554 867 2580; x_wconf 79' lang='lat' dir='ltr'>Luce</span> <span class='ocrx_word' id='word_1_301' title='bbox 888 2554 952 2580; x_wconf 61' lang='lat' dir='ltr'>Nlo.</span> <span class='ocrx_word' id='word_1_302' title='bbox 974 2553 1048 2580; x_wconf 82' lang='lat' dir='ltr'>Tria</span> <span class='ocrx_word' id='word_1_303' title='bbox 1069 2552 1181 2580; x_wconf 80' lang='lat' dir='ltr'>faciunt</span> <span class='ocrx_word' id='word_1_304' title='bbox 1202 2557 1392 2587; x_wconf 80' lang='lat' dir='ltr'>peccatorem</span> <span class='ocrx_word' id='word_1_305' title='bbox 1414 2552 1624 2578; x_wconf 68' lang='lat' dir='ltr'>obmutescere</span> <span class='ocrx_word' id='word_1_306' title='bbox 1645 2551 1674 2578; x_wconf 84' lang='lat' dir='ltr'>in</span> <span class='ocrx_word' id='word_1_307' title='bbox 1696 2559 1767 2578; x_wconf 90' lang='lat' dir='ltr'>con-</span> 
     </span>
     <span class='ocr_line' id='line_1_46' title="bbox 453 2586 1767 2622; baseline -0.004 -4"><span class='ocrx_word' id='word_1_308' title='bbox 453 2590 601 2618; x_wconf 78' lang='lat' dir='ltr'>fessione:</span> <span class='ocrx_word' id='word_1_309' title='bbox 624 2588 790 2616; x_wconf 75' lang='lat' dir='ltr'>enormitas</span> <span class='ocrx_word' id='word_1_310' title='bbox 812 2588 898 2622; x_wconf 78' lang='lat' dir='ltr'>culpe</span> <span class='ocrx_word' id='word_1_311' title='bbox 921 2596 1012 2622; x_wconf 77' lang='lat' dir='ltr'>qnam</span> <span class='ocrx_word' id='word_1_312' title='bbox 1035 2592 1198 2622; x_wconf 73' lang='lat' dir='ltr'>perpetrat,</span> <span class='ocrx_word' id='word_1_313' title='bbox 1217 2586 1381 2622; x_wconf 81' lang='lat' dir='ltr'>disparitas</span> <span class='ocrx_word' id='word_1_314' title='bbox 1403 2586 1572 2622; x_wconf 83' lang='lat' dir='ltr'>penitencie</span> <span class='ocrx_word' id='word_1_315' title='bbox 1592 2594 1683 2620; x_wconf 83' lang='lat' dir='ltr'>quam</span> <span class='ocrx_word' id='word_1_316' title='bbox 1707 2586 1767 2613; x_wconf 85' lang='lat' dir='ltr'>sor-</span> 
     </span>
     <span class='ocr_line' id='line_1_47' title="bbox 454 2620 1767 2660; baseline -0.005 -7"><span class='ocrx_word' id='word_1_317' title='bbox 454 2625 560 2654; x_wconf 84' lang='lat' dir='ltr'>midat.</span> <span class='ocrx_word' id='word_1_318' title='bbox 583 2623 772 2659; x_wconf 73' lang='lat' dir='ltr'>prosperitas</span> <span class='ocrx_word' id='word_1_319' title='bbox 795 2632 845 2649; x_wconf 75' lang='lat' dir='ltr'>seu</span> <span class='ocrx_word' id='word_1_320' title='bbox 869 2623 1009 2660; x_wconf 65' lang='lat' dir='ltr'>voluptas</span> <span class='ocrx_word' id='word_1_321' title='bbox 1032 2622 1089 2649; x_wconf 70' lang='lat' dir='ltr'>vite</span> <span class='ocrx_word' id='word_1_322' title='bbox 1110 2630 1201 2656; x_wconf 76' lang='lat' dir='ltr'>quain</span> <span class='ocrx_word' id='word_1_323' title='bbox 1223 2621 1385 2648; x_wconf 76' lang='lat' dir='ltr'>desiderat.</span> <span class='ocrx_word' id='word_1_324' title='bbox 1416 2622 1483 2656; x_wconf 82' lang='lat' dir='ltr'>Que</span> <span class='ocrx_word' id='word_1_325' title='bbox 1504 2625 1610 2647; x_wconf 86' lang='lat' dir='ltr'>contra</span> <span class='ocrx_word' id='word_1_326' title='bbox 1630 2620 1689 2649; x_wconf 60' lang='lat' dir='ltr'>(sim</span> <span class='ocrx_word' id='word_1_327' title='bbox 1711 2620 1767 2647; x_wconf 87' lang='lat' dir='ltr'>tria</span> 
     </span>
     <span class='ocr_line' id='line_1_48' title="bbox 455 2654 1767 2693; baseline -0.005 -6"><span class='ocrx_word' id='word_1_328' title='bbox 455 2660 586 2687; x_wconf 86' lang='lat' dir='ltr'>reddunt</span> <span class='ocrx_word' id='word_1_329' title='bbox 606 2659 631 2686; x_wconf 86' lang='lat' dir='ltr'>ei</span> <span class='ocrx_word' id='word_1_330' title='bbox 652 2658 804 2693; x_wconf 76' lang='lat' dir='ltr'>loquelam</span> <span class='ocrx_word' id='word_1_331' title='bbox 826 2657 855 2684; x_wconf 94' lang='lat' dir='ltr'>in</span> <span class='ocrx_word' id='word_1_332' title='bbox 877 2657 1086 2683; x_wconf 66' lang='lat' dir='ltr'>confessione:</span> <span class='ocrx_word' id='word_1_333' title='bbox 1114 2656 1279 2691; x_wconf 84' lang='lat' dir='ltr'>limpitudo</span> <span class='ocrx_word' id='word_1_334' title='bbox 1306 2655 1408 2683; x_wconf 70' lang='lat' dir='ltr'>divine</span> <span class='ocrx_word' id='word_1_335' title='bbox 1435 2655 1565 2682; x_wconf 72' lang='lat' dir='ltr'>visionis</span> <span class='ocrx_word' id='word_1_336' title='bbox 1592 2654 1696 2682; x_wconf 84' lang='lat' dir='ltr'>omnia</span> <span class='ocrx_word' id='word_1_337' title='bbox 1723 2654 1767 2682; x_wconf 88' lang='lat' dir='ltr'>in-</span> 
     </span>
     <span class='ocr_line' id='line_1_49' title="bbox 454 2688 1766 2723; baseline -0.004 -1"><span class='ocrx_word' id='word_1_338' title='bbox 454 2694 577 2723; x_wconf 80' lang='lat' dir='ltr'>tuentis.</span> <span class='ocrx_word' id='word_1_339' title='bbox 600 2692 749 2721; x_wconf 73' lang='lat' dir='ltr'>rectitudo</span> <span class='ocrx_word' id='word_1_340' title='bbox 770 2692 869 2719; x_wconf 75' lang='lat' dir='ltr'>future</span> <span class='ocrx_word' id='word_1_341' title='bbox 891 2692 1020 2718; x_wconf 74' lang='lat' dir='ltr'>ulcionis</span> <span class='ocrx_word' id='word_1_342' title='bbox 1040 2691 1117 2718; x_wconf 77' lang='lat' dir='ltr'>iuste</span> <span class='ocrx_word' id='word_1_343' title='bbox 1137 2690 1310 2721; x_wconf 76' lang='lat' dir='ltr'>iudicantis,</span> <span class='ocrx_word' id='word_1_344' title='bbox 1333 2689 1506 2717; x_wconf 81' lang='lat' dir='ltr'>amaritudo</span> <span class='ocrx_word' id='word_1_345' title='bbox 1528 2688 1633 2716; x_wconf 85' lang='lat' dir='ltr'>intime</span> <span class='ocrx_word' id='word_1_346' title='bbox 1655 2689 1766 2717; x_wconf 87' lang='lat' dir='ltr'>contri-</span> 
     </span>
     <span class='ocr_line' id='line_1_50' title="bbox 455 2723 1766 2762; baseline -0.005 -6"><span class='ocrx_word' id='word_1_347' title='bbox 455 2729 551 2756; x_wconf 70' lang='lat' dir='ltr'>cionis</span> <span class='ocrx_word' id='word_1_348' title='bbox 581 2737 647 2755; x_wconf 45' lang='lat' dir='ltr'>iure</span> <span class='ocrx_word' id='word_1_349' title='bbox 670 2726 849 2762; x_wconf 76' lang='lat' dir='ltr'>penitentis:</span> <span class='ocrx_word' id='word_1_350' title='bbox 878 2726 918 2753; x_wconf 86' lang='lat' dir='ltr'>ib.</span> <span class='ocrx_word' id='word_1_351' title='bbox 941 2727 984 2752; x_wconf 72' lang='lat' dir='ltr'>A:</span> <span class='ocrx_word' id='word_1_352' title='bbox 1009 2731 1039 2752; x_wconf 88' lang='lat' dir='ltr'>ut</span> <span class='ocrx_word' id='word_1_353' title='bbox 1059 2726 1125 2752; x_wconf 75' lang='lat' dir='ltr'>suit.</span> <span class='ocrx_word' id='word_1_354' title='bbox 1194 2727 1220 2752; x_wconf 65' lang='grc' dir='ltr'>ὃ.</span> <span class='ocrx_word' id='word_1_355' title='bbox 1243 2724 1308 2752; x_wconf 78' lang='lat' dir='ltr'>BC:</span> <span class='ocrx_word' id='word_1_356' title='bbox 1330 2730 1357 2751; x_wconf 81' lang='lat' dir='ltr'>ct</span> <span class='ocrx_word' id='word_1_357' title='bbox 1378 2725 1473 2753; x_wconf 82' lang='lat' dir='ltr'>culta:</span> <span class='ocrx_word' id='word_1_358' title='bbox 1495 2724 1535 2751; x_wconf 85' lang='lat' dir='ltr'>ib.</span> <span class='ocrx_word' id='word_1_359' title='bbox 1558 2725 1602 2750; x_wconf 84' lang='lat' dir='ltr'>A:</span> <span class='ocrx_word' id='word_1_360' title='bbox 1625 2723 1766 2750; x_wconf 75' lang='lat' dir='ltr'>Christus</span> 
     </span>
     <span class='ocr_line' id='line_1_51' title="bbox 454 2738 1766 2799; baseline -0.005 -8"><span class='ocrx_word' id='word_1_361' title='bbox 454 2738 656 2799; x_wconf 64' lang='lat' dir='ltr'>impenderat.</span> <span class='ocrx_word' id='word_1_362' title='bbox 714 2770 754 2788; x_wconf 92' lang='lat'>10.</span> <span class='ocrx_word' id='word_1_363' title='bbox 778 2761 816 2788; x_wconf 84' lang='lat' dir='ltr'>C:</span> <span class='ocrx_word' id='word_1_364' title='bbox 838 2761 873 2788; x_wconf 76' lang='lat' dir='ltr'>Et</span> <span class='ocrx_word' id='word_1_365' title='bbox 890 2760 1088 2789; x_wconf 80' lang='lat' dir='ltr'>simularunt:</span> <span class='ocrx_word' id='word_1_366' title='bbox 1118 2760 1156 2787; x_wconf 85' lang='lat' dir='ltr'>ib.</span> <span class='ocrx_word' id='word_1_367' title='bbox 1179 2759 1245 2787; x_wconf 83' lang='lat' dir='ltr'>BC:</span> <span class='ocrx_word' id='word_1_368' title='bbox 1267 2759 1348 2786; x_wconf 88' lang='lat' dir='ltr'>enim</span> <span class='ocrx_word' id='word_1_369' title='bbox 1370 2759 1470 2793; x_wconf 55' lang='lat' dir='ltr'>deest„</span> <span class='ocrx_word' id='word_1_370' title='bbox 1526 2767 1559 2786; x_wconf 90' lang='lat'>11.</span> <span class='ocrx_word' id='word_1_371' title='bbox 1581 2759 1623 2785; x_wconf 75' lang='lat' dir='ltr'>A:</span> <span class='ocrx_word' id='word_1_372' title='bbox 1646 2763 1708 2785; x_wconf 83' lang='lat' dir='ltr'>erat</span> <span class='ocrx_word' id='word_1_373' title='bbox 1730 2759 1766 2785; x_wconf 81' lang='lat' dir='ltr'>ab</span> 
     </span>
     <span class='ocr_line' id='line_1_52' title="bbox 455 2793 1764 2825; baseline -0.005 0"><span class='ocrx_word' id='word_1_374' title='bbox 455 2799 592 2825; x_wconf 68' lang='lat' dir='ltr'>obsesso.</span> <span class='ocrx_word' id='word_1_375' title='bbox 660 2804 697 2824; x_wconf 77' lang='lat'>12.</span> <span class='ocrx_word' id='word_1_376' title='bbox 721 2796 761 2823; x_wconf 89' lang='lat' dir='ltr'>C:</span> <span class='ocrx_word' id='word_1_377' title='bbox 783 2795 818 2822; x_wconf 81' lang='lat' dir='ltr'>de</span> <span class='ocrx_word' id='word_1_378' title='bbox 840 2795 920 2823; x_wconf 85' lang='lat' dir='ltr'>celo:</span> <span class='ocrx_word' id='word_1_379' title='bbox 948 2795 986 2821; x_wconf 84' lang='lat' dir='ltr'>ib.</span> <span class='ocrx_word' id='word_1_380' title='bbox 1009 2795 1074 2822; x_wconf 85' lang='lat' dir='ltr'>BC:</span> <span class='ocrx_word' id='word_1_381' title='bbox 1098 2794 1211 2821; x_wconf 80' lang='lat' dir='ltr'>Christi</span> <span class='ocrx_word' id='word_1_382' title='bbox 1233 2794 1326 2821; x_wconf 81' lang='lat' dir='ltr'>deest.</span> <span class='ocrx_word' id='word_1_383' title='bbox 1394 2793 1431 2820; x_wconf 75' lang='lat'>13.</span> <span class='ocrx_word' id='word_1_384' title='bbox 1456 2793 1494 2820; x_wconf 87' lang='lat' dir='ltr'>C:</span> <span class='ocrx_word' id='word_1_385' title='bbox 1516 2793 1594 2820; x_wconf 79' lang='lat' dir='ltr'>fecit.</span> <span class='ocrx_word' id='word_1_386' title='bbox 1662 2793 1698 2820; x_wconf 75' lang='lat'>15.</span> <span class='ocrx_word' id='word_1_387' title='bbox 1721 2794 1764 2819; x_wconf 69' lang='lat' dir='ltr'>A:</span> 
     </span>
     <span class='ocr_line' id='line_1_53' title="bbox 455 2827 1764 2868; baseline -0.005 -8"><span class='ocrx_word' id='word_1_388' title='bbox 455 2832 691 2868; x_wconf 76' lang='lat' dir='ltr'>quintiplieiter:</span> <span class='ocrx_word' id='word_1_389' title='bbox 719 2830 758 2857; x_wconf 84' lang='lat' dir='ltr'>ib.</span> <span class='ocrx_word' id='word_1_390' title='bbox 782 2830 847 2857; x_wconf 81' lang='lat' dir='ltr'>BC:</span> <span class='ocrx_word' id='word_1_391' title='bbox 869 2834 973 2856; x_wconf 86' lang='lat' dir='ltr'>contra</span> <span class='ocrx_word' id='word_1_392' title='bbox 993 2838 1073 2856; x_wconf 75' lang='lat' dir='ltr'>enni.</span> <span class='ocrx_word' id='word_1_393' title='bbox 1179 2837 1217 2855; x_wconf 77' lang='lat'>21.</span> <span class='ocrx_word' id='word_1_394' title='bbox 1239 2830 1283 2855; x_wconf 70' lang='lat' dir='ltr'>A:</span> <span class='ocrx_word' id='word_1_395' title='bbox 1306 2837 1358 2863; x_wconf 84' lang='lat' dir='ltr'>per</span> <span class='ocrx_word' id='word_1_396' title='bbox 1378 2827 1548 2856; x_wconf 82' lang='lat' dir='ltr'>infamiam.</span> <span class='ocrx_word' id='word_1_397' title='bbox 1655 2835 1699 2854; x_wconf 77' lang='lat'>22.</span> <span class='ocrx_word' id='word_1_398' title='bbox 1720 2828 1764 2854; x_wconf 68' lang='lat' dir='ltr'>A:</span> 
     </span>
     <span class='ocr_line' id='line_1_54' title="bbox 455 2861 1763 2898; baseline -0.004 -4"><span class='ocrx_word' id='word_1_399' title='bbox 455 2866 742 2895; x_wconf 57' lang='lat' dir='ltr'>iiitei-w1·t·tacio11em</span> <span class='ocrx_word' id='word_1_400' title='bbox 800 2873 919 2893; x_wconf 70' lang='lat' dir='ltr'>ravani:</span> <span class='ocrx_word' id='word_1_401' title='bbox 953 2864 992 2891; x_wconf 84' lang='lat' dir='ltr'>ib.</span> <span class='ocrx_word' id='word_1_402' title='bbox 1030 2864 1094 2891; x_wconf 72' lang='lat' dir='ltr'>BC:</span> <span class='ocrx_word' id='word_1_403' title='bbox 1129 2864 1330 2898; x_wconf 60' lang='lat' dir='ltr'>disperarent.</span> <span class='ocrx_word' id='word_1_404' title='bbox 1439 2861 1481 2889; x_wconf 76' lang='lat'>23.</span> <span class='ocrx_word' id='word_1_405' title='bbox 1515 2863 1558 2888; x_wconf 78' lang='lat' dir='ltr'>A:</span> <span class='ocrx_word' id='word_1_406' title='bbox 1594 2862 1763 2896; x_wconf 61' lang='lat' dir='ltr'>potestatis.</span> 
     </span>
     <span class='ocr_line' id='line_1_55' title="bbox 455 2877 1763 2932; baseline -0.003 -4"><span class='ocrx_word' id='word_1_407' title='bbox 455 2911 502 2932; x_wconf 78' lang='lat'>20.</span> <span class='ocrx_word' id='word_1_408' title='bbox 525 2877 561 2928; x_wconf 61' lang='lat' dir='ltr'>ll:</span> <span class='ocrx_word' id='word_1_409' title='bbox 584 2899 752 2928; x_wconf 84' lang='lat' dir='ltr'>dissolucio</span> <span class='ocrx_word' id='word_1_410' title='bbox 794 2899 967 2926; x_wconf 70' lang='lat' dir='ltr'>ix-isionem.</span> <span class='ocrx_word' id='word_1_411' title='bbox 1032 2898 1077 2926; x_wconf 75' lang='lat'>30.</span> <span class='ocrx_word' id='word_1_412' title='bbox 1101 2898 1139 2925; x_wconf 83' lang='lat' dir='ltr'>C:</span> <span class='ocrx_word' id='word_1_413' title='bbox 1164 2906 1222 2924; x_wconf 82' lang='lat' dir='ltr'>non</span> <span class='ocrx_word' id='word_1_414' title='bbox 1245 2898 1343 2925; x_wconf 81' lang='lat' dir='ltr'>deest:</span> <span class='ocrx_word' id='word_1_415' title='bbox 1371 2897 1410 2925; x_wconf 76' lang='lat' dir='ltr'>ib.</span> <span class='ocrx_word' id='word_1_416' title='bbox 1434 2897 1472 2924; x_wconf 81' lang='lat' dir='ltr'>B:</span> <span class='ocrx_word' id='word_1_417' title='bbox 1494 2896 1589 2925; x_wconf 84' lang='lat' dir='ltr'>dicet:</span> <span class='ocrx_word' id='word_1_418' title='bbox 1649 2896 1715 2924; x_wconf 81' lang='lat' dir='ltr'>BC:</span> <span class='ocrx_word' id='word_1_419' title='bbox 1737 2901 1763 2924; x_wconf 86' lang='lat' dir='ltr'>et</span> 
     </span>
     <span class='ocr_line' id='line_1_56' title="bbox 456 2933 1208 2973; baseline -0.007 -9"><span class='ocrx_word' id='word_1_420' title='bbox 456 2935 549 2973; x_wconf 62' lang='lat' dir='ltr'>q&#39;uod.</span> <span class='ocrx_word' id='word_1_421' title='bbox 622 2934 664 2964; x_wconf 74' lang='lat'>33.</span> <span class='ocrx_word' id='word_1_422' title='bbox 688 2934 727 2963; x_wconf 91' lang='lat' dir='ltr'>C:</span> <span class='ocrx_word' id='word_1_423' title='bbox 748 2942 848 2970; x_wconf 85' lang='lat' dir='ltr'>super.</span> <span class='ocrx_word' id='word_1_424' title='bbox 923 2933 968 2967; x_wconf 75' lang='lat'>34.</span> <span class='ocrx_word' id='word_1_425' title='bbox 990 2934 1034 2961; x_wconf 71' lang='lat' dir='ltr'>A:</span> <span class='ocrx_word' id='word_1_426' title='bbox 1055 2933 1208 2969; x_wconf 79' lang='lat' dir='ltr'>superbia.</span> 
     </span>
    </p>
   </div>
  </div>
 </body>
</html>
