2017 3353
185 246 320 275 SERMo
344 233 449 291 1.vn.]
695 247 832 279 PRIMA
861 246 973 278 PARS

186 355 376 398 binarius,
411 367 490 404 quo
524 367 646 402 genus
689 355 909 390 humanum
949 352 1183 389 subiciendo
1223 366 1263 390 se
1302 353 1392 390 huic
1432 366 1500 391 ne-

186 414 359 452 cessitati
394 426 415 450 a
449 412 628 449 bonitate
661 425 737 461 que
771 414 876 448 Deus
909 419 966 447 est
999 420 1229 448 recesserat.
1277 414 1356 448 Nec
1396 412 1503 448 inve-

185 473 292 509 nitur
326 472 365 508 in
400 483 569 520 corpore
602 470 796 507 habitudo
829 468 919 506 talis
957 469 1121 506 ternarii
1161 470 1321 518 qualem
1368 478 1425 506 est
1465 470 1504 506 in

185 529 450 567 suscitacione
494 528 658 577 spiritus
702 528 891 576 reperire.
938 526 1024 563 Istis
1071 539 1165 575 ergo
1210 527 1429 576 suppositis
1469 536 1505 564 et

152 591 323 626 Snotata
357 587 522 624 historia
557 595 665 635 patet
699 598 741 622 ex
775 585 979 633 evangelio
1013 585 1137 621 Marci
1171 594 1207 622 et
1239 585 1432 622 Johannis
1466 585 1505 621 in

183 649 270 683 VIA>
294 646 470 694 capitulo
494 646 699 694 quomodo
725 643 940 680 multitudo
965 643 1152 679 notabilis
1175 643 1213 679 in
1238 645 1395 680 deserto
1419 644 1507 680 loco

184 714 349 754 propter
388 703 618 741 aviditatem
659 701 847 739 audiendi
885 702 1049 738 verbum
1085 701 1246 738 Domini
1287 701 1430 738 defecit
1469 701 1507 737 in

187 762 367 812 corporis
400 761 605 798 alimento.
638 762 749 797 Jesus
782 769 915 796 autem
942 768 1073 796 motus
1098 759 1374 796 misericordia
1398 759 1507 808 pavit

187 834 253 858 eos
286 819 561 869 spiritualiter,
607 827 649 854 ut
682 827 795 855 notat
837 817 1085 866 evangelium
1127 818 1252 854 Marci
1291 815 1376 854 V10.
1427 817 1504 854 Sed

131 891 169 913 10
187 886 477 927 consequenter
523 876 732 913 deficiente
767 875 820 912 eis
854 876 1003 924 pabulo
1048 875 1251 924 corporali
1298 875 1406 924 pavit
1441 887 1507 912 eos

187 937 427 974 miraculose
460 935 528 971 illo
563 934 652 971 cibo
693 934 804 971 cuius
844 934 1130 971 salsamentum
1173 933 1244 970 fuit
1289 933 1508 982 spiritualis

186 995 409 1032 intellectus
448 993 585 1042 pabuli
630 992 862 1041 spiritualis.
909 992 1019 1029 Sicut
1066 991 1168 1027 enim
1211 992 1392 1028 Christus
1437 991 1508 1027 fuit

187 1053 357 1102 duplicis
390 1051 617 1088 substancie
651 1052 783 1100 quoad
826 1049 1046 1088 hominem.
1089 1049 1143 1086 sic
1184 1049 1398 1099 dupliciter
1436 1049 1508 1085 mi-

186 1121 313 1149 sertus
347 1119 403 1148 est
437 1109 605 1146 homini.
639 1108 893 1157 Temptative
925 1117 1058 1145 autem
1084 1107 1253 1157 quesivit
1276 1121 1298 1145 a
1323 1107 1508 1156 Philippo

134 1171 286 1207 &unde
317 1177 461 1205 tantam
502 1168 781 1204 multitudinem
822 1166 1023 1217 reficerent
1067 1166 1329 1216 corporaliter
1366 1167 1402 1201 in
1443 1166 1506 1202 de-

185 1236 302 1272 serto,
325 1228 393 1264 sed
409 1225 616 1274 Philippus
638 1224 845 1274 respondit
860 1225 967 1273 quod
984 1225 1234 1261 ducentorum
1259 1224 1507 1261 denariorum

181 1299 303 1337 panes
344 1286 460 1334 <quos
501 1285 721 1321 secundum
767 1285 948 1320 Marcum
994 1283 1195 1319 habebant
1234 1282 1274 1318 in
1313 1281 1507 1329 corbona)

187 1358 258 1381 non
290 1344 514 1394 sufficerent
545 1341 598 1379 eis
630 1349 670 1378 ut
702 1341 957 1390 unusquisque
991 1340 1182 1377 modicum
1217 1340 1392 1390 accipiat.
1433 1340 1510 1376 Sed

187 1404 366 1439 Andreas
385 1403 526 1452 frater
559 1400 725 1436 Simonis
751 1399 964 1450 publicavit
986 1411 1101 1434 unum
1120 1411 1287 1448 puerum
1311 1399 1509 1435 habentem

130 1474 172 1495 20
186 1462 347 1511 quinque
372 1471 495 1510 panes
526 1459 735 1495 ordeaceos
766 1465 801 1494 et
833 1457 929 1493 duos
945 1457 1083 1507 pisces,
1117 1457 1185 1493 sed
1215 1456 1280 1493 ille
1316 1456 1512 1493 asserebat

187 1532 259 1556 non
292 1526 394 1555 tante
425 1517 618 1568 sufficere.
655 1518 728 1553 Per
759 1516 836 1552 hoc
859 1524 992 1552 autem
1019 1515 1240 1563 interrogat
1264 1514 1508 1563 Philippum,

188 1577 254 1627 qui
299 1577 586 1625 interpretatur
619 1587 662 1611 os
697 1587 903 1617 manuum,
944 1574 992 1609 ad
1028 1574 1302 1610 denotandum
1348 1585 1506 1609 sensum

98 1663 159 1694 Fel
187 1634 371 1684 Apostoli
415 1634 479 1683 qui
521 1645 592 1669 non
638 1633 791 1668 laborat
823 1644 895 1668 non
930 1632 1133 1667 manducet
1167 1634 1196 1667 ΙΙ
1228 1631 1409 1668 Thessal.
1445 1632 1506 1667 III.

96 1688 366 1741 ¹332'1Andreas
406 1700 538 1729 autem
580 1689 647 1739 qui
687 1689 974 1738 interpretatur
1013 1690 1181 1725 decorus
1220 1688 1261 1725 in
1292 1682 1504 1742 stacione}

132 1755 170 1787 25
188 1751 283 1788 dicit
316 1751 425 1800 quod
470 1748 607 1786 ocians
645 1748 685 1784 in
725 1760 846 1796 opere
891 1747 1099 1783 meritorio
1141 1756 1197 1783 est
1240 1746 1428 1795 indignus
1465 1755 1509 1783 ut

187 1809 355 1858 recipiat
387 1809 580 1857 pabulum
614 1819 734 1855 super
766 1815 929 1843 terram.
991 1807 1282 1842 Verumtamen
1323 1812 1378 1842 est
1413 1817 1510 1842 unus

182 1881 283 1919 puer
315 1867 379 1916 qui
409 1874 520 1903 natus
553 1873 608 1902 est
639 1865 745 1901 nobis
780 1865 844 1911 (de
878 1876 957 1913 quo
997 1863 1095 1900 Isaie
1135 1865 1220 1909 IX0‚
1267 1863 1320 1910 6),
1367 1863 1509 1899 habens

187 1926 348 1976 quinque
374 1937 496 1975 panes
521 1925 728 1960 ordeaceos
766 1930 800 1959 et
840 1923 935 1958 duos
967 1922 1094 1972 pisces
1132 1934 1203 1970 per
1242 1934 1342 1970 quos
1381 1929 1507 1957 totam

188 1983 486 2021 multitudinem
529 1981 693 2018 humani
733 1980 889 2029 generis
927 1988 1059 2029 potest
1099 1980 1274 2016 reficere.
1321 1980 1398 2015 Sed
1442 1980 1510 2015 hec

131 2046 172 2079 30
187 2043 278 2092 quid
308 2049 395 2078 sunt
427 2042 560 2090 quoad
601 2040 811 2088 corporale
849 2039 1042 2087 pabulum
1087 2039 1187 2074 inter
1229 2038 1385 2073 tantos?
1432 2038 1509 2074 Sed

185 2103 296 2138 Jesus
318 2100 419 2150 fecit
452 2111 521 2147 per
556 2097 759 2134 ministros
793 2110 884 2133 suos
918 2096 956 2132 in
990 2095 1105 2132 viridi
1140 2096 1230 2132 feno
1255 2095 1508 2141 discumbere,

187 2158 280 2208 quia
319 2167 496 2194 terrenas
541 2155 788 2193 humilitates
833 2154 1055 2203 aspirantes
1100 2155 1149 2191 ad
1195 2153 1368 2202 patriam
1415 2152 1508 2190 facit

186 2216 440 2265 fragilitatem
475 2228 587 2252 suam
622 2226 864 2262 cognoscere
894 2222 930 2250 et
954 2222 1112 2261 pastum
1145 2211 1394 2260 spiritualem
1429 2213 1508 2247 Do-

187 2274 283 2311 mini
335 2282 554 2322 expectare.
607 2273 894 2309 Discubueruut
937 2284 1034 2322 ergo
1080 2270 1155 2306 viri
1197 2282 1356 2306 numero
1401 2269 1510 2318 quasi

130 2337 169 2369 35
187 2333 348 2382 quinque
380 2332 514 2379 millia,
560 2331 653 2380 quia
686 2342 826 2367 omnes
867 2329 922 2365 illi
966 2329 1005 2365 in
1045 2328 1188 2377 quibus
1226 2327 1379 2364 virebat
1418 2339 1506 2376 pre-

188 2390 408 2427 destinacio
454 2398 490 2425 et
539 2398 651 2426 erant
696 2401 766 2437 per
811 2387 1040 2436 superbiam
1089 2386 1261 2435 quinarii
1307 2385 1504 2422 suffocati.

187 2449 264 2485 Sed
294 2448 404 2484 Jesus
434 2448 579 2497 accepit
605 2460 727 2496 panes
759 2454 793 2483 et
820 2447 946 2496 pisces
977 2458 1022 2482 ac
1054 2446 1206 2496 agendo
1230 2446 1313 2480 Deo
1344 2443 1505 2494 gracias

187 2506 381 2543 distribuit
401 2506 455 2542 sic
479 2504 812 2552 discumbentibus,
833 2503 927 2553 quia
950 2503 1125 2553 quinque
1149 2502 1271 2539 libros
1294 2503 1503 2549 Mosaycos

258 2649 277 2668 1.
299 2641 342 2667 A:
364 2648 460 2675 genus
481 2639 652 2666 hominum.
771 2638 798 2665 6.
820 2638 886 2666 BC:
908 2638 1060 2673 capitulis.
1178 2644 1206 2672 9.
1228 2637 1271 2663 A:
1294 2635 1388 2662 Marci
1410 2634 1502 2661 deest.

189 2683 225 2703 12.
248 2676 291 2702 A:
314 2674 469 2710 spiritalis.
575 2682 615 2707 14-
639 2674 675 2699 R:
698 2673 889 2708 Temptavie.
994 2672 1034 2699 16.
1056 2672 1100 2699 A:
1125 2670 1285 2706 respondit
1305 2669 1387 2705 quod
1409 2669 1503 2696 deest.

189 2719 226 2745 17.
250 2709 315 2736 BC:
343 2710 373 2736 in
395 2709 492 2736 turba.
608 2708 646 2735 18.
670 2707 735 2735 BC:
758 2708 923 2743 suscipiam
953 2707 992 2733 ib.
1014 2707 1158 2742 Vulgate:
1190 2704 1246 2732 Est
1263 2713 1340 2732 unus
1357 2711 1438 2739 puer
1456 2703 1505 2730 hic

186 2745 240 2780 qui
263 2744 353 2771 habet
377 2744 511 2779 quinque
532 2751 632 2779 panes
656 2742 847 2770 hordeaceos
874 2746 904 2770 et
928 2742 1003 2769 duos
1027 2742 1136 2777 pisces.
1169 2738 1233 2767 Sed
1257 2740 1312 2767 hec
1336 2738 1412 2778 quid
1435 2741 1507 2765 sunt

187 2782 268 2806 mter
288 2782 388 2806 tantos
399 2781 416 2807 ἱ)
477 2786 515 2806 21.
538 2779 559 2805 B
580 2777 609 2805 in
633 2785 745 2813 marg:
768 2777 928 2812 Philippus
949 2785 984 2803 os
1005 2783 1163 2803 manuum.
1230 2774 1273 2802 25.
1294 2773 1316 2800 B
1337 2781 1366 2801 m
1389 2781 1502 2807 marg:

186 2813 328 2841 Andreas
349 2813 479 2840 decorus
499 2813 528 2839 in
551 2812 694 2839 stacione.
751 2819 794 2846 27.
817 2811 858 2839 C:
880 2812 917 2838 de
938 2811 1043 2839 nobis:
1066 2810 1105 2836 ib.
1122 2810 1165 2836 A:
1187 2809 1228 2836 IX
1248 2808 1342 2836 deest.
1398 2806 1436 2835 31.
1458 2808 1501 2834 A:

185 2848 266 2910 t'acciit.
317 2846 360 2875 32.
382 2849 426 2875 A:
450 2847 638 2875 humiliatos.
694 2845 741 2881 34.
768 2846 810 2874 35.
831 2845 897 2874 BC:
921 2846 1058 2873 virorum
1081 2844 1216 2880 quinque
1238 2843 1342 2870 millia.
1391 2841 1436 2869 36.
1459 2843 1500 2870 A:

185 2888 213 2910 et
255 2887 325 2910 eest.

1715 240 1790 289 373

1551 989 1655 1017 Christ
1676 990 1705 1017 in
1728 990 1783 1017 His

1537 1025 1665 1052 twofold
1689 1029 1798 1052 nature

1536 1059 1595 1086 had
1617 1068 1633 1086 a
1654 1060 1779 1087 twofold

1623 1095 1696 1131 pity.

1570 1514 1713 1549 Meaniug
1734 1516 1768 1543 os

1588 1550 1745 1585 “1‘hi1ip”;

1543 1689 1577 1717 of
1593 1689 1780 1718 “Andrew''.

1547 1863 1614 1892 The
1634 1863 1682 1891 lad
1704 1864 1778 1892 with

1554 1899 1604 1926 the
1623 1899 1727 1926 loaves
1747 1899 1773 1927 is

1605 1933 1719 1961 Christ.

1539 2338 1606 2366 The
1627 2338 1704 2368 5000
1725 2348 1775 2367 are

1551 2375 1767 2443 ριέἀέἓῖῖηειῖε.
