2017 3353
207 259 291 314 298

202 565 249 592 To
267 576 315 594 sce
329 567 386 593 and
405 568 475 594 licat·

214 601 318 628 Christ
338 610 401 628 was
422 611 458 629 un

199 648 319 670 carnest
338 644 372 670 os
391 643 472 670 bliss.

218 1561 295 1588 I‘Iow
317 1566 346 1588 to
368 1562 459 1588 attain

296 1596 378 1623 bliss.

225 2316 273 2343 AII
296 2324 363 2343 nien
387 2325 436 2343 arc

197 2359 253 2377 our
272 2350 468 2386 ncighbonrs.

787 281 1016 313 JOHANNIS
1037 282 1220 314 WYCLIF
1240 283 1495 316 SERMONUM
1539 270 1688 328 [SERMO
1711 283 1802 310 XLV.

965 410 1156 450 SERMO
1190 412 1316 450 XLV.

548 504 660 539 Beati
691 505 791 539 oculi
821 505 884 553 qni
916 505 1042 540 vident
1073 518 1143 554 que
1177 518 1242 542 vos
1276 507 1420 542 videtis.
1457 509 1561 543 Luce
1594 509 1660 553 X‘'‚
1697 508 1761 544 23.

549 561 657 597 Licet
692 563 765 598 hoc
800 562 1047 610 evangelium
1081 563 1130 599 sit
1162 564 1414 611 gravidatum
1449 565 1685 601 multiformi
1718 578 1804 602 sen-

489 619 632 663 tencia,
675 629 810 656 tamen
849 620 888 655 in
928 620 1054 656 tribus
1094 622 1306 669 perstringi
1347 631 1495 670 potest:
1542 623 1674 671 primo
1712 637 1803 672 pro-

489 677 652 725 ponitur
686 690 776 714 arra
816 678 1074 715 beatitudinis
1114 692 1189 727 que
1222 689 1279 716 est
1313 680 1401 716 finis
1435 681 1562 717 tocius
1595 681 1799 718 viacionis.
1820 685 1835 716 5

487 736 594 771 Finis
628 735 732 771 enim
767 737 988 772 secundum
1022 737 1285 786 philosophos
1318 746 1373 775 est
1400 739 1573 788 primum
1613 739 1648 775 in
1682 740 1800 776 inten-

488 794 592 829 cione
625 801 659 829 et
692 794 865 829 ultimum
900 795 935 830 in
968 796 1207 832 execucione.
1230 797 1332 832 Arra
1364 805 1497 833 autem
1532 797 1647 833 huius
1681 797 1803 834 beati-

487 851 636 887 tudinis
669 851 742 887 fuit
773 852 907 888 videre
940 861 977 888 et
1010 853 1148 890 audire
1173 854 1375 890 Christum
1410 855 1686 902 corporaliter.
1711 856 1802 892 Illos

489 909 593 945 enim
629 909 724 945 dicit
758 909 939 946 Christus
973 924 1045 958 pro
1079 924 1150 947 suo
1183 921 1365 960 tempore
1399 924 1481 949 esse
1515 914 1666 959 beatos,
1700 913 1802 950 sicut

488 967 616 1015 patuit
656 968 703 1003 de
743 968 935 1016 apostolis
975 978 1011 1004 et
1050 969 1136 1005 aliis
1169 970 1317 1006 sanctis
1357 970 1424 1019 qui
1457 983 1547 1006 eum
1581 980 1799 1008 senserant.
1822 985 1861 1006 10

546 1026 660 1061 Unde
694 1038 804 1073 reges
838 1035 874 1062 et
908 1028 1103 1075 prophete
1136 1028 1231 1076 Iegis
1254 1028 1397 1065 veteris
1419 1029 1673 1066 sensaciones
1706 1029 1801 1066 istas

488 1083 771 1120 affectaverant
803 1086 870 1120 sed
903 1098 984 1121 non
1017 1086 1255 1132 habuerunt,
1290 1086 1382 1135 quia
1413 1087 1608 1135 quosdam
1642 1096 1801 1136 oportet

487 1141 527 1177 in
571 1154 640 1189 spe
685 1144 903 1178 secundum
949 1143 1142 1180 visionem
1183 1146 1333 1181 nudam
1372 1144 1597 1181 intellectus
1637 1154 1673 1181 et
1712 1145 1802 1182 fidei

488 1199 708 1236 beatificari
741 1200 936 1245 arraliter‚
971 1203 1167 1249 quosdam
1202 1204 1421 1239 secundum
1456 1203 1731 1240 sensacionem
1766 1212 1803 1240 et

488 1257 800 1294 intellectualem
833 1258 1026 1295 visionem
1061 1269 1097 1296 et
1131 1262 1326 1308 quosdam
1354 1263 1573 1298 secundum
1607 1261 1801 1298 visionem
1822 1264 1858 1296 15

487 1315 527 1351 in
560 1315 673 1363 signo
706 1317 988 1354 sacramentali
1023 1327 1059 1354 et
1092 1319 1369 1355 memorialem
1403 1319 1595 1355 visionem
1622 1319 1726 1365 fidei,
1760 1328 1802 1356 ut

487 1382 596 1421 patet
635 1375 682 1410 de
720 1375 983 1422 presentibus.
1025 1377 1101 1412 Sed
1142 1376 1262 1413 medii
1302 1378 1526 1413 habuerunt
1565 1390 1675 1414 arras
1713 1378 1801 1426 plus

487 1433 647 1477 uberes3
687 1432 807 1480 primi
847 1442 979 1469 autem
1020 1434 1121 1470 sicut
1161 1443 1269 1482 patet
1303 1436 1350 1471 de
1384 1435 1509 1472 David
1544 1444 1580 1471 et
1613 1435 1732 1472 Ysaia
1765 1444 1801 1472 et

489 1489 623 1525 multis
656 1489 852 1527 similibus
886 1490 1129 1528 dicentibus:
1170 1492 1203 1528 O
1233 1493 1268 1528 si
1298 1493 1441 1529 videbo.

546 1548 695 1583 Omnes
729 1548 834 1584 enim
868 1549 924 1584 illi
949 1551 1023 1586 hoc
1048 1550 1380 1587 condicionaliter
1413 1551 1672 1597 affectabant3
1696 1553 1802 1588 unde
1819 1564 1860 1585 20

488 1606 662 1653 Symeon
702 1615 738 1642 et
771 1607 887 1643 Anna
927 1608 974 1643 de
1012 1608 1207 1644 fruicione
1247 1608 1363 1644 huius
1396 1609 1640 1645 sensacionis
1679 1610 1801 1657 pluri—

489 1676 598 1699 mum
633 1666 940 1712 congaudebant
975 1668 1032 1713 (ut
1066 1675 1174 1714 patet
1209 1668 1313 1703 Luce
1346 1669 1429 1714 110).

545 1723 730 1758 Secundo
775 1722 1051 1770 principaliter
1094 1724 1271 1771 tangitur
1310 1724 1486 1761 medium
1529 1726 1642 1762 istam
1679 1728 1801 1763 beati-

487 1778 666 1815 tudinem
708 1780 955 1829 acquirendi,
1003 1783 1095 1818 dum
1143 1783 1296 1831 quidam
1337 1783 1435 1834 legis
1473 1785 1625 1832 peritus
1663 1785 1801 1822 habuit

488 1837 821 1874 informacionem
868 1853 889 1876 a
923 1839 1111 1886 Domino,
1165 1842 1272 1888 quod
1316 1840 1347 1876 si
1393 1841 1577 1889 impleret
1627 1844 1800 1891 perfecte
1818 1845 1857 1878 25

486 1895 747 1932 dileccionem
782 1897 853 1933 Dei
891 1906 926 1933 et
971 1898 1154 1945 proximi,
1193 1898 1482 1935 beatitudinem
1517 1900 1625 1936 illam
1665 1901 1800 1949 acqui-

486 1962 600 1990 reret.
635 1956 737 1990 Nam
770 1955 806 1990 in
839 1955 921 1992 istis
953 1956 1099 1992 duobus
1131 1957 1323 1992 mandatis
1355 1957 1533 1993 universa
1567 1959 1633 1995 lex
1658 1960 1801 2008 pendet

484 2019 519 2047 et
557 2012 760 2061 prophete,
804 2026 940 2060 ymmo
984 2013 1023 2049 in
1069 2015 1144 2050 hoc
1188 2014 1325 2050 unico:
1377 2016 1531 2065 Diliges
1569 2018 1797 2065 proximum

485 2077 589 2105 tuum
635 2077 675 2105 ut
718 2077 753 2106 te
791 2071 928 2119 ipsum,
973 2072 1058 2120 quia
1104 2072 1209 2108 istud
1248 2085 1328 2108 non
1368 2082 1501 2120 posset
1540 2074 1677 2122 perfici
1723 2074 1798 2111 nisi

485 2127 614 2174 ipsum
668 2128 878 2175 perficiens
923 2131 1050 2165 Deum
1102 2130 1281 2177 diligeret
1327 2130 1482 2167 dicente
1528 2133 1857 2180 Evangelista23o

492 2185 568 2229 Qui
604 2198 676 2221 non
711 2186 839 2236 diligit
871 2188 1048 2236 fratrem
1088 2201 1197 2224 sumn
1236 2200 1344 2237 quenz
1380 2189 1492 2233 videt,
1525 2190 1649 2225 Deum
1689 2203 1796 2239 quenz

486 2256 558 2279 non
591 2243 693 2279 videt
725 2246 914 2292 quomodo
941 2253 1069 2295 potest
1101 2246 1296 2295 diligere?

544 2301 621 2337 Sed
660 2302 784 2338 tercio
824 2302 1100 2352 principaliter
1139 2304 1366 2340 declaratur
1405 2306 1548 2341 modus
1588 2318 1666 2353 quo
1699 2305 1796 2342 illud

486 2359 721 2395 mandatum
756 2361 898 2396 debeat
930 2361 1155 2409 adimpleri.
1198 2361 1337 2407 Querit
1377 2362 1481 2398 enim
1516 2363 1612 2410 legis
1646 2363 1796 2411 peritus

485 2416 567 2465 quis
599 2424 653 2453 est
684 2429 776 2453 suus
801 2418 1033 2467 p7·0.v1'nzzts;
1064 2427 1100 2455 et
1134 2428 1290 2455 constat
1322 2428 1364 2455 ut
1394 2420 1574 2457 Christus
1606 2422 1852 2470 supponit35

485 2475 592 2523 quod
625 2474 756 2511 omnis
780 2476 901 2512 homo
935 2476 984 2512 sit
1018 2476 1179 2513 cuilibet
1203 2477 1407 2525 proximus
1441 2478 1480 2514 in
1513 2488 1669 2525 natura,
1704 2492 1794 2516 cum

552 2606 577 2624 2.
600 2596 650 2624 BC
669 2596 699 2624 in
721 2605 834 2631 marga
857 2598 1018 2625 bominica
1039 2598 1117 2625 XIII.
1186 2608 1215 2633 4.
1236 2600 1280 2626 A:
1304 2599 1405 2634 primo
1425 2600 1516 2627 enim.
1586 2600 1610 2628 5.
1631 2602 1675 2629 A:
1697 2601 1795 2628 tocius

484 2632 608 2665 mundi;
630 2632 736 2659 mundi
757 2631 879 2659 extimet.
960 2632 988 2660 6.
1010 2633 1050 2661 C:
1074 2633 1207 2668 prinnini
1229 2633 1411 2662 intencione.
1484 2644 1510 2670 7.
1531 2636 1559 2663 A
1579 2635 1609 2662 in
1632 2644 1745 2670 marga
1768 2644 1794 2670 ις

484 2668 505 2694 Β
534 2666 564 2694 in
596 2675 709 2694 marm:
741 2666 807 2701 Quc
836 2667 892 2694 fnit
921 2675 988 2694 arra
1016 2668 1223 2695 beatitudinis.
1328 2678 1361 2696 11.
1392 2669 1413 2695 Β
1440 2669 1469 2696 in
1501 2678 1614 2704 marg:
1645 2670 1794 2698 Homines

484 2687 691 2728 cliversinnffe
713 2701 933 2729 beatificantur.
1004 2702 1042 2729 18.
1065 2703 1104 2730 C:
1127 2708 1154 2729 et
1175 2703 1268 2731 deest.
1338 2712 1380 2731 22.
1404 2704 1442 2730 13:
1464 2704 1544 2731 Luce
1564 2704 1602 2732 V.
1652 2705 1695 2733 23.
1716 2706 1744 2732 A
1765 2705 1793 2731 in

484 2744 598 2770 marga
621 2744 651 2768 23
683 2736 704 2762 Β
725 2736 754 2763 in
777 2744 889 2772 marg:
912 2736 1046 2763 Medium
1069 2738 1104 2764 ad
1129 2738 1346 2765 beatitudinem
1391 2739 1440 2765 nid
1463 2743 1516 2766 cst,
1590 2739 1635 2769 28,
1658 2748 1705 2773 20.
1728 2739 1792 2766 BC:

484 2770 572 2797 unico
592 2787 625 2789 —
646 2770 715 2805 quia
736 2771 829 2798 deest.
903 2770 945 2798 33.
967 2772 995 2798 A
1017 2771 1044 2798 in
1068 2780 1180 2805 marga
1203 2772 1227 2800 3.
1302 2772 1343 2801 35.
1405 2783 1410 2800 :
1432 2777 1463 2800 ut
1483 2774 1575 2801 deest.
1649 2773 1696 2802 36.
1716 2775 1743 2801 A
1765 2774 1792 2800 in

487 2813 599 2839 marg:
623 2813 648 2832 a.

558 2864 582 2885 1.
611 2854 662 2886 Cf.
690 2854 721 2885 S.
753 2855 787 2885 E.
807 2855 877 2895 W.‚
907 2865 984 2897 pag.
1015 2855 1066 2887 31.
1191 2867 1220 2897 7.
1262 2856 1312 2887 Cf.
1345 2856 1560 2899 Trialogum,
1598 2868 1676 2899 pag.
1717 2857 1791 2889 385.

486 2910 536 2942 27.
565 2899 727 2933 Matthaei
755 2901 856 2940 XXII,
889 2911 936 2943 14.
1036 2901 1086 2934 31.
1118 2902 1139 2932 I.
1167 2902 1245 2935 Joh.
1274 2903 1330 2945 IV,
1364 2913 1411 2944 ¹4·
