2017 3353
196 863 262 891 The
284 871 341 899 peo
367 863 392 891 le

214 898 323 925 should
368 907 382 925 e

157 933 262 968 taught
278 933 327 960 the
343 941 432 960 seven

159 969 261 994 works
274 968 308 994 ot*
320 976 432 1004 mercy.

739 285 963 317 JOHANNIS
985 285 1167 316 wvcrir
1187 285 1443 318 SERMONUM
1463 272 1614 329 [SERMO
1631 283 1768 311 xxxffl.

448 403 667 437 versorum,
702 390 755 426 hii
780 392 887 439 quod
920 404 1044 426 novus
1067 391 1180 439 panis
1212 391 1495 427 insensibiliter
1518 401 1574 427 est
1599 401 1768 433 creatus,

449 457 485 485 et
520 448 573 484 hii
619 457 879 497 comparante
924 448 1089 497 antiquo
1135 461 1236 496 pane
1269 458 1311 485 ut
1344 449 1529 497 originali
1574 450 1769 486 fermento

448 507 526 543 alia
544 506 657 555 panis
682 506 849 543 materia
873 519 942 554 per
966 506 1203 542 miraculum
1228 507 1509 543 insensibiliter
1526 507 1770 556 applicatur:

449 574 485 601 et
519 564 655 601 relicta
689 564 819 612 prima
841 564 903 600 via
936 564 1174 612 impossibili
1206 564 1361 601 videtur
1391 565 1512 601 michi
1535 565 1658 602 tercia
1680 578 1771 613 pro-

449 623 603 665 babilis,
639 622 901 671 relinquendo
934 622 1083 658 noticie
1116 622 1244 670 prime
1277 631 1430 665 nature,
1465 625 1570 659 unde
1603 632 1640 660 et
1673 636 1771 672 quo-
1811 628 1827 661 5

451 682 572 717 modo
606 693 706 717 nova
741 679 854 728 panis
889 680 1058 716 materia
1091 681 1281 717 exalatur.
1318 682 1395 717 Sed
1429 683 1476 717 de
1508 681 1586 718 illis
1618 690 1769 729 septem

449 738 619 786 panibus
653 740 772 774 credo
807 739 911 774 hunc
945 739 1139 786 populum
1175 751 1256 774 esse
1290 739 1481 775 refectum
1515 752 1596 776 non
1618 739 1770 788 precise

450 798 497 832 de
531 796 607 832 illis
641 798 708 832 sed
742 795 1018 844 principaliter
1051 805 1087 832 et
1110 796 1370 844 originaliter,
1395 796 1497 833 sicut
1521 810 1563 834 ex
1588 797 1771 833 doctrina

449 854 671 902 apostolica
724 862 809 890 tota
861 854 1028 890 ecclesia
1073 863 1130 890 est
1174 854 1380 891 instructa.
1429 857 1589 903 Septem
1636 864 1769 892 autem

448 925 570 960 opera
623 911 845 960 corporalis
884 911 1158 948 misericordie
1192 913 1335 948 debent
1379 913 1575 950 declarari
1619 914 1829 961 populoto

449 970 565 1016 (sicut
597 983 718 1018 supra
752 970 946 1006 Sermone
978 971 1174 1006 XXXIIIIO
1209 971 1256 1006 de
1285 979 1437 1018 septem
1471 971 1659 1019 operibus
1692 971 1770 1019 spi—

448 1027 602 1064 ritualis
627 1027 901 1064 misericordie
924 1028 1180 1076 declaratur),
1204 1028 1431 1076 specialiter
1464 1042 1554 1065 cum
1589 1029 1770 1066 Christus

449 1085 487 1121 in
521 1085 629 1122 finali
663 1085 811 1122 iudicio
857 1094 893 1122 et
939 1085 1145 1134 presencia
1190 1087 1438 1134 angelorum,
1484 1088 1767 1123 salvandorum

452 1144 660 1180 hominum
696 1157 741 1180 ac
775 1143 901 1180 eciam
936 1145 1202 1192 reproborum
1237 1144 1421 1181 recitabit
1454 1146 1526 1181 hec
1549 1158 1673 1193 opera
1707 1158 1769 1181 ac-

450 1201 538 1238 tivis
570 1201 769 1238 viantibus
803 1203 891 1250 plus
930 1201 1146 1238 sensibilia.
1193 1203 1339 1239 Sedere
1384 1212 1518 1239 autem
1564 1202 1768 1240 Christum
1791 1208 1827 1241 15

449 1272 568 1308 super
600 1261 734 1296 sedem
776 1259 994 1296 maiestatis
1028 1273 1096 1296 sue
1141 1264 1197 1305 (ut
1231 1261 1399 1297 habetur
1431 1260 1598 1297 Matthei
1630 1262 1769 1305 XXV0>

450 1327 506 1354 est
539 1317 718 1354 iudicare
751 1317 946 1354 stabiliter
979 1319 1196 1354 secundum
1243 1327 1483 1366 potestatem
1516 1318 1769 1355 iudiciariam

449 1385 642 1421 eternam,
678 1375 738 1412 cui
772 1389 853 1412 non
891 1385 948 1412 est
988 1375 1232 1424 possibilitas
1266 1376 1462 1413 evasionis
1506 1378 1567 1413 vel
1610 1376 1770 1413 latentis

450 1433 711 1470 condicionis.
778 1433 945 1472 presciti
999 1443 1133 1470 autem
1185 1443 1299 1470 erunt
1356 1448 1377 1471 a
1431 1435 1630 1471 salvandis
1687 1444 1768 1471 tam

448 1491 629 1528 localiter
681 1504 800 1540 quam
855 1491 1185 1528 condicionaliter
1238 1492 1425 1540 separati,
1479 1492 1581 1529 sicut
1633 1501 1770 1541 pastor
1787 1508 1828 1530 20

447 1558 627 1598 segregat
660 1562 751 1586 oves
785 1551 833 1586 ab
868 1549 970 1595 edis3
1004 1563 1096 1586 oves
1130 1550 1291 1598 quidem
1337 1560 1537 1598 ponentur
1570 1563 1591 1587 a
1624 1550 1769 1587 dextris

448 1607 608 1653 Christi,
644 1607 736 1656 quia
770 1607 949 1644 fruentur
983 1607 1096 1644 bonis
1129 1608 1201 1644 Dei
1240 1608 1470 1656 pocioribus
1516 1617 1552 1645 et
1592 1614 1647 1654 (ut
1687 1621 1769 1645 cre-

448 1665 569 1711 ditur)
608 1667 656 1702 ab
691 1665 951 1702 humanitatis
984 1665 1131 1703 Christi
1177 1666 1322 1702 dextris
1370 1667 1620 1703 locabuntur.
1668 1668 1769 1703 Oves

449 1732 580 1760 autem
621 1723 783 1760 Domini
828 1723 1007 1760 salvandi
1052 1733 1216 1772 propter
1260 1724 1433 1760 fructum
1479 1724 1768 1773 quintuplicem

450 1794 528 1830 quo
562 1790 729 1829 prosunt
763 1781 939 1825 ecclesie,
979 1781 1070 1818 hedi
1109 1791 1242 1818 autem
1290 1782 1476 1819 dicuntur
1521 1782 1767 1831 dampnandi
1788 1787 1825 1820 25

448 1849 613 1888 propter
646 1839 921 1876 extollenciam
962 1853 1039 1888 qua
1073 1839 1269 1876 diabolice
1308 1849 1447 1888 petunt
1480 1841 1572 1886 alta,
1607 1849 1771 1889 propter

450 1898 617 1934 fetorem
672 1897 838 1946 peccati,
884 1906 1049 1946 propter
1101 1897 1420 1935 destruccionem
1473 1900 1663 1935 arborum
1709 1911 1770 1934 ec-

451 1955 568 1992 clesie
611 1964 648 1991 et
687 1964 851 2004 propter
890 1955 1081 1992 vilitatem
1132 1956 1291 1992 finalem
1332 1969 1410 2004 qua
1455 1969 1592 1993 carnes
1631 1969 1768 1993 eorum
1784 1986 1846 2018 FO,

450 2026 531 2050 non
562 2022 653 2049 sunt
685 2013 822 2061 sapide
856 2022 897 2049 ut
930 2013 1035 2050 beati
1065 2012 1068 2064 l
1099 2043 1106 2050 .
1139 2016 1252 2050 Tunc
1276 2014 1379 2050 dicet
1402 2027 1467 2050 rex
1490 2010 1863 2074 predestinatis17112

451 2071 526 2107 hiis
559 2071 715 2108 ovibus:
764 2072 890 2107 Venite
921 2072 1106 2107 benedicti
1130 2072 1258 2121 patris
1291 2072 1365 2108 mei
1393 2080 1427 2108 et
1454 2073 1660 2121 possidete,
1693 2073 1768 2108 hoc
1784 2078 1826 2110 30

452 2138 521 2174 est,
557 2138 648 2177 post
680 2128 987 2165 tribulacionem
1013 2129 1187 2178 quietem
1211 2131 1366 2175 habete,
1401 2142 1565 2180 regnum
1597 2130 1766 2166 celorum

451 2187 552 2235 quod
584 2187 688 2223 vobis
719 2187 804 2236 fuit
834 2200 856 2222 α
889 2188 1023 2223 mundi
1059 2188 1251 2237 principio
1286 2195 1556 2236 preparatum.
1610 2188 1772 2224 Esurivi

452 2245 548 2280 enim
594 2253 628 2280 et
671 2245 785 2291 sitivi,
817 2252 851 2281 et
884 2258 943 2281 me
974 2245 1013 2280 in
1047 2244 1236 2281 membris
1270 2245 1367 2281 meis
1409 2254 1491 2281 tam
1526 2245 1614 2282 cibo
1647 2258 1767 2294 quam

452 2303 598 2350 poculo
632 2303 848 2348 recreastis,
882 2303 1000 2339 tercio
1062 2304 1198 2352 hospes
1236 2316 1342 2339 eram
1376 2311 1410 2339 et
1442 2316 1501 2339 me
1533 2304 1568 2339 in
1601 2304 1769 2352 hospicio

453 2360 668 2409 recepistis,-
711 2369 855 2408 quarto
889 2361 1012 2396 nudus
1043 2368 1078 2396 et
1109 2361 1372 2409 cooperuistis,
1418 2361 1557 2409 quinto
1595 2361 1770 2411 infirmus
1785 2368 1824 2401 35

452 2425 487 2453 et
520 2418 700 2453 visitastis
727 2426 764 2453 et
796 2427 904 2454 sexto
936 2419 971 2453 in
1004 2430 1162 2454 carcere
1193 2426 1228 2454 et
1254 2419 1348 2454 mihi
1377 2419 1428 2454 ibi
1458 2419 1770 2455 misericorditer

452 2475 672 2511 advenistis.
707 2475 930 2523 Septimum
964 2484 1097 2512 autem
1131 2489 1231 2524 opus
1265 2476 1538 2513 misericordie
1590 2474 1658 2530 (de
1690 2490 1769 2524 quo

452 2533 607 2569 Thobie
641 2532 804 2581 primo),
850 2533 941 2569 licet
974 2546 1054 2570 non
1087 2534 1149 2570 hic
1183 2534 1429 2582 exprimitur,
1464 2543 1598 2571 tamen
1620 2535 1660 2570 in
1692 2543 1768 2570 ter-

454 2591 515 2627 cio
547 2590 643 2627 satis
677 2590 929 2638 intelligitur,
963 2604 1054 2627 nam
1094 2594 1233 2629 tumba
1266 2592 1305 2628 in
1338 2605 1416 2640 qua
1450 2592 1649 2640 colligitur
1682 2605 1767 2628 cor—

454 2658 594 2696 ruptus
627 2657 683 2685 est
716 2649 940 2696 hospicium
975 2658 1241 2686 mortuorum.
1288 2650 1468 2686 Christus
1501 2660 1633 2686 autem
1673 2649 1765 2698 quia
1779 2666 1824 2697 40

524 2780 543 2798 1.
566 2772 610 2798 A:
634 2772 721 2807 panis
742 2772 835 2798 deest.
911 2772 981 2799 1—3.
1005 2772 1069 2799 BC:
1092 2778 1137 2799 est
1157 2778 1275 2800 creatus
1296 2789 1328 2793 —-
1348 2772 1566 2799 insensibiliter
1587 2772 1686 2801 deest:
1707 2771 1765 2798 ori-

455 2806 565 2840 ginali:
587 2806 682 2833 Cod.:
703 2806 822 2841 origali.
896 2816 925 2840 4.
949 2807 972 2834 5.
993 2808 1038 2834 A:
1061 2808 1269 2842 probabiliter.
1344 2808 1367 2835 5.
1389 2808 1434 2834 A:
1456 2812 1483 2834 et
1504 2808 1598 2834 deest.
1673 2815 1698 2833 -.
1720 2807 1764 2833 A:

455 2849 514 2866 uon
538 2849 622 2874 pure.
767 2849 799 2868 11.
821 2842 864 2868 A:
893 2841 1030 2870 XXXVI,
1064 2846 1140 2869 recte
1168 2842 1327 2872 XXXVII:
1358 2842 1440 2868 ib.A
1471 2842 1500 2868 iu
1531 2850 1643 2880 marg:
1674 2824 1763 2868 Nota.

454 2883 497 2901 22.
518 2876 562 2902 A:
584 2876 774 2902 fruebuntur.
831 2877 876 2902 25.
901 2875 965 2902 BC:
989 2881 1113 2911 propter
1134 2877 1339 2903 inutilitatem.
1413 2875 1529 2910 32—-34.
1550 2877 1577 2903 A
1600 2873 1629 2903 iu
1651 2883 1763 2910 marg:

455 2918 475 2941 ι,
496 2917 521 2940 2.
543 2909 567 2936 3.
659 2909 701 2938 35.
723 2911 766 2937 A:
789 2910 889 2937 nudus
909 2919 1003 2937 eram,
