2017 3353
200 251 335 280 senno
356 241 459 296 xvi]
729 253 867 284 PRIMA
897 252 1022 283 PARS.
1732 255 1805 289 107

202 363 370 398 sabbato
409 372 488 408 quo
528 359 616 406 plus
656 371 775 406 quam
817 358 905 394 aliis
950 358 1090 394 diebus
1136 357 1296 393 celestia
1342 367 1518 394 contem-

204 419 347 466 pletur.
381 420 429 454 Et
462 426 571 465 patet
603 417 712 464 quod
745 416 847 453 sicut
880 417 1116 453 accedentes
1151 415 1200 451 ad
1234 414 1448 451 ecclesiam
1483 425 1520 452 et

204 477 424 514 invidentes
457 474 646 512 fratribus
678 474 738 511 vel
771 487 851 511 non
890 474 1054 511 celestia
1087 473 1408 521 contemplantes
1442 473 1520 509 dis—
1538 482 1638 510 Work
1658 483 1734 511 does
1758 488 1810 510 not

205 535 366 572 solvunt
417 535 643 579 sabbatum,
690 532 746 569 sic
791 534 983 570 habentes
1028 531 1245 568 scintillam
1291 530 1521 568 devocioniS
1576 519 1772 581 ὃζξζξῃξὴξο

171 598 330 640 §usque
363 593 413 629 ad
452 604 599 628 nonam
637 600 674 627 et
712 600 803 638 post
841 603 989 627 nonam
1023 590 1200 626 viventes
1234 589 1272 625 in
1306 589 1520 626 scurillita-
1600 589 1691 615 much
1711 596 1744 615 ²³8

205 652 323 697 tibus,
370 650 408 686 in
441 649 543 697 gulis
577 659 613 686 et
646 649 734 685 aliis
768 649 923 686 actibus
963 648 1214 694 inmodestis,
1261 647 1351 695 plus
1385 648 1521 695 culpa·
1570 624 1773 651 wickedness.

204 709 336 746 biliter
369 707 593 744 dissolvunt
632 709 842 744 sabbatum
885 719 1004 755 quam
1046 715 1220 754 agrestes
1260 705 1298 741 in
1332 706 1521 753 operibus

205 766 484 815 corporalibus
518 765 599 802 sive
633 766 832 802 ruralibus
867 765 948 802 sive
982 763 1214 801 domesticis
1247 763 1448 811 occupati.
1481 764 1522 800 Si

204 834 337 863 autem
378 823 428 861 sit
465 836 636 872 persona
676 823 731 860 sic
772 823 1020 868 discrasiata,
1062 835 1138 870 que
1171 822 1259 870 plus
1293 823 1524 858 observaret

150 898 189 918 10
205 896 245 920 se
278 896 299 919 a
333 882 502 920 crimine
535 891 572 919 et
605 883 817 918 adhereret
850 881 1060 918 devocioni
1093 880 1272 917 caritatis
1307 879 1432 928 priori
1467 880 1523 916 sic

205 953 328 990 opera
367 940 571 977 manualia
603 939 800 987 faciendo,
835 939 993 976 videtur
1034 939 1167 986 michi,
1215 939 1523 986 quomodocun-

205 1012 281 1048 que
311 999 360 1036 sit
383 998 536 1035 dictum
561 1011 583 1035 a
606 998 776 1046 satrapis
808 997 921 1046 signa
951 997 1175 1033 infidelium
1199 996 1520 1040 observantibus,

205 1058 313 1106 quod
360 1056 501 1093 melius
547 1056 648 1093 foret
695 1056 770 1093 sibi
809 1055 923 1104 operi
969 1055 1039 1092 tali
1084 1055 1271 1103 privatim
1318 1055 1525 1092 intendere

206 1129 327 1164 quam
368 1114 580 1152 ecclesiam
620 1116 743 1151 modo
782 1126 862 1162 quo
902 1113 1049 1151 dicitur
1086 1113 1261 1150 visitare.
1307 1114 1385 1150 Sed
1430 1113 1525 1161 quia

155 1176 282 1211 15hoc
327 1182 541 1210 testaretur
584 1185 705 1221 super
748 1172 923 1220 operarii
969 1171 1286 1220 indisposicione
1331 1179 1368 1208 et
1412 1172 1526 1208 daret

206 1232 358 1269 malum
392 1231 618 1279 exemplum
652 1231 834 1281 ecclesie,
867 1229 957 1268 ideo
992 1230 1089 1267 dicit
1112 1230 1288 1278 prelatus
1313 1230 1421 1277 quod
1445 1242 1525 1266 non

207 1291 324 1327 debet
356 1291 431 1326 hoc
464 1288 593 1326 sinere
626 1291 695 1326 sed
728 1290 778 1326 ad
811 1289 1031 1326 recciorem
1057 1288 1178 1325 vitam
1210 1288 1428 1334 instruere3
1452 1300 1525 1324 nec

206 1348 247 1385 in
280 1349 355 1385 hoc
389 1349 589 1385 contendo
622 1347 654 1384 si
686 1347 807 1384 faciat
840 1348 947 1396 quod
987 1356 1155 1385 ortatur.
1200 1349 1250 1383 Et
1282 1355 1393 1394 patet
1426 1358 1525 1394 quo-

209 1408 330 1443 modo
370 1406 513 1454 prelati
552 1407 697 1443 debent
737 1407 786 1442 ad
827 1414 977 1442 rectam
1018 1404 1304 1453 operacionem
1338 1404 1378 1440 in
1410 1404 1525 1441 vinea

88 1458 168 1537 {33¹3
208 1475 327 1513 atque
361 1464 595 1502 continuam
631 1464 929 1501 continenciam
965 1463 1178 1501 exhortari.
1209 1459 1213 1517 Ι

697 1601 890 1643 SERMO
923 1602 1033 1642 XVI.

266 1699 375 1734 Exiit
407 1698 469 1746 qui
500 1698 661 1733 seminat
692 1697 884 1733 seminare
914 1709 1040 1732 semen
1063 1709 1186 1736 suum,
1211 1697 1316 1732 Luce
1343 1697 1461 1741 V1110‚
1490 1697 1524 1734 5,
1572 1706 1704 1746 Cnrist’s
1725 1714 1781 1733 use

268 1757 349 1792 Hec
395 1764 452 1793 est
490 1755 621 1803 prima
666 1763 817 1803 septem
864 1755 1150 1803 parabolarum
1198 1767 1296 1801 quas
1342 1753 1525 1790 Christus
1584 1740 1773 1777 otparablc.

849 1814 864 1826 η

210 1815 367 1851 locutus
401 1822 459 1850 est
491 1813 658 1850 Matthei
690 1814 810 1859 X1110‚
848 1827 866 1849 o
910 1813 960 1849 ad
1000 1812 1303 1849 edificacionem
1343 1811 1524 1850 ecclesie.

152 1875 319 1910 251uvat
366 1881 500 1908 autem
549 1884 708 1919 semper
755 1884 875 1907 unam
932 1883 1146 1918 personam
1199 1870 1260 1906 vel
1306 1870 1427 1906 aliam
1476 1871 1524 1906 ad

209 1930 444 1967 discendum
479 1942 582 1966 nova
604 1929 664 1965 vel
688 1929 906 1966 iuvandum
934 1929 1186 1974 memoriam,
1212 1929 1320 1976 quod
1344 1927 1526 1964 Christus

209 1990 265 2025 sic
289 1987 521 2036 parabolice
544 1998 602 2025 est
626 1987 796 2024 locutus.
822 1989 991 2035 Semper
1013 1987 1118 2023 enim
1144 1985 1322 2035 disponit
1343 1986 1525 2022 Christus

209 2059 435 2084 sermonem
470 2047 689 2083 secundum
723 2045 990 2094 aptitudinem
1025 2045 1228 2091 auditorii,
1262 2053 1304 2080 ut
1333 2057 1438 2080 nunc
1462 2058 1525 2080 ve-

209 2106 328 2142 lando
373 2113 526 2141 secreta
571 2117 592 2140 a
637 2104 788 2152 populo
833 2112 871 2140 et
914 2116 1020 2140 nunc
1058 2104 1231 2140 iuvando
1273 2102 1526 2151 memoriam,

152 2179 193 2202 ,πο
211 2164 425 2200 reserando
449 2162 657 2199 veritatem
683 2163 835 2199 mundo
858 2162 1139 2199 absconditam
1163 2161 1202 2197 in
1226 2174 1296 2198 sua
1320 2161 1525 2209 parabola.

210 2221 322 2258 Sicut
355 2221 460 2257 enim
494 2221 597 2257 inter
630 2230 708 2257 tres
742 2221 898 2258 animas
932 2220 1085 2258 scilicet
1118 2220 1398 2268 vegetativam,
1439 2232 1526 2256 sen-

210 2279 367 2316 sitivam
402 2288 438 2316 et
470 2279 753 2316 intellectivam
787 2279 1008 2327 vegetativa
1040 2288 1098 2316 est
1122 2278 1265 2327 prima,
1299 2278 1402 2314 sicut
1426 2277 1528 2313 inter

210 2348 288 2374 tres
321 2338 527 2386 potencias
558 2337 798 2386 vegetativas
822 2337 974 2374 scilicet
997 2337 1310 2383 informativam,
1336 2348 1526 2385 augmen-

279 2504 303 2523 2.
325 2496 346 2522 Β
368 2496 398 2523 in
420 2503 535 2529 marg:
556 2495 618 2530 Qui
632 2495 748 2523 violant
761 2495 936 2523 sabbatum.
981 2504 1010 2531 9.
1032 2494 1106 2523 AC:
1127 2495 1171 2522 sic
1191 2495 1293 2528 deest;
1309 2495 1350 2521 ib.
1372 2495 1400 2522 A
1420 2494 1527 2521 obser-

210 2539 291 2559 vare.
366 2539 406 2558 10.
428 2532 474 2558 A:
493 2536 521 2557 et
536 2531 673 2558 adderet.
748 2538 781 2558 ιι.
803 2532 846 2558 A:
869 2530 963 2558 michi
983 2530 1067 2565 quod
1088 2538 1294 2566 quocunque;
1320 2528 1363 2558 C:
1385 2529 1527 2565 quando-

209 2573 342 2601 cunque.
448 2573 485 2592 ιε».
508 2564 608 2593 Codd.
632 2564 741 2601 signia.
859 2565 896 2592 13.
918 2568 962 2593 A:
983 2573 1042 2601 qne
1063 2566 1185 2593 melius.
1305 2564 1342 2593 15.
1366 2564 1406 2592 C:
1428 2564 1527 2599 operi.

211 2608 250 2635 ¹7·
272 2600 338 2628 BC:
360 2600 412 2628 sed
433 2616 467 2620 —
486 2601 641 2627 instruere
662 2604 758 2627 deest.
880 2599 920 2628 18.
944 2599 1012 2627 BC:
1035 2600 1117 2635 quod
1140 2601 1234 2628 deest.
1355 2607 1401 2626 20.
1423 2601 1468 2626 A:
1490 2598 1527 2625 ad

211 2636 453 2669 continenciam;
475 2634 513 2661 13:
529 2640 575 2663 etc
624 2643 661 2661 21.
679 2637 704 2662 A
719 2635 747 2662 in
765 2643 860 2670 marg.
875 2643 961 2670 supa
975 2635 1083 2663 Sermo
1098 2634 1197 2667 XVI.;
1213 2635 1251 2662 C:
1271 2635 1302 2661 In
1316 2634 1526 2667 Sexagesima.

210 2678 252 2697 22.
273 2671 301 2697 A
321 2670 350 2697 in
373 2678 470 2704 marg.
499 2678 584 2705 sup.:
617 2668 705 2697 Exiit
727 2670 780 2705 qui
803 2670 937 2698 seminat
968 2671 1049 2697 Luce
1069 2669 1151 2697 VllI.
1180 2670 1285 2697 Bonus
1312 2670 1474 2704 agric0(la)
1496 2668 1526 2694 in

210 2705 394 2732 seminando
417 2704 592 2732 considerat
611 2705 668 2732 tria
690 2704 802 2732 semini
824 2705 1024 2739 pertinencia,
1051 2705 1165 2732 scilicet
1190 2705 1379 2740 qualitatem,
1402 2703 1526 2739 quanti-

210 2745 301 2767 tatem
318 2744 346 2767 et
361 2740 534 2772 utilitatem,
552 2740 653 2774 primo
669 2739 706 2766 ad
723 2739 901 2774 eligendum
917 2740 1096 2775 qualitatem
1111 2747 1182 2767 cum
1199 2739 1252 2767 dili
1276 2740 1373 2773 encia,
1390 2739 1527 2766 secundo

209 2774 246 2802 ad
269 2774 494 2809 providendum
516 2774 717 2809 quantitatem
738 2781 809 2801 cum
841 2775 1072 2807 habundancia,
1104 2774 1199 2802 tercio
1230 2783 1245 2801 a
1299 2773 1523 2806 expectandum

208 2809 371 2847 utilitatem
391 2817 461 2837 cum
483 2809 650 2844 paciencia.
742 2809 788 2836 26.
810 2810 855 2836 A:
877 2809 1078 2842 discendarm
1100 2809 1140 2836 ib.
1166 2812 1208 2836 A:
1233 2809 1401 2836 iuvandum
1425 2813 1521 2835 mate-

207 2851 284 2871 riam
305 2844 348 2871 sic
369 2844 562 2878 parabolice3
599 2845 636 2870 15:
659 2844 854 2878 pabologice.
996 2845 1040 2871 28.
1063 2846 1106 2871 A:
1129 2844 1278 2871 auditori.
1405 2850 1452 2877 29.
1476 2844 1519 2869 A:

208 2887 289 2906 nunc
308 2879 386 2906 viva.
475 2879 514 2907 31.
538 2878 602 2905 BC:
623 2879 704 2906 enim
726 2881 820 2906 deest.
914 2877 957 2906 33.
980 2880 1023 2906 A:
1048 2883 1233 2913 vegetativa.
