2017 3353
201 246 335 275 sERMo
358 235 449 293 [vr]
706 247 845 278 PRIMA
876 246 1003 277 PARS.

201 365 238 392 et
261 356 481 391 secundum
506 353 771 402 proprietates
794 353 1014 388 secundum
1039 362 1137 398 quas
1162 348 1292 385 differt
1322 349 1519 395 quodam-

203 414 324 449 modo
368 426 391 449 a
435 425 474 449 se
519 412 617 460 ipsa.
657 413 762 447 Tota
810 418 943 446 autem
990 406 1202 457 generacio
1248 405 1421 442 hominis
1462 414 1519 441 est

202 483 280 507 una
314 483 497 519 persona.
533 471 619 516 Qua
654 468 784 517 logica
808 467 1004 516 scripture
1027 465 1236 514 supposita
1268 472 1379 512 patet
1412 464 1519 511 quod

203 531 423 566 humanum
469 541 592 576 genus
638 527 856 563 secundum
898 525 1101 562 racionem
1150 535 1227 571 qua
1271 521 1521 570 principatur

170 592 284 624 §tam
326 586 486 635 corpori
519 599 640 635 quam
680 583 811 621 sensui
851 585 970 620 habet
1010 582 1133 618 filiam
1173 590 1389 625 mortuam,
1431 592 1520 615 cum

114 639 188 699 Γξῗῇζ
205 658 314 682 mens
354 645 591 681 intrinsecus
629 643 669 679 in
708 641 839 691 pravis
880 639 1164 678 affeccionibus
1203 639 1252 674 sit
1291 634 1520 687 perversa}

114 690 294 740 lm'licet
341 716 422 740 non
470 703 663 751 procedat
710 700 750 736 in
803 701 1061 748 nephandum
1112 710 1212 745 opus
1258 695 1522 733 extrinsecum

206 763 265 808 (ut
299 770 407 810 patet
440 759 607 797 Matthei
639 761 727 807 VO).
762 760 810 794 Et
843 758 934 794 ideo
968 770 1058 794 cum
1093 756 1199 792 istud
1231 763 1442 803 peccatum
1475 753 1523 789 sit

204 819 327 856 levius
367 828 403 856 et
442 818 551 855 racio
596 816 818 866 potencior,
858 816 1062 864 signanter
1099 822 1267 850 vocatur
1313 820 1523 860 peccatum

152 878 295 928 1ofilia,
336 886 373 914 et
411 876 520 914 racio
552 875 664 913 vivax
703 875 743 911 in
783 874 945 911 homine
973 874 1157 923 princeps
1190 884 1298 907 unus.
1334 871 1411 907 Sed
1452 871 1524 906 hec

206 936 287 972 filia
319 944 478 972 mortua
501 934 603 971 infra
634 935 813 979 domum,
847 932 950 968 filius
977 931 1094 968 vidue
1124 939 1181 967 est
1211 938 1394 966 mortuus
1417 936 1525 964 extra

205 1003 361 1043 partem
394 997 451 1039 (ut
489 1001 652 1029 notatur
689 1004 874 1028 sermone
921 991 1131 1037 XLV1110).
1168 987 1357 1035 Princeps
1391 995 1525 1023 autem

206 1052 278 1089 iste
312 1061 368 1088 est
399 1051 511 1088 vivax
551 1051 591 1087 in
633 1050 710 1087 fide
749 1051 869 1098 quod,
910 1049 945 1085 si
979 1048 1158 1084 Clu-istus
1191 1049 1296 1082 Deus
1336 1054 1372 1081 et
1406 1045 1528 1081 homo

206 1112 377 1161 imponat
409 1122 557 1155 manus,
595 1110 672 1145 hoc
705 1117 774 1153 est,
808 1106 1036 1156 potenciam
1076 1103 1283 1153 operandi,
1318 1103 1528 1151 purgando

154 1168 439 1205 15interiorem
484 1167 688 1204 hominem
735 1165 870 1202 statim
924 1165 1033 1201 vivet.
1085 1166 1196 1199 Jesus
1251 1170 1384 1198 autem
1437 1173 1526 1197 cum

207 1226 413 1274 discipulis
459 1226 538 1262 suis
584 1238 742 1273 semper
789 1236 959 1272 operans
1005 1224 1055 1259 ad
1102 1220 1317 1257 utilitatem
1364 1218 1528 1255 ecclesie

210 1285 369 1322 interim
404 1293 517 1321 sanat
552 1284 701 1320 fluxum
735 1281 939 1330 sanguinis
973 1280 1143 1317 aliarum
1169 1290 1432 1327 personarum
1459 1278 1529 1312 hu-

209 1343 316 1380 mani
348 1342 515 1391 generis⁷
561 1354 636 1390 que
672 1340 884 1377 duodecim
918 1338 1044 1384 annis,
1085 1339 1161 1374 hoc
1194 1346 1264 1382 est,
1308 1336 1527 1372 secundum

208 1410 331 1438 etates
364 1401 482 1437 falsas
516 1413 606 1437 cum
641 1399 802 1436 diabolo
836 1397 1073 1446 duplicatas,
1108 1394 1262 1444 peccati
1295 1393 1529 1441 sanguinem

153 1460 456 1496 zoeffiuxerunt.
496 1461 597 1495 Nam
632 1458 791 1494 Psalmo
826 1459 890 1502 LO⁷
931 1457 976 1492 16
1012 1453 1174 1491 dicitur:
1221 1452 1361 1488 Libera
1395 1464 1454 1487 me
1487 1451 1532 1487 de

208 1517 460 1568 sanguinibus
489 1518 608 1561 Deus,
639 1516 747 1552 Deus
769 1515 905 1551 salutis
928 1526 1018 1550 mee.
1044 1514 1136 1549 Ideo
1161 1510 1336 1560 quelibet
1359 1522 1531 1558 persona

209 1575 364 1624 generis
405 1574 570 1611 humani
610 1582 826 1622 aggregata
865 1580 1024 1609 assueta
1063 1578 1276 1619 peccatum
1310 1568 1350 1604 in
1390 1576 1523 1604 actum

210 1636 434 1683 producere
467 1642 524 1669 est
563 1633 702 1668 mulier
734 1631 895 1680 paciens
928 1631 1077 1666 fluxum
1111 1626 1325 1676 sanguinis.
1372 1628 1419 1662 Et
1459 1627 1530 1661 hec

214 1692 357 1728 mulier
396 1691 436 1727 in
475 1690 654 1739 personis
688 1699 813 1726 status
846 1688 975 1725 infimi
1009 1687 1202 1735 inspirata
1241 1694 1284 1721 ut
1323 1683 1531 1732 resipiscat

156 1754 234 1788 25a
268 1749 446 1794 crimine,
471 1758 678 1797 tamquam
713 1757 901 1796 reputans
935 1759 974 1783 se
1006 1745 1211 1793 indignam
1235 1744 1394 1779 accessit
1426 1749 1531 1778 retro

213 1816 248 1845 et
281 1808 407 1858 tetigit
423 1808 626 1858 fimbriam
659 1806 872 1843 vestimenti
904 1804 1060 1840 Christi.
1098 1806 1173 1839 Pro
1205 1815 1283 1850 quo
1307 1801 1529 1837 notandum

214 1868 321 1915 quod
367 1865 649 1902 vestimentum
697 1864 845 1901 Christi
890 1872 947 1899 est
997 1871 1081 1898 tota
1126 1873 1298 1909 persona
1342 1859 1532 1895 salvanda

214 1938 335 1974 quam
375 1924 556 1960 Christus
595 1922 744 1965 induit;
786 1921 897 1958 cuius
936 1933 1104 1969 persone
1144 1918 1222 1956 alia
1260 1931 1352 1966 pars
1398 1925 1455 1953 est
1494 1915 1533 1951 in

215 1982 407 2031 dignitate
452 1990 577 2018 status
630 1980 813 2029 superior
864 1989 900 2016 et
955 1978 1032 2015 alia
1077 1977 1241 2014 inferior
1285 1976 1392 2011 iuxta
1436 1974 1531 2010 illud

159 2044 199 2076 30
215 2040 362 2078 Psalmi
387 2041 594 2086 CXXXHO,
633 2053 670 2076 1:
701 2040 802 2075 Ecce
825 2050 936 2087 quam
961 2038 1098 2073 bonum
1129 2043 1164 2071 et
1193 2047 1304 2084 quam
1329 2033 1532 2069 iocundum

215 2100 391 2135 habitare
407 2099 567 2147 fratres
594 2098 630 2134 in
672 2110 801 2143 unum,
836 2097 932 2133 sicut
965 2102 1173 2145 ungentum
1207 2093 1242 2129 in
1278 2092 1400 2141 capite
1434 2090 1536 2139 quod

217 2157 411 2194 descendit
456 2157 491 2192 in
526 2157 701 2202 barbam,
745 2155 903 2191 barbam
939 2154 1084 2197 Aaron,
1118 2152 1219 2201 quod
1263 2149 1455 2186 descendit
1499 2148 1534 2183 in

218 2216 355 2252 horam
389 2215 603 2251 vestimenti
632 2215 722 2250 eius.
752 2211 900 2250 Christi
924 2211 1027 2248 enim
1054 2209 1283 2246 humanitas
1307 2216 1364 2244 est
1386 2208 1534 2251 Aaron,

218 2286 338 2321 super
387 2273 499 2309 cuius
550 2282 669 2321 caput
701 2272 835 2308 oleum
875 2269 1007 2319 gracie
1045 2281 1115 2317 pre
1154 2267 1233 2303 suis
1273 2264 1536 2315 participibus

163 2335 202 2367 ‘35
220 2341 277 2368 est
307 2330 514 2371 diffusum:
544 2332 591 2367 de
617 2330 729 2367 cuius
759 2327 1007 2378 plenitudine
1031 2339 1170 2363 omnes
1196 2323 1402 2362 christiani
1433 2321 1535 2360 acci-

220 2389 346 2437 piunt,
380 2388 512 2437 primo
546 2390 670 2425 barba
709 2387 893 2436 superior
931 2395 973 2422 ut
1011 2384 1167 2434 prelati,
1202 2384 1378 2421 secundo
1413 2382 1535 2418 barba

220 2447 384 2483 inferior
412 2456 454 2483 ut
483 2447 726 2494 temporales
753 2445 919 2491 domini,
951 2453 987 2481 et
1016 2443 1141 2480 tercio
1170 2442 1386 2491 populares
1410 2439 1535 2475 eciam

220 2518 345 2554 usque
395 2506 445 2542 ad
493 2504 784 2542 abiectissimos
834 2516 910 2552 que
959 2511 1049 2539 sunt
1097 2500 1255 2538 fimbria
1297 2495 1535 2535 vestimenti.

290 2647 316 2666 2.
338 2640 365 2666 A
387 2639 415 2666 in
438 2647 550 2673 marga
572 2637 652 2666 Tota
673 2637 831 2672 generacio
852 2636 987 2663 hominis
1007 2640 1052 2662 est
1072 2643 1131 2662 una
1153 2641 1293 2669 persona.
1403 2631 1427 2663 5,
1450 2629 1477 2658 6.
1499 2630 1536 2658 13:

224 2682 292 2701 cum
316 2682 410 2700 mors.
501 2682 530 2705 0.
552 2673 591 2700 C:
614 2678 642 2700 et
661 2671 903 2706 compotcucior.
1010 2679 1042 2697 11.
1065 2671 1086 2697 Β
1108 2670 1136 2696 iu
1160 2677 1273 2702 marg:
1295 2667 1371 2694 Filia
1392 2666 1421 2693 in
1444 2666 1538 2693 domo

224 2713 354 2746 mortua.
372 2706 529 2743 peccatum
546 2709 641 2735 latens
658 2708 687 2734 in
704 2706 805 2733 corde.
827 2706 918 2733 Racio
935 2710 1024 2732 recta.
1047 2705 1192 2738 Princeps
1209 2707 1326 2739 potens.
1385 2710 1425 2730 ιο,
1443 2709 1476 2728 11.
1493 2701 1536 2727 A:

223 2743 278 2770 hec
299 2744 368 2770 siha.
444 2752 476 2770 11.
499 2743 538 2770 B:
561 2743 612 2769 sed
635 2742 723 2769 filius.
799 2748 836 2768 12.
852 2739 918 2767 BC:
942 2748 1082 2766 sermonc-
1104 2739 1137 2766 1..
1213 2741 1253 2764 ιο.
1270 2736 1336 2764 BC:
1359 2736 1423 2763 suis
1444 2735 1536 2762 deest.

224 2786 262 2805 21.
285 2778 306 2804 B
327 2778 356 2804 iu
379 2786 491 2812 marg:
515 2777 624 2804 Mulier
644 2777 759 2804 fluxum
782 2775 940 2810 sanguinis
962 2775 1085 2809 paciens
1106 2773 1178 2809 quid
1202 2772 1310 2807 signat.
1390 2770 1436 2798 26.
1460 2771 1487 2797 A
1508 2770 1537 2796 in

225 2821 337 2847 marga
358 2812 595 2839 Vestimentum.
695 2810 738 2838 32.
767 2811 788 2837 B
816 2811 845 2837 in
873 2818 984 2843 marg:
1017 2809 1114 2835 Barba
1141 2809 1245 2834 Aaron
1276 2806 1348 2841 quid
1379 2805 1537 2840 significat.

224 2847 266 2875 3ζὶ.
288 2850 332 2874 A:
364 2848 488 2874 horam:
519 2847 547 2873 id
578 2851 623 2874 est
651 2854 748 2873 oram.
856 2844 902 2878 34.
930 2844 995 2871 BC:
1029 2843 1182 2878 prescius:
1213 2842 1252 2868 ib.
1282 2842 1327 2868 A:
1360 2839 1537 2879 particibus.

225 2882 270 2909 36.
289 2884 330 2909 A:
354 2881 448 2916 prius.
488 2880 530 2915 [37.
548 2882 573 2908 A
595 2881 624 2908 in
647 2889 759 2913 marg:
782 2879 875 2906 barba
896 2879 1018 2912 duplex:
1058 2877 1100 2904 ΓΝ.
1119 2877 1183 2904 l5C:
1207 2875 1451 2902 subiectiss‘lmos
1467 2882 1537 2908 quo.

1732 232 1807 278 367

1555 447 1559 451 ⁴
1598 412 1741 450 Mystical·

1555 451 1786 481 mterprctatlon

1546 482 1580 508 οῖ’
1597 481 1645 508 the
1667 481 1798 516 history.

1580 1505 1647 1533 The
1667 1513 1793 1532 woman

1565 1541 1636 1567 with
1658 1540 1707 1567 the
1727 1540 1810 1567 issue

1603 1575 1638 1602 of
1656 1575 1761 1602 blood.
