2017 3353
279 1808 358 1836 Two
371 1808 511 1835 miracles
523 1809 553 1833 ot

300 1843 535 1878 multiplication

333 1878 367 1905 of
385 1878 498 1904 lomes.

859 308 1084 340 JOHANNIS
1106 309 1289 341 wchr
1308 309 1565 342 SERMONUM
1614 297 1766 353 [SERMO
1787 306 1879 334 1⁴v11.

559 423 699 461 peccat
734 413 970 459 mortaliter,
1011 413 1237 462 specialiter
1271 428 1360 451 cum
1395 417 1500 451 Deus
1539 428 1619 451 non
1658 424 1788 463 potest
1827 415 1880 451 vi-

561 470 693 508 cissim
733 484 976 520 quemquam
1022 472 1110 520 plus
1155 474 1215 509 vel
1263 473 1391 510 minus
1431 473 1594 521 diligere
1640 483 1676 510 et
1722 472 1881 510 habicio

560 529 660 566 tanti
690 529 839 566 amoris
869 529 990 566 divini
1022 543 1140 579 quem
1170 531 1465 579 predestinatus
1489 531 1651 568 habebit
1681 531 1721 567 in
1751 531 1882 579 patria

561 587 732 624 excludit
766 597 977 635 peccatum
1010 589 1192 626 mortale.
1227 591 1275 625 Et
1308 589 1348 626 in
1381 589 1736 626 confirmacionem
1769 589 1881 625 istius

561 646 743 683 Christus
777 659 956 682 summus
994 646 1146 695 logicus
1186 647 1281 684 dicit
1319 647 1567 696 simpliciter,
1609 649 1717 696 quod
1750 648 1882 697 puella

562 717 634 740 non
680 712 733 740 est
781 712 933 740 mortua
978 706 1046 741 sed
1091 706 1245 745 dormit.
1292 707 1369 742 Sed
1418 708 1466 743 de
1510 715 1676 755 peccato
1723 705 1881 741 mortali

563 762 790 810 expeditum
824 772 881 799 est
919 762 1013 798 alibi
1053 765 1259 811 quomodo
1297 774 1507 812 peccatum
1548 763 1677 800 finalis
1716 763 1883 811 impeni-

562 820 689 856 tencie
706 829 762 857 est
780 821 948 857 mortale
965 820 1212 869 simpliciter.
1234 823 1325 858 Ideo
1342 822 1523 859 Christus
1547 824 1597 858 ad
1619 822 1881 869 detegendum

562 878 680 914 istam
721 878 1073 927 equivocacionem
1115 879 1210 916 dicit
1255 882 1362 928 quod
1408 882 1479 917 hec
1523 881 1656 929 puella
1700 893 1780 915 non
1827 888 1883 915 est

564 945 735 982 mortua,
761 936 862 973 sicut
890 936 931 973 in
958 937 1202 985 Apocalypsi
1232 937 1377 974 dicitur
1417 940 1525 988 quod
1557 938 1656 974 nulli
1692 937 1884 986 predesti-

562 994 644 1030 nati
684 995 872 1031 leduntur
911 1008 932 1032 a
973 1005 1101 1032 morte
1145 997 1332 1042 secunda,
1379 1005 1415 1033 et
1458 1006 1593 1033 tamen
1633 997 1692 1043 (ut
1735 995 1884 1031 instant

563 1052 757 1101 sophiste)
812 1053 987 1102 quelibet
1034 1067 1141 1090 mors
1188 1063 1244 1090 est
1293 1067 1401 1091 mors
1445 1056 1620 1091 secunda
1664 1054 1704 1090 in
1749 1053 1884 1101 aliquo

563 1110 703 1147 ordine
735 1111 891 1148 numeri
931 1113 999 1148 sed
1033 1125 1115 1148 non
1148 1125 1254 1148 mors
1287 1121 1377 1160 post
1419 1125 1539 1162 quam
1572 1124 1653 1148 non
1685 1111 1758 1148 erit
1790 1111 1884 1148 vivi-

565 1168 705 1205 ficacio
751 1170 820 1205 sed
866 1169 1101 1218 simpliciter
1144 1169 1222 1206 vite
1274 1170 1480 1207 extinccio.
1527 1172 1699 1207 Mortem
1751 1179 1884 1206 autem

564 1226 737 1275 primam
769 1237 885 1264 vocat
920 1227 1101 1264 Christus
1139 1241 1220 1264 non
1260 1239 1431 1265 mortem
1470 1230 1539 1265 sed
1579 1227 1883 1273 dormicionem‚

565 1294 601 1320 et
657 1286 783 1322 multo
842 1286 965 1334 magis
1018 1296 1075 1323 est
1125 1286 1322 1322 dormicio
1381 1288 1683 1335 quodammodo
1738 1285 1884 1321 mortui

564 1342 764 1391 posterius
796 1345 845 1380 ad
880 1343 1169 1381 beatitudinem
1203 1344 1434 1382 suscitandi.
1470 1347 1518 1381 Et
1556 1344 1673 1381 istam
1712 1343 1884 1392 logicam

565 1401 762 1449 scripture
795 1410 930 1438 tenent
966 1402 1102 1439 fideles
1136 1401 1253 1439 istam
1297 1403 1532 1439 tradicionis
1573 1401 1883 1451 repugnanciam

566 1460 820 1497 detestantes.

1051 1586 1245 1626 SERMO
1281 1586 1404 1627 LVII.

631 1691 725 1727 Cum
758 1691 995 1727 sublevasset
1026 1692 1157 1728 oculos
1177 1692 1288 1728 Jesus
1319 1700 1354 1728 et
1387 1692 1542 1728 vidisset
1574 1692 1660 1741 quia
1684 1692 1887 1727 multitudo

569 1762 712 1799 magna
748 1750 846 1786 venit
877 1750 930 1785 ad
961 1762 1059 1796 eum,
1101 1750 1201 1786 dixit
1238 1751 1290 1786 ad
1322 1750 1555 1799 Philippum.
1601 1750 1687 1786 Joh.
1721 1751 1807 1794 V10‚
1852 1750 1885 1785 5.

627 1809 775 1844 Notata
809 1806 978 1843 historia
1011 1807 1127 1844 huius
1164 1808 1358 1856 evangelii
1392 1820 1482 1844 cum
1516 1807 1604 1844 aliis
1637 1816 1747 1856 patet
1779 1808 1886 1855 quod

571 1865 752 1902 Christus
786 1865 936 1914 duplici
969 1865 1053 1902 vice
1088 1865 1326 1902 miraculose
1372 1865 1464 1902 fecit
1504 1866 1715 1914 corporale
1755 1864 1888 1901 convi-

569 1923 692 1969 vium,
738 1923 888 1960 scilicet
921 1923 1027 1959 istud
1067 1925 1114 1960 de
1159 1937 1239 1972 quo
1284 1924 1532 1972 evangelium
1578 1923 1816 1960 hodiernum
1852 1932 1888 1959 et

572 1981 681 2018 aliud
715 1981 753 2017 in
778 1994 857 2030 quo
891 1990 1004 2018 erant
1028 1991 1181 2030 septem
1206 1994 1329 2030 panes
1363 1991 1399 2018 et
1422 1981 1603 2030 pisciculi
1628 1981 1758 2030 pauci,
1793 1993 1889 2030 qua-

572 2049 663 2076 tuor
708 2039 833 2076 millia
872 2039 1082 2076 hominum
1122 2040 1285 2086 saciata,
1332 2049 1369 2076 et
1412 2040 1690 2088 superfuerant
1735 2048 1887 2088 septem

572 2106 719 2145 sporte‚
754 2099 802 2134 de
834 2097 978 2146 quibus
1011 2099 1204 2135 Sermone
1227 2099 1346 2143 XX10‚
1381 2107 1418 2134 et
1450 2107 1559 2146 patet
1590 2097 1714 2134 Marci
1747 2099 1818 2134 V10
1853 2105 1889 2133 et

572 2157 680 2191 V1110
705 2155 903 2204 capitulis,
937 2155 977 2192 in
1011 2155 1154 2204 quibus
1195 2156 1466 2192 indifferenter
1499 2165 1536 2191 et
1568 2155 1768 2203 superflue
1799 2168 1889 2192 nar-

576 2222 701 2250 rasset
734 2222 817 2250 tam
850 2213 958 2250 varie
991 2214 1066 2250 ista
1101 2215 1180 2250 duo
1214 2223 1294 2250 tam
1332 2213 1573 2250 miraculosa
1607 2213 1789 2250 convivia
1814 2212 1888 2249 nisi

575 2271 704 2307 forent
737 2271 938 2308 distincta.
973 2274 1053 2308 Nec
1087 2271 1252 2308 dubium
1287 2271 1383 2319 quin
1416 2271 1597 2307 Christus
1636 2284 1717 2307 non
1756 2280 1891 2307 tamen

574 2328 682 2365 varie
716 2329 944 2366 suscitasset
977 2338 1054 2366 tres
1089 2339 1268 2366 mortuos
1302 2338 1338 2365 et
1370 2329 1525 2365 fecisset
1557 2329 1631 2365 ista
1665 2331 1744 2365 duo
1774 2329 1892 2365 mira-

577 2387 678 2432 cula,
712 2386 786 2422 nisi
818 2387 1076 2435 superfuisset
1109 2387 1217 2424 racio
1256 2389 1499 2433 annotanda,
1546 2399 1615 2423 cur
1659 2396 1741 2423 tam
1785 2386 1892 2423 varie

577 2443 631 2481 ita
664 2444 767 2480 fecit.
802 2444 1019 2493 Supposita
1052 2458 1145 2493 ergo
1186 2444 1347 2481 racione
1386 2446 1433 2481 de
1466 2444 1730 2481 suscitacione
1769 2444 1889 2480 trium

579 2510 831 2538 mortuorum
886 2503 981 2551 (que
1033 2503 1209 2550 tangitur
1253 2504 1446 2539 Sermone
1490 2504 1672 2548 XLVIII),
1736 2502 1891 2538 videtur

578 2560 786 2608 probabile
819 2562 926 2608 quod
959 2560 1068 2597 racio
1091 2560 1206 2597 huius
1230 2561 1400 2608 duplicis
1423 2560 1638 2597 elemosine
1661 2560 1709 2596 sit
1732 2559 1891 2596 infamis

650 2691 675 2710 2.
699 2682 762 2719 EC:
784 2683 953 2718 quidquam
976 2684 1056 2717 plus.
1153 2684 1179 2710 8.
1202 2685 1245 2711 A:
1268 2684 1304 2710 Et
1326 2684 1403 2710 ideo,
1502 2684 1540 2710 18.
1562 2683 1602 2709 C:
1624 2683 1890 2709 contradiccionis.

582 2725 627 2755 zo.
645 2717 710 2744 BC:
733 2717 895 2744 Dominica
910 2718 1012 2755 XXX&-
1034 2717 1073 2745 C:
1097 2723 1165 2763 post
1180 2717 1351 2745 Trinitatis.
1391 2726 1434 2745 22.
1450 2719 1493 2744 A:
1514 2717 1581 2744 Joh.
1598 2716 1696 2747 XVI.:
1718 2717 1756 2744 ib.
1773 2716 1889 2744 Codd.:

583 2752 664 2778 d1cit.
750 2761 796 2786 24.
819 2752 884 2779 BC:
906 2752 986 2779 faclt.
1073 2754 1117 2779 ..8.
1141 2754 1176 2780 B:
1201 2757 1304 2787 porte-5
1334 2753 1373 2779 ib.
1395 2754 1438 2779 A:
1462 2760 1602 2779 sermone
1622 2751 1696 2783 VII:
1728 2752 1766 2778 ib.
1789 2752 1831 2778 A:
1854 2751 1889 2777 ad

584 2791 680 2829 patet:
703 2787 740 2814 B:
762 2791 790 2814 et
810 2791 928 2825 patent3
958 2787 998 2814 ib.
1019 2788 1062 2814 A:
1086 2787 1179 2815 Marci
1200 2788 1265 2815 VH.
1322 2796 1369 2823 29.
1392 2788 1435 2814 A:
1457 2787 1486 2813 in
1508 2795 1579 2822 quo.
1635 2785 1673 2813 31.
1695 2787 1738 2813 A:
1760 2786 1890 2812 suerunt.

582 2822 628 2854 2⁸4.
651 2821 715 2848 BC:
738 2822 786 2849 illa
807 2822 886 2848 tecit.
959 2820 1001 2849 35.
1025 2821 1090 2849 BC:
1112 2822 1145 2849 L.

655 2892 706 2912 20.
734 2881 786 2914 Cf.
804 2881 964 2924 Wyclif's
991 2883 1159 2914 Sermons
1198 2883 1252 2914 ed.
1279 2881 1323 2924 by
1351 2881 1480 2914 Arnold
1510 2881 1532 2920 1,
1558 2879 1613 2913 62.
1717 2880 1769 2911 28.
1797 2880 1886 2911 Vide

584 2937 698 2970 supra,
724 2938 802 2970 pag.
837 2939 908 2969 ¹40·

1907 951 1942 972 10

1906 1230 1942 1262 15

1905 1926 1945 1958 23

1907 2218 1948 2250 30

1907 2507 1946 2540 35
