2017 3353
239 237 373 266 SERMO
394 228 466 282 XL]
757 239 897 271 PRIMA
918 239 1046 271 PARS.
1784 227 1834 281 75

239 347 409 396 liquoris
454 345 732 382 fortitudinem
778 355 815 381 et
856 344 952 381 fiant
996 344 1109 392 ebrii,
1155 344 1299 380 deinde
1333 355 1548 392 postquam

239 407 430 442 obtusum
465 403 582 440 fuerit
615 415 753 440 sensus
786 402 996 447 iudicium,
1032 412 1243 449 apponunt
1267 402 1405 438 vinum
1441 404 1549 439 dete-

241 463 333 500 rius.
397 465 438 499 In
483 461 552 498 illo
599 471 733 498 autern
767 460 951 497 convivio
986 460 1106 496 fiebat
1139 472 1182 497 ex
1215 459 1422 497 fertilitate
1457 473 1551 496 con-

239 521 332 558 vivii
366 533 385 557 e
418 532 626 558 converso.
690 521 777 556 Hoc
823 531 917 567 ergo
962 527 1048 555 erat
1084 518 1235 554 inicium
1270 519 1549 555 miraculorum

208 582 317 628 5que
341 578 434 615 fecit
468 577 669 623 dominus,
705 586 742 613 et
773 576 829 614 sic
863 585 943 614 tam
979 577 1186 624 apostolos
1219 589 1342 625 quarn
1377 576 1478 613 alios
1511 576 1551 612 in

242 637 318 674 fide
351 635 518 674 ecclesie
552 635 773 672 roboravit.

298 694 414 732 Circa
466 695 543 730 hoc
588 693 838 741 evangelium
893 692 1102 729 dubitatur
1146 705 1168 729 a
1213 692 1468 729 naturalibus
1514 702 1551 729 et
1568 699 1647 726 llow
1673 700 1722 726 the
1745 704 1838 738 water

240 753 380 802 logicis
424 752 634 801 quomodo
681 764 786 799 aqua
819 750 904 787 fieri
950 759 1087 798 posset
1129 750 1280 797 vinum,
1328 763 1419 786 cum
1473 750 1551 786 sint
1587 736 1710 762 became
1731 742 1820 762 wme.

241 823 414 859 corpora
448 810 671 858 disparium
696 809 921 857 specierum
947 817 985 845 et
1008 817 1171 856 oportet
1194 821 1319 845 unum
1344 808 1552 856 corrumpi

189 882 227 904 10
242 872 291 908 ad
314 868 624 918 generacionem
649 867 832 905 alterius.
866 867 944 904 Sed
967 867 1283 915 supponendum
1309 876 1366 903 est
1389 875 1432 902 ut
1456 866 1552 903 fides

242 929 352 978 quod
398 936 542 964 auctor
584 935 728 963 nature
773 925 812 961 in
855 925 985 961 verbis
1031 925 1149 961 istius
1194 924 1380 961 miraculi
1414 924 1554 961 docuit

242 985 548 1035 profundiorem
603 983 906 1032 philosophiam
956 995 1079 1032 quam
1125 992 1235 1019 secta
1287 982 1554 1030 peripatetica

243 1044 487 1092 attingebat3
539 1042 686 1079 veritas
722 1042 886 1091 quidem
921 1049 979 1078 est
1012 1042 1122 1090 quod
1155 1053 1395 1089 quecunque
1428 1049 1554 1077 mate-

244 1102 353 1140 rialis
387 1100 567 1138 essencia
599 1109 733 1148 potest
765 1112 836 1148 per
867 1108 1077 1137 auctorem
1110 1108 1253 1136 nature
1286 1099 1371 1136 fieri
1405 1098 1554 1148 qualis-

190 1165 225 1198 15
242 1172 434 1209 cumque3
489 1167 526 1196 et
567 1158 624 1195 sic
658 1158 697 1194 in
731 1158 993 1195 fundamento
1026 1157 1229 1194 materiali
1261 1170 1343 1194 non
1377 1166 1435 1194 est
1467 1170 1554 1204 spe-

242 1220 394 1256 cierum
428 1216 654 1254 distinccio.
689 1218 879 1253 Formam
914 1225 1049 1253 autern
1080 1215 1395 1253 substancialern
1420 1225 1555 1263 potest

243 1287 324 1314 tam
357 1286 504 1313 natura
536 1288 659 1324 quam
694 1283 840 1311 auctor
871 1284 1015 1312 nature
1043 1282 1086 1311 ut
1110 1273 1185 1310 sibi
1210 1273 1342 1321 placet
1366 1273 1556 1310 inducere

243 1345 280 1372 et
315 1335 369 1371 sic
404 1334 443 1370 in
477 1333 689 1370 locucione
723 1332 909 1381 sequenti
943 1341 1001 1369 est
1034 1332 1178 1380 duplex
1211 1331 1354 1380 logica,
1392 1340 1435 1367 ut
1467 1331 1556 1367 Pla-

244 1393 369 1431 tonici
403 1391 706 1429 considerantes
752 1390 990 1439 profundius
1038 1389 1290 1427 materialem
1331 1389 1555 1426 essenciam
1572 1383 1788 1422 Platonistst'o
1811 1395 1845 1421 be

186 1466 228 1488 20
243 1462 451 1499 tamquam
475 1450 596 1487 talem
629 1450 855 1486 concedunt
877 1457 1023 1486 terram
1059 1448 1143 1485 fore
1166 1460 1313 1497 aquam
1349 1458 1385 1485 et
1409 1460 1558 1496 corpus
1596 1430 1822 1493 ᾟῖξῑῗῖεῆῗὲῃζῗ)

243 1510 522 1556 cuiuscunque
554 1507 702 1555 speciei
736 1519 853 1555 posse
886 1507 971 1544 fieri
1004 1507 1321 1556 qualecumque3
1360 1506 1557 1542 Aristote-

243 1568 309 1604 lici
344 1580 438 1604 vero
470 1576 660 1615 negantes
696 1565 908 1602 materiam
945 1565 1118 1613 primam
1153 1565 1300 1601 habere
1324 1577 1473 1601 nomen
1497 1563 1557 1600 vel

244 1624 566 1663 intelleccionem
600 1623 830 1660 substancie
864 1623 1095 1672 intelligunt
1128 1635 1431 1672 quamcumque
1465 1623 1557 1658 sub-

245 1684 439 1721 stanciam
474 1683 514 1719 in
548 1694 665 1718 sensu
699 1681 907 1733 opposito,
940 1691 982 1718 ut
1017 1681 1116 1718 dicit
1141 1681 1392 1718 materialem
1426 1692 1558 1717 essen-

189 1746 228 1779 25
246 1742 348 1779 ciam
382 1741 519 1778 taliter
552 1740 832 1786 informatam;
886 1748 923 1776 et
967 1739 1023 1776 sic
1066 1748 1213 1787 negant
1259 1751 1406 1786 aquam
1442 1751 1558 1787 posse

247 1800 332 1836 fieri
366 1799 499 1835 vinum
534 1798 593 1834 vel
638 1811 764 1834 unum
801 1810 949 1845 corpus
985 1807 1124 1845 posset
1157 1797 1242 1833 fieri
1276 1810 1423 1844 corpus
1457 1797 1556 1833 alte-

248 1858 330 1894 rius
364 1856 527 1905 speciei.
563 1857 664 1892 Cum
698 1864 831 1892 autem
879 1856 919 1892 in
952 1855 1155 1903 scriptura
1189 1867 1304 1892 sacra
1336 1856 1557 1891 secundum

247 1915 517 1964 Augustinum
566 1914 616 1950 sit
662 1913 794 1950 omnis
833 1913 993 1960 veritas,
1048 1913 1136 1961 ipsa
1181 1913 1380 1961 scriptura
1413 1912 1558 1950 alludit

248 1986 340 2022 sepe
376 1973 535 2022 utrique
568 1972 770 2009 sentencie
804 1980 841 2008 et
875 1973 1063 2020 detegens
1097 1971 1456 2020 equivocacionem
1484 1983 1560 2018 que

189 2038 232 2070 30
249 2032 466 2081 plurimum
503 2039 581 2068 stat
615 2029 654 2066 in
687 2029 817 2066 verbis
858 2029 1043 2067 concedit
1080 2038 1310 2077 utrumque.
1374 2032 1422 2066 Et
1468 2042 1559 2077 pro-

249 2091 392 2127 fundus
437 2088 701 2138 philosophus
744 2089 944 2125 Jo'nannes
990 2101 1033 2125 ex
1078 2087 1186 2125 dictu
1233 2087 1399 2136 spiritus
1432 2087 1560 2124 sancti

248 2149 446 2197 approbat
468 2160 629 2184 sensum
653 2146 923 2193 Platonicum,
958 2146 1053 2194 quia
1075 2148 1134 2194 (ut
1158 2146 1276 2183 refert
1297 2143 1561 2196 Augustinus)

250 2206 400 2243 invenit
435 2206 473 2242 in
507 2205 620 2242 libris
654 2204 835 2241 Platonis
868 2214 999 2242 totam
1033 2204 1279 2241 sentenciam
1305 2205 1442 2241 decem
1468 2217 1560 2251 pro-

249 2264 507 2313 posicionum
541 2262 878 2310 theologicarum,
916 2276 1016 2311 quas
1048 2263 1251 2299 Johannes
1285 2262 1324 2298 in
1358 2262 1560 2310 principio

192 2327 231 2360 35
249 2323 310 2359 sui
344 2322 539 2371 evangelii
574 2321 766 2358 inculcat:
810 2323 852 2357 In
879 2322 1072 2370 principio
1116 2328 1201 2357 erat
1240 2322 1410 2357 verbum.
1467 2321 1559 2356 Ideo

249 2394 329 2418 non
365 2381 511 2417 mirum
546 2380 576 2416 si
611 2393 701 2416 cum
741 2380 909 2416 Platone
940 2388 1148 2428 tamquam
1183 2377 1439 2427 profundiori
1474 2378 1561 2426 phi-

319 2491 432 2520 ‹3.13C:
464 2492 591 2519 ecclesie
621 2491 715 2518 deest.
842 2499 867 2525 7.
892 2493 921 2518 A
951 2492 980 2518 in
1005 2499 1122 2526 marg:
1152 2491 1305 2522 Dubium:
1339 2490 1360 2517 B
1390 2491 1421 2517 in
1444 2497 1560 2523 marg.:

251 2527 394 2561 Questio.
418 2535 444 2561 7,
462 2526 488 2554 S.
510 2526 534 2554 C
549 2532 576 2553 et
591 2534 607 2552 a
622 2525 741 2559 logicis.
843 2533 875 2552 11.
898 2526 925 2552 A
941 2526 970 2552 in
987 2534 1100 2560 marga
1122 2525 1314 2561 Responsio;
1336 2525 1375 2552 ib.
1400 2524 1439 2552 C:
1461 2525 1562 2551 verbis

250 2562 336 2593 istis:
360 2561 400 2588 1²:
422 2563 487 2589 istis
509 2561 654 2588 correxit:
676 2560 774 2587 istius.
874 2568 910 2587 12.
933 2560 1000 2588 fflje
1035 2560 1139 2596 Quam
1161 2568 1242 2588 ceca.
1325 2567 1370 2587 ρο.
1392 2562 1440 2587 A:
1470 2560 1559 2586 talem

251 2597 345 2624 deest.
437 2605 475 2624 21.
498 2598 525 2623 Α
546 2596 575 2622 in
599 2603 711 2628 marg:
735 2604 844 2622 sensus
866 2595 1120 2630 philosophicus3
1155 2595 1175 2622 Β
1196 2595 1225 2622 ἰη
1248 2602 1364 2629 marga
1393 2595 1561 2629 Quomodo

251 2639 329 2659 terra
350 2632 530 2659 conceditur
551 2638 619 2657 esse
640 2638 728 2665 aqua.
803 2638 849 2663 24.
874 2629 938 2658 BC:
960 2631 1148 2666 composito.
1230 2629 1273 2658 30.
1298 2630 1366 2657 BC:
1388 2635 1561 2663 utramque.

250 2668 295 2695 36.
318 2668 362 2693 A:
385 2665 601 2702 profundiore.

321 2760 372 2793 28.
400 2760 594 2802 Augustini,
621 2760 661 2792 ΙΙ.
690 2760 740 2791 De
761 2759 925 2792 Doctrina
945 2759 1141 2792 Christiana
1168 2770 1241 2803 cap.
1261 2760 1365 2791 XLll.
1395 2759 1486 2801 Opp.
1508 2758 1560 2798 ΙΙΙ,

254 2818 292 2885 13}>
305 2806 547 2885 4aejghcf.10pp.
567 2807 607 2848 ΙΙ,
629 2806 704 2849 395,
735 2807 796 2849 Ep.
815 2807 856 2838 ad
877 2807 955 2838 Vol.
1021 2807 1074 2839 32.
1102 2806 1154 2838 Cf.
1174 2808 1260 2849 Aug.
1281 2806 1374 2848 Opp.
1394 2805 1466 2845 Vll⁷
1487 2813 1560 2846 199.

298 2877 305 2886 .
400 2878 407 2885 .
451 2878 460 2893 ,
508 2876 517 2885 .
