2017 3353
239 268 373 298 setino
394 257 447 315 11.]
760 268 903 300 PRIMA
924 268 1047 301 PARS.
1796 271 1804 295 1
1825 270 1832 294 ¹

241 381 346 416 Deus
367 385 424 414 est
443 374 726 413 commixtivus
746 372 896 411 amoris
916 372 1175 410 consolabilis
1194 385 1286 409 cum
1306 371 1450 409 timore
1471 373 1552 410 suis

241 436 345 486 filiis,
362 434 496 472 statim
514 432 697 481 adiungit
721 433 829 480 quod
844 432 1019 482 lziisfieri
1041 431 1305 480 incipientibus
1319 431 1553 479 respicerent

241 493 419 541 undique
458 492 508 529 ad
548 492 620 527 hec
660 490 773 538 signa
810 489 871 526 vel
916 488 1137 526 distancius
1181 488 1242 526 vel
1284 488 1552 536 propinquius

242 552 361 589 finem
402 550 515 587 illurn
557 547 778 597 signancia.
831 550 880 584 Et
912 559 995 583 non
1029 546 1311 595 deprimantur
1349 546 1388 582 in
1422 546 1553 594 capite

209 616 225 649 5
241 620 283 647 ut
318 608 573 646 melancolici
597 606 794 657 timorosi,
829 606 897 642 sed
921 606 1095 642 levarent
1118 605 1258 654 capita,
1283 604 1461 654 quoniam
1485 617 1552 654 ap-

237 668 475 718 propinquat
515 665 734 714 redempcio
779 676 885 700 nunc
924 663 1142 712 oppressis,
1189 662 1283 710 quia
1329 663 1550 699 secundum

241 725 481 774 Apostolum
506 726 621 762 Rom.
651 724 749 769 VIII,
786 723 836 759 28
870 722 1086 759 timentibus
1108 722 1235 758 Deum
1265 721 1392 758 omnia
1421 733 1554 770 coope-

242 792 382 821 rantur
415 783 450 819 in
484 783 636 822 bonum.
671 779 913 817 Consolacio
948 788 1005 816 est
1038 779 1160 828 igitur
1183 778 1332 816 Christi
1366 778 1458 815 filiis
1491 779 1555 816 hic

243 841 459 891 oppressis,
500 841 610 889 quod
656 838 851 876 transient
884 839 932 874 de
977 838 1053 875 ista
1098 836 1262 874 miseria
1296 837 1346 873 ad
1379 836 1554 873 beatitu-

191 918 228 940 10
244 901 378 937 dinem
412 899 589 939 finalem,
625 900 681 934 De
715 896 949 945 quindecim
984 895 1107 943 signis
1141 907 1217 943 que
1242 894 1408 943 quidam
1442 895 1555 931 fabu-

250 959 388 995 lantur
421 969 618 1005 apparere
663 964 755 992 ante
801 954 907 991 diem
957 953 1095 991 iudicii
1141 961 1179 990 et
1212 954 1260 990 de
1305 952 1396 990 aliis
1430 953 1554 1001 signis

245 1015 622 1064 supernaturalibus
657 1026 732 1062 que
766 1015 905 1050 beatus
939 1011 1157 1061 Gregorius
1192 1011 1351 1048 videtur
1389 1011 1555 1048 innuere

246 1074 481 1123 apparuisse
520 1082 558 1110 et
597 1084 792 1120 apparere
826 1070 1026 1119 posterius
1068 1070 1108 1106 in
1150 1069 1234 1106 sole
1266 1078 1304 1106 et
1342 1069 1437 1106 luna
1475 1082 1557 1106 non

246 1132 297 1170 sit
343 1132 460 1169 nobis
506 1131 569 1168 hic
615 1143 762 1177 sermo,
811 1142 902 1166 curn
950 1129 1037 1177 ipsa
1076 1136 1272 1176 tanquam
1307 1127 1488 1175 apocrifa
1521 1136 1558 1164 et

195 1191 339 1233 15fidei
373 1189 592 1228 christiane
626 1187 829 1237 religionis
862 1185 1020 1224 inutilia
1052 1194 1144 1223 sunt
1167 1186 1349 1222 tacenda.
1382 1185 1436 1222 Et
1458 1185 1558 1222 dixit

251 1249 430 1286 Christus
467 1248 546 1285 suis
586 1247 784 1296 discipulis
824 1245 1112 1282 similitudinem
1153 1243 1271 1281 istam
1304 1243 1556 1281 sentenciam

253 1307 585 1344 confirmantem:
617 1305 758 1352 Videte,
784 1303 928 1352 inquit,
952 1303 1166 1355 ficulneam
1190 1309 1224 1339 et
1248 1314 1376 1339 omnes
1398 1303 1559 1339 arbores

249 1365 456 1414 quomodo
489 1365 640 1401 habent
661 1362 886 1400 naturalem
922 1361 1134 1410 periodum
1159 1361 1380 1397 secundum
1405 1372 1557 1397 annum

247 1424 308 1460 vel
342 1423 517 1471 amplius
553 1422 593 1458 in
626 1433 706 1470 quo
740 1421 893 1457 fructus
927 1419 987 1456 sui
1010 1419 1071 1456 vel
1105 1427 1188 1456 etas
1222 1418 1462 1455 naturaliter
1484 1427 1558 1455 ter-

189 1500 230 1522 20
250 1482 440 1519 minatur.
481 1480 576 1518 Cum
602 1480 738 1528 itaque
761 1480 836 1516 iam
860 1491 911 1516 ex
931 1491 972 1515 se
988 1478 1212 1528 producunt
1232 1478 1430 1526 fructum,
1453 1477 1558 1514 scitis

247 1541 427 1591 quoniam
455 1551 582 1589 prope
613 1546 668 1575 est
701 1545 802 1574 estas
835 1536 929 1574 anni
969 1535 1060 1573 talis
1093 1534 1342 1584 vegetabilis,
1385 1543 1421 1572 et
1466 1548 1558 1583 pro-

251 1597 588 1647 porcionabiliter
610 1604 772 1645 oportet
795 1596 903 1644 quod
928 1603 1035 1631 totus
1058 1606 1187 1630 annus
1210 1593 1412 1630 viancium
1437 1593 1558 1642 signis

247 1669 412 1694 suarum
436 1655 618 1704 parcium
649 1654 862 1693 limitetur.
901 1652 997 1689 Cum
1021 1653 1143 1704 igitur
1167 1651 1340 1689 videritis
1362 1652 1430 1688 hec
1449 1652 1557 1702 fieri,

247 1716 380 1752 scitote
403 1714 579 1764 quoniam
605 1725 732 1763 prope
754 1720 808 1749 est
832 1711 1094 1748 consumacio
1117 1710 1236 1747 huius
1270 1709 1394 1746 seculi
1418 1709 1458 1746 in
1481 1722 1559 1757 qua

192 1782 231 1815 25
248 1773 386 1809 fideles
408 1771 633 1820 percipient
654 1783 819 1822 regnum
842 1770 930 1806 Dei.
966 1768 1159 1814 Quamvis
1184 1776 1317 1805 autem
1342 1766 1407 1805 hic
1433 1780 1559 1804 annus
1575 1760 1852 1826 ,igretfflqsstdwfssffss

248 1830 476 1879 periodicus
516 1829 567 1866 sit
599 1829 741 1866 ceteris
775 1827 890 1865 annis
930 1826 1170 1873 diuturnior,
1218 1834 1353 1862 tamen
1397 1838 1560 1863 necesse
1674 1805 1764 1869 <1¹:³y.g

249 1897 308 1926 est
352 1888 487 1925 fideles
534 1896 741 1935 expectare
787 1886 870 1922 eius
918 1884 1054 1925 finem.
1102 1885 1195 1921 Ideo
1235 1882 1417 1920 Christus
1466 1883 1562 1920 dicit

249 1948 357 1995 quod
380 1948 448 1983 hec
468 1946 678 1998 generacio
702 1957 866 1981 suorum
891 1943 1067 1980 filiorum
1092 1955 1165 1980 non
1192 1942 1410 1992 preteribit,
1444 1943 1562 1979 donec

249 2007 316 2042 hec
348 2005 475 2042 omnia
497 2005 622 2055 fiant,·
654 2016 747 2040 nam
782 2002 912 2039 celum
938 2010 975 2038 et
1007 2010 1113 2037 terra
1146 2009 1239 2037 sunt
1271 1999 1438 2037 mobilia
1471 2008 1509 2037 et
1541 2012 1563 2036 a

193 2074 234 2106 30
251 2063 367 2100 metis
383 2063 464 2100 suis
483 2061 736 2099 naturalibus
761 2059 1026 2108 impedibilia,
1051 2059 1155 2096 sicut
1177 2067 1287 2107 patet
1309 2060 1357 2095 de
1381 2058 1562 2095 stacione

250 2122 345 2159 solis
383 2120 610 2169 multiplici,
658 2128 695 2157 et
738 2119 777 2156 in
810 2127 894 2155 toto
934 2116 1213 2155 sublunarium
1261 2129 1338 2165 que
1378 2125 1461 2154 tota
1499 2116 1563 2153 die

316 2229 342 2249 2.
363 2223 408 2249 A:
430 2222 514 2258 quod
540 2221 649 2248 fratres
670 2218 903 2255 incipientibus.
1023 2226 1051 2251 4.
1074 2218 1113 2245 B:
1136 2217 1227 2245 finem
1249 2217 1354 2244 istum.
1470 2224 1499 2250 4.
1522 2214 1564 2243 C:

249 2258 421 2292 signanter:
446 2258 490 2283 A:
525 2254 732 2283 malencoIici.
860 2254 889 2282 6.
910 2255 955 2280 A:
978 2261 1038 2280 non
1061 2253 1233 2288 oppressis.
1268 2254 1296 2279 A
1316 2252 1346 2279 in
1369 2259 1467 2286 marg.
1492 2259 1562 2287 sup.

246 2292 299 2320 foI.
322 2292 408 2325 142³:
435 2290 546 2319 Levate
567 2290 670 2326 capita
690 2292 791 2328 vestra
813 2289 904 2316 Luce.
927 2287 1009 2315 XXI.
1034 2288 1228 2323 Deponimus
1248 2287 1348 2322 capita
1364 2291 1490 2321 propter
1511 2294 1565 2321 pu-

248 2327 357 2355 dorem
389 2326 464 2354 maIi
494 2328 523 2353 in
545 2326 629 2362 quod
655 2325 798 2360 Iabimur,
830 2327 958 2360 propter
987 2323 1127 2350 dolorem
1158 2322 1287 2357 dampni
1309 2322 1390 2357 quod
1419 2322 1565 2357 patimur,

249 2367 376 2397 propter
397 2362 542 2388 timorem
566 2359 709 2395 supplicii
730 2359 814 2394 quod
836 2366 1004 2386 meremur.
1027 2357 1138 2385 Levate
1155 2365 1229 2390 ergo
1245 2358 1346 2392 capita
1361 2361 1473 2392 vestra,
1495 2364 1564 2383 cum

249 2398 288 2424 sit
308 2397 400 2431 culpa
421 2397 551 2431 expulsa
573 2403 665 2431 quam
687 2394 904 2428 commisistis,
935 2401 971 2420 ne
992 2392 1232 2425 contristemini,
1258 2399 1331 2419 cum
1360 2391 1398 2418 sit
1425 2391 1564 2418 restituta

249 2433 353 2466 gracia
372 2438 465 2467 quam
487 2430 648 2465 amisistis,
663 2437 699 2456 ne
719 2428 905 2461 terreamini,
947 2435 1018 2455 cum
1044 2428 1178 2454 relaxata
1198 2427 1236 2454 sit
1256 2434 1333 2460 pena
1353 2433 1446 2462 quam
1468 2433 1567 2453 meru—

249 2468 327 2494 istis,
436 2473 462 2496 7.
484 2465 555 2492 AB:
577 2464 666 2492 Rom.
690 2463 759 2491 VIII
780 2465 875 2491 deest.
986 2461 1013 2490 8.
1035 2462 1102 2490 BC:
1131 2466 1177 2489 est
1192 2469 1266 2496 ergo
1282 2460 1397 2489 Christi
1419 2460 1487 2488 filiis
1509 2460 1564 2487 sic.

250 2510 280 2536 9.
300 2503 346 2529 A:
368 2501 406 2528 de
425 2501 487 2528 iIIa.
597 2507 637 2526 10.
659 2500 702 2527 A:
726 2499 763 2526 de
783 2499 899 2534 quibus
922 2497 1111 2525 fabulantur.
1222 2505 1254 2523 II.
1276 2497 1321 2523 A:
1350 2495 1444 2528 signis
1467 2497 1565 2522 deest.

248 2536 291 2564 16.
312 2537 356 2563 A:
378 2535 479 2563 Jesus.
555 2542 601 2562 20.
624 2533 743 2562 Codd.:
766 2533 871 2560 scitur.
946 2540 986 2559 21.
1009 2532 1049 2560 C:
1071 2531 1145 2560 anni
1166 2530 1339 2558 circularis.
1362 2530 1402 2557 B:
1427 2534 1455 2557 et
1469 2530 1564 2557 deest.

249 2572 292 2599 23.
315 2570 351 2598 C:
376 2578 462 2604 ergo.
583 2577 629 2603 24.
652 2568 695 2596 C:
718 2569 869 2604 quoniam
892 2575 1000 2603 prope.
1105 2574 1149 2601 27.
1172 2565 1238 2593 BC:
1260 2570 1422 2600 expectare
1443 2565 1563 2597 fideles:

250 2608 295 2634 A:
318 2605 460 2633 Christus
482 2605 577 2632 deest.
690 2611 738 2639 29.
761 2602 827 2630 BC:
863 2603 969 2630 omnia
990 2602 1064 2635 ista:
1099 2605 1180 2629 recte
1200 2601 1306 2628 omnia
1327 2601 1397 2628 hec.
1419 2599 1563 2627 Matthaei

251 2640 363 2674 XXIV,
384 2639 430 2673 34.
522 2637 568 2665 30.
590 2639 635 2666 A:
660 2639 748 2665 metis
770 2638 848 2665 eius.
946 2635 991 2664 30.
1014 2637 1079 2665 BC:
1102 2640 1185 2671 patet
1205 2635 1345 2663 omitted.
1456 2632 1495 2661 31.
1517 2635 1563 2661 A:

252 2676 367 2703 intente
381 2674 620 2705 sublunarium;
643 2672 684 2701 C:
700 2673 832 2706 intent0;
853 2672 893 2699 13:
909 2672 939 2699 in
960 2677 1024 2699 toto
1046 2670 1177 2700 correxit
1199 2678 1234 2697 ex
1251 2670 1380 2698 intento.
1460 2667 1499 2696 31.
1523 2667 1563 2696 C:

253 2719 314 2746 que
334 2710 475 2745 quotidie
495 2709 662 2736 variantur.

324 2782 353 2814 5.
372 2783 488 2813 Lucae
506 2781 596 2822 XXI,
617 2780 669 2812 28.
772 2790 820 2811 12.
843 2778 1003 2822 Gregorii
1022 2777 1055 2810 in
1075 2777 1279 2821 Evangelia,
1306 2776 1363 2809 lib.
1385 2777 1407 2817 I,
1427 2775 1522 2808 hom.
1542 2775 1564 2807 Ι.

253 2828 345 2871 Opp.
377 2835 461 2859 tom.
490 2827 513 2868 Ι,
552 2838 629 2870 pag.
664 2825 887 2869 1436—1439
915 2826 992 2866 (Ed.
1021 2824 1145 2866 Maur).
1237 2823 1287 2856 15.
1314 2823 1398 2855 Luc.
1418 2823 1482 2854 1.c.
1512 2831 1564 2864 29.

255 2885 308 2907 20.
339 2874 391 2906 23.
419 2874 501 2906 ibid.
531 2874 582 2912 30,
612 2873 663 2906 31.
763 2872 814 2905 28.
842 2872 924 2904 ibid.
956 2871 1008 2903 32.
