2017 3353
265 266 402 294 summ
418 256 570 313 xxxin]
772 269 915 300 PRIMA
942 269 1068 301 PARS.
1790 265 1866 301 223

265 376 433 412 Sanctus
467 374 506 411 in
537 374 818 411 sacramentali
851 371 1089 411 salvaci'one.
1136 377 1269 411 Potest
1302 384 1435 412 autem
1469 377 1580 412 theo—

265 434 377 481 logus
407 432 702 469 exortacionem
730 442 868 481 aptare
891 434 941 469 ad
965 434 1158 481 populum
1184 434 1391 482 quomodo
1414 433 1580 482 quilibet

266 491 392 527 fidelis
437 492 553 527 debet
598 490 768 527 excitare
816 503 929 527 suam
976 491 1204 538 potenciam
1245 493 1295 527 ad
1328 493 1578 539 operandum

266 549 446 593 fideliter,
480 561 570 584 cum
595 548 781 596 potencia
810 550 1123 597 correspondeat
1139 551 1223 585 Deo
1246 549 1370 597 patri3
1405 551 1580 586 secundo

231 609 381 643 §debet
426 615 565 654 aptare
609 619 723 642 suam
769 606 1014 656 sapienciam
1060 606 1100 643 in
1143 607 1311 643 servicio
1356 607 1442 653 Dei,
1488 620 1577 644 cum

263 664 466 714 sapiencia
489 666 803 712 correspondeat
834 666 955 701 verbo
979 664 1064 711 Dei,
1100 674 1136 701 et
1168 665 1293 701 tercio
1323 666 1439 702 debet
1472 666 1580 702 elon-

174 714 248 776 FPJd·
262 722 475 771 ganimiter
498 731 636 770 aptare
651 735 765 759 suam
790 722 1114 759 benevolenciam
1139 725 1188 760 ad
1212 725 1546 771 perseverandum
1576 720 1580 767 Ι

172 765 231 792 ¹⁰⁰
264 781 436 818 finaliter
468 779 509 816 in
542 779 709 817 servicio
745 780 828 827 Dei,
870 794 958 817 cum
994 782 1070 817 hoc
1104 780 1389 818 benevolencia
1422 790 1459 818 et
1491 794 1579 829 per-

262 837 491 876 severancia
515 840 829 886 correspondeat
850 848 989 875 sancto
1013 839 1180 876 flamini.
1206 842 1286 876 Nec
1310 848 1367 876 est
1390 839 1579 887 possibile

210 911 246 932 ιο
261 897 383 934 vitam
417 896 590 932 hominis
622 896 678 932 sic
711 898 977 946 exemplatam
1012 910 1033 934 a
1053 897 1251 934 Trinitate
1283 897 1453 934 deficere
1485 897 1582 946 quin

263 955 435 992 finaliter
467 954 517 990 sit
550 956 679 991 beata.

716 1057 911 1097 SERMO
944 1058 1133 1099 XXXIII.

318 1154 447 1189 Homo
480 1154 649 1202 quidam.
667 1160 751 1188 erat
784 1152 900 1188 dives.
936 1154 1041 1189 Luce
1077 1154 1194 1199 XV10‚
1236 1166 1296 1200 19.

320 1213 487 1248 Constat
526 1224 569 1247 ex
611 1211 806 1259 parabola
850 1212 924 1247 hac
957 1211 1184 1258 evangelica
1225 1212 1430 1259 quomodo
1471 1211 1580 1247 stulti
1644 1219 1814 1247 liis-osana

207 1271 412 1306 15mundo
446 1269 585 1305 divites
617 1270 883 1317 reprobantur
923 1278 959 1305 et
998 1269 1169 1305 humiles
1202 1270 1353 1305 mundo
1386 1282 1582 1319 pauperes
1662 1255 1805 1282 Lazarus.

261 1329 608 1364 commendantur.
654 1327 771 1363 Dives
816 1336 949 1363 autem
989 1327 1061 1363 iste
1100 1327 1139 1363 in
1178 1328 1333 1363 duobus
1377 1328 1581 1364 racionem

260 1385 564 1434 supergrediens
616 1385 748 1433 primo
792 1385 1023 1421 induebatur
1074 1385 1275 1433 superflue
1322 1398 1503 1435 purpura
1549 1394 1584 1422 et

259 1444 372 1490 bisso,
404 1452 446 1479 ut
479 1445 529 1480 ad
563 1445 788 1480 mundanos
821 1444 993 1480 honores
1026 1444 1221 1491 populum
1251 1443 1475 1480 subiectum
1500 1453 1582 1480 tam

260 1515 330 1550 per
362 1511 534 1538 terrores
567 1514 687 1550 quam
722 1513 793 1549 per
817 1502 1074 1538 adulaciones
1107 1501 1298 1547 alliceret,
1336 1511 1373 1538 et
1406 1504 1582 1538 secundo

204 1560 490 1610 zoepulabatur
537 1560 704 1609 quotidie
752 1560 964 1608 splendide,
1014 1569 1057 1595 ut
1101 1572 1144 1596 ex
1188 1559 1497 1596 continuacione
1547 1570 1583 1597 et

261 1619 465 1654 mundana
496 1617 806 1666 sumptuositate
838 1627 919 1654 tam
954 1618 1037 1654 eius
1071 1617 1309 1654 excellencia
1343 1631 1463 1666 quam
1497 1631 1582 1655 car-

258 1676 360 1713 nalis
388 1677 573 1724 voluptas
608 1675 762 1712 laucius
791 1676 1005 1713 nutriatur.
1040 1677 1243 1712 AIenclicus
1273 1683 1400 1712 autem
1434 1677 1584 1713 nomine

260 1735 439 1786 Lazarus
466 1735 605 1783 plenus
628 1734 819 1770 ulceribus
848 1735 993 1770 iacebat
1015 1735 1066 1769 ad
1088 1735 1241 1769 ianuam
1265 1735 1344 1770 eius
1355 1735 1582 1783 famelicus,

260 1805 344 1828 cum
370 1792 485 1843 eguit·
500 1793 545 1828 de
568 1792 675 1828 micis
697 1792 809 1828 huius
833 1792 961 1828 divitis
983 1793 1160 1828 saturari
1186 1793 1255 1827 sed
1288 1791 1582 1839 indignacionis

203 1855 242 1887 25
260 1850 435 1887 avaricia
473 1851 548 1886 hoc
587 1851 779 1898 negabat;
825 1851 893 1886 sed
936 1858 972 1886 et
1016 1862 1141 1897 canes,
1180 1851 1255 1885 hoc
1296 1859 1366 1895 est,
1410 1850 1581 1886 ministri

259 1908 404 1945 abiecti
448 1908 538 1945 talis
589 1907 720 1944 divitis
772 1909 967 1944 veniebant
1009 1916 1044 1944 et
1087 1909 1217 1943 ulcera
1270 1908 1349 1944 eius
1395 1909 1582 1957 pauperis

259 1967 456 2017 lingebant
489 1979 579 2002 cum
611 1966 786 2002 naturali
820 1966 1100 2014 compassione
1133 1975 1170 2002 et
1199 1965 1308 2002 vocis
1331 1966 1580 2003 formacione

259 2025 342 2062 eius
376 2024 578 2061 miseriam
613 2025 894 2061 condolebant.
929 2025 1006 2060 Sed
1039 2037 1132 2072 sepe
1163 2025 1348 2060 voluntas
1380 2023 1455 2060 nisi
1486 2025 1581 2061 assit

258 2092 435 2131 potestas
451 2092 507 2119 est
531 2082 661 2118 minus
683 2082 804 2128 utilis,
829 2091 866 2119 et
890 2082 982 2118 hinc
997 2082 1178 2119 Christus
1203 2083 1306 2128 (Joh.
1323 2083 1409 2128 VIO)
1436 2095 1581 2130 corpus

159 2174 162 2176 r
201 2146 243 2178 30
258 2154 374 2177 suum
409 2150 446 2177 et
478 2141 616 2177 oculos
655 2140 696 2176 in
734 2141 867 2177 locum
903 2149 1162 2177 montuosum
1198 2149 1234 2176 et
1267 2140 1391 2176 altum
1428 2140 1581 2189 erigens

258 2199 433 2236 ostendit
471 2211 512 2235 se
550 2208 632 2235 tam
674 2199 938 2235 esurientibus
978 2198 1155 2247 compati
1195 2211 1315 2247 quam
1350 2198 1476 2235 eciam
1511 2211 1582 2246 per

258 2270 298 2294 se
322 2257 510 2294 divinitus
533 2258 721 2303 relevare,
752 2266 790 2293 et
813 2257 868 2293 sic
891 2257 985 2293 facit
1011 2257 1149 2293 mundi
1172 2265 1314 2305 potens
1338 2256 1579 2299 misericors,

258 2328 405 2364 sequax
437 2315 603 2360 Christi:
644 2317 749 2351 unde
784 2315 959 2363 potentis
992 2315 1085 2352 ficta
1118 2314 1346 2363 compassio
1381 2325 1437 2351 est
1471 2315 1580 2352 canis

258 2373 416 2410 linccio.
450 2374 527 2410 Sed
559 2375 684 2421 Apoc.
718 2373 861 2410 ultimo
894 2373 1132 2422 precipitur:
1165 2373 1282 2409 Foris
1313 2385 1436 2409 canes.

329 2493 348 2512 1.
370 2486 398 2513 A
418 2485 447 2512 in
470 2493 583 2521 marg:
606 2493 624 2512 1.
720 2493 744 2513 2.
767 2487 810 2513 A:
832 2485 1000 2513 emmaum
1020 2485 1176 2520 adaptare.
1266 2494 1294 2519 4.
1316 2486 1345 2512 A
1364 2485 1394 2512 in
1418 2493 1530 2520 marg:
1553 2492 1577 2511 2.

259 2519 286 2547 ὁ.
309 2522 336 2547 A
357 2520 386 2547 in
409 2528 520 2555 marg:
542 2520 566 2548 3.
671 2520 698 2550 6,
722 2529 746 2556 7.
768 2522 812 2548 A:
835 2520 1038 2555 loganimiter.
1143 2529 1168 2555 7.
1190 2521 1232 2547 A:
1255 2525 1282 2547 et
1325 2520 1577 2547 crseveranciam,

260 2564 292 2582 11.
310 2556 348 2582 15:
371 2555 476 2582 beatus
496 2560 569 2585 etc.:
591 2555 630 2582 ib.
647 2556 675 2582 A
695 2555 724 2582 in
747 2564 859 2591 marg:
882 2555 1013 2590 Explicit
1035 2554 1134 2594 prima
1155 2563 1236 2590 pars,
1287 2528 1324 2582 [ξ.
1342 2554 1391 2581 BC
1412 2555 1441 2581 iu
1464 2563 1577 2592 marg}

258 2590 421 2617 Dominica
442 2589 541 2624 prima
563 2595 633 2624 post
652 2589 830 2624 Trinitatis;
852 2590 892 2617 ib.
915 2590 980 2617 BC:
1015 2590 1101 2617 dives
1122 2594 1176 2617 etc.
1307 2598 1348 2623 14,
1372 2589 1408 2616 15.
1429 2589 1473 2616 A:
1495 2589 1577 2615 stulti

259 2625 375 2651 mundo
397 2624 490 2651 deest.
590 2625 626 2652 15.
648 2625 691 2652 A:
713 2625 845 2652 humiles
865 2625 959 2652 deest.
1058 2633 1095 2659 17.
1117 2626 1145 2651 A
1166 2624 1194 2651 in
1218 2633 1331 2660 marg:
1354 2632 1373 2650 1.
1474 2625 1512 2650 18.
1537 2623 1576 2650 C:

259 2660 410 2689 honores:
431 2659 562 2686 correxit
583 2668 634 2686 ex:
656 2659 807 2686 homines.
893 2668 938 2686 20.
960 2660 988 2686 A
1008 2659 1037 2686 in
1060 2668 1173 2686 marsa:
1195 2667 1220 2686 2.
1304 2659 1350 2686 215.
1372 2659 1415 2686 A:
1438 2658 1576 2685 subiecti.

258 2702 302 2729 27.
324 2695 367 2721 A:
389 2702 458 2721 cum
480 2694 610 2727 carnali3
637 2694 677 2721 ib.
699 2695 742 2721 A:
764 2694 993 2721 fornicacionis.
1061 2702 1107 2727 20.
1129 2680 1196 2721 ssC:
1221 2694 1290 2721 hinc
1309 2694 1407 2720 jesus.
1474 2692 1514 2720 31.
1535 2692 1576 2719 C:

258 2729 405 2756 ascendit.
444 2728 486 2755 32.
503 2729 546 2756 A:
569 2729 647 2756 fecit.
686 2728 728 2756 33.
744 2729 787 2756 A:
804 2728 929 2756 Christi.
969 2728 1015 2763 34.
1032 2726 1212 2762 A:‘1inici0;
1234 2729 1273 2755 ib.
1291 2730 1335 2756 A:
1359 2728 1466 2755 ultimo
1482 2728 1576 2754 deest.

194 2807 220 2849 LV
334 2801 382 2833 13.
410 2800 461 2833 Cf.
479 2798 643 2843 Wyclif⁷s
664 2801 831 2832 Sermons
852 2801 906 2832 ed.
927 2801 971 2843 by
991 2800 1125 2832 Arnold
1148 2800 1170 2838 Ι,
1196 2800 1290 2832 1-3.
1343 2799 1576 2841 24.Vulgate:

190 2863 191 2867 =
261 2848 410 2890 Cupiens
437 2848 599 2879 saturari
616 2847 658 2879 de
679 2847 776 2879 micis
795 2857 859 2888 que
879 2847 1053 2879 cadebant
1072 2847 1114 2879 de
1135 2856 1254 2878 mensa
1275 2846 1405 2884 divitis,
1423 2850 1455 2878 et
1475 2855 1575 2878 nemo

259 2894 310 2926 illi
335 2894 456 2933 dabat,
482 2893 543 2926 sed
569 2899 603 2926 et
628 2903 734 2926 canes
761 2893 946 2926 veniebant
971 2898 1003 2925 et
1030 2893 1215 2936 lingebant
1241 2893 1360 2925 ulcera
1389 2893 1463 2925 eius
