2017 3353
217 224 352 253 sERMo
369 213 435 271 ιη]
730 221 869 254 PRIMA
887 220 1018 252 PARs.
1772 223 1815 249 21

216 333 337 370 nimis
370 341 658 379 sumptuosum
693 327 918 373 edificium3
954 325 1045 362 ideo
1079 325 1275 376 quicquid
1309 326 1403 364 laici
1439 339 1532 364 con-

218 391 383 429 tulerint
417 390 467 427 ad
500 401 640 426 eorum
675 386 868 424 fabricam
903 383 1008 421 cedit
1042 386 1126 420 Deo
1165 386 1214 422 ad
1255 387 1453 421 honorem
1495 394 1533 422 et

217 448 381 486 ecclesie
405 446 724 484 edificacionem.
759 444 837 480 Sed
860 455 940 478 non
965 441 1147 478 recolunt
1171 444 1219 479 de
1252 442 1414 480 fallacia
1447 442 1532 479 dia-
1548 439 1824 502 lgfflffiinpleffimfoff

216 507 298 543 boli
322 505 529 554 quomodo
553 503 686 551 arguit
706 515 749 539 ex
771 499 1087 549 particularibus
1109 513 1227 537 suum
1253 500 1531 548 propositum:
1561 515 1651 537 tuous
1673 483 1809 537 {onvenp-

183 564 395 602 5Ecclesia
419 563 491 599 Dei
526 563 643 598 debet
678 558 899 597 honorifice
931 557 1133 604 fabricari,
1169 571 1264 607 ergo
1286 568 1323 595 et
1357 571 1431 595 sua
1464 559 1533 595 ba·
1565 545 1625 571 ‘¹¹³¹
1648 545 1810 572 cliurches.

216 623 342 659 silica.
379 621 596 667 Quomodo
622 614 782 668 (queso)
816 629 897 653 non
931 615 1207 664 pertinencius
1242 616 1380 653 inferri
1415 617 1533 654 debet

217 693 260 717 ex
293 682 368 717 hoc
402 678 640 727 particulari
664 676 773 726 quod
807 673 1080 723 parrochiales
1105 675 1270 711 ecclesie
1295 685 1332 711 et
1366 674 1433 711 ille
1456 687 1534 723 que

218 739 363 775 debent
380 737 587 774 continere
602 736 708 772 viros
726 733 959 771 edificantes
977 731 1127 769 Christi
1143 733 1355 770 eeclesiam
1373 732 1535 769 ruinose
1576 741 1600 768 lt
1621 742 1723 769 would
1747 742 1806 782 be·

216 798 360 833 debent
376 794 555 832 edificari
573 793 714 842 pocius
731 805 853 842 quam
870 804 940 828 sue
957 790 1265 828 infundabiliter
1279 791 1532 827 introducte?
1552 775 1657 838 bettffire
1667 781 1751 845 ffas‘j}
1780 785 1825 805 aff

164 865 200 886 10
274 854 508 890 Recolerent
560 852 756 900 (inquam)
804 863 926 898 quam
986 849 1328 896 approbacionem
1381 848 1536 885 dederit
1608 847 1771 880 cliurclies,

216 912 400 949 Christus
424 911 512 948 istis
535 909 726 956 basilicis,
758 921 849 946 cum
874 908 1016 944 sedens
1046 916 1187 944 contra
1216 906 1414 955 templum
1444 919 1537 954 pro-

216 969 394 1019 phetavit
437 969 519 1006 suis
558 966 769 1015 discipulis
805 978 885 1002 non
923 966 1032 1014 quod
1071 965 1328 1002 edificaretur
1362 964 1537 1012 solemp-

216 1028 309 1065 nius
354 1028 423 1064 sed
456 1028 565 1076 quod
604 1027 881 1062 destrueretur
927 1022 1125 1060 funditus.
1179 1022 1362 1060 Ecclesia
1407 1022 1535 1059 eciam

217 1100 339 1135 quam
374 1084 575 1122 edificavit
598 1083 795 1132 Baptista,
831 1093 1070 1119 conversans
1104 1082 1177 1118 sub
1212 1081 1317 1127 divo,
1353 1080 1428 1118 fuit
1462 1081 1536 1118 iste

165 1145 199 1178 15
219 1145 408 1190 mundus,
441 1143 594 1179 divisus
619 1142 658 1178 in
683 1151 821 1178 sancta
845 1150 1078 1177 sanctorum
1103 1152 1176 1187 pro
1200 1139 1369 1176 ecclesia
1392 1138 1535 1176 trium·
1550 1171 1652 1199 which
1668 1172 1827 1200 owetneir

217 1204 365 1251 phante
410 1212 447 1239 et
496 1210 634 1238 sancta
678 1212 756 1249 que
806 1208 899 1235 sunt
944 1197 1064 1235 hodie
1111 1197 1275 1234 ruinosa
1322 1209 1395 1245 pro
1437 1196 1535 1245 ipsis
1573 1207 1802 1248 ruintohthpse

217 1260 444 1306 viantibus3
479 1269 515 1296 et
550 1258 709 1295 ruinam
743 1257 863 1294 istam
897 1268 970 1304 pro
1004 1268 1150 1304 magna
1183 1265 1297 1303 parte
1329 1255 1535 1303 originant
1549 1242 1826 1278 ⁰⁰⁵t¹ybu¹¹d¹⁰g⁵·

218 1328 460 1366 sumptuosa
493 1316 652 1354 edificia
676 1326 712 1353 et
745 1315 951 1363 superflua
994 1313 1225 1351 artificialia
1269 1326 1346 1362 que
1380 1314 1535 1349 mundo

219 1376 346 1413 dediti
379 1388 500 1424 opere
544 1384 688 1412 nature
734 1373 938 1421 superflue
972 1372 1266 1420 superaddunt,
1312 1371 1381 1407 sed
1419 1371 1537 1419 spiri-

161 1446 202 1468 20
219 1435 369 1472 tualem
415 1446 579 1482 operam
613 1432 836 1480 sapientem
878 1430 1087 1468 celestium
1132 1428 1459 1478 pretermittunt3
1501 1439 1539 1467 et

219 1493 275 1530 sic
309 1493 506 1541 prophete
539 1491 607 1528 isti
641 1491 926 1540 blasphemant
958 1498 995 1525 et
1028 1488 1168 1526 dicunt
1202 1488 1242 1524 in
1275 1500 1396 1535 opere
1430 1488 1539 1537 quod

220 1550 427 1588 edificacio
462 1549 686 1587 materialis
720 1547 886 1585 basilice
929 1556 987 1584 est
1021 1548 1105 1583 Deo
1152 1545 1384 1594 placencior
1416 1559 1539 1596 quam

219 1608 445 1658 spiritualis
478 1607 686 1645 edificacio
719 1606 932 1643 hominum
966 1605 1006 1641 in
1039 1605 1202 1644 virtute.

276 1670 325 1705 Et
358 1676 557 1716 quantum
582 1667 631 1703 ad
668 1664 875 1713 arguciam
900 1664 947 1700 de
975 1663 1127 1711 templo
1151 1663 1383 1700 Salomonis
1416 1676 1539 1712 quam

164 1728 202 1760 25
221 1725 351 1774 ignari
375 1724 572 1771 obiciunt,
600 1724 815 1771 respondet
837 1723 1076 1770 Jeronymus
1100 1722 1209 1770 quod
1243 1731 1426 1769 tempore
1459 1734 1540 1770 quo

220 1783 396 1832 populus
414 1782 524 1818 rudis
540 1781 807 1819 terrestritate
823 1790 881 1817 est
897 1779 1063 1817 affectus
1080 1779 1155 1816 fuit
1172 1779 1459 1826 necessarium,
1471 1780 1540 1816 sed

221 1854 301 1878 non
325 1841 409 1878 sine
425 1840 543 1888 culpa
568 1841 618 1877 ad
642 1839 805 1877 celestia
821 1838 873 1875 sit
896 1838 1078 1877 allectus.
1104 1839 1146 1874 In
1169 1837 1284 1874 cuius
1312 1837 1538 1885 exemplum

223 1899 420 1947 templum
444 1898 545 1934 illud
562 1898 602 1934 in
624 1910 770 1946 penam
794 1895 949 1945 peccati
972 1895 1153 1932 funditus
1170 1904 1228 1932 est
1245 1908 1447 1943 eversum;
1471 1896 1540 1932 sed

223 1957 407 1994 veniente
441 1956 601 1993 Christo
635 1955 705 2005 qui
739 1964 796 1992 est
830 1954 920 2002 plus
956 1967 1079 2002 quam
1113 1953 1306 1990 Salomon
1340 1953 1538 2001 templum
1555 1953 1623 1981 The
1658 1954 1830 1989 splendour

167 2018 181 2029 ,,
227 2016 233 2021 .
502 2014 508 2020 .
823 2013 829 2018 .
1035 2011 1041 2017 .
1067 2011 1074 2017 .
1571 1989 1606 2017 of
1624 1989 1806 2017 Solomon's

167 2016 324 2052 20111ud
367 2014 577 2052 materiale
622 2023 679 2051 est
727 2015 775 2050 ab
821 2012 891 2049 illo
935 2012 1142 2049 subtiliter
1194 2013 1456 2060 reprobatum
1502 2021 1668 2065 ettemplhe
1688 2032 1758 2052 won
1787 2032 1827 2052 no

225 2073 422 2122 ternplum
461 2072 673 2121 spirituale
713 2071 946 2108 edificatum
989 2070 1031 2107 in
1070 2070 1290 2108 virtutibus
1333 2082 1540 2107 commen·
1589 2061 1793 2124 psssffisslerifsstffm

226 2133 378 2170 datum.
433 2132 547 2168 Unde
581 2140 687 2168 secte
726 2129 905 2178 predicte
938 2141 1062 2176 opera
1101 2138 1139 2165 et
1173 2128 1355 2176 exempla
1388 2127 1540 2165 Christi

225 2199 400 2227 renuunt
434 2198 470 2226 et
505 2189 720 2238 plusquam
755 2187 953 2236 Beghardi
988 2187 1028 2223 in
1057 2186 1136 2222 hiis
1169 2199 1248 2235 que
1287 2186 1444 2223 lucrum
1479 2199 1540 2223 sa-

224 2248 342 2296 piunt
376 2248 591 2284 intendunt
633 2247 777 2283 ritibus
816 2245 961 2283 veteris
1002 2244 1250 2282 testamenti.
1306 2244 1541 2281 Recolerent

168 2312 206 2346 35
223 2305 424 2359 (inquam)
472 2306 678 2354 quomodo
724 2317 847 2352 opera
885 2303 1090 2340 naturalia
1135 2302 1210 2340 etsi
1256 2315 1402 2350 penam
1437 2302 1540 2339 chri-

224 2364 368 2401 stianis
421 2363 633 2401 celebriter
686 2363 861 2399 inferant
906 2371 998 2398 sunt
1046 2373 1289 2410 quacunque
1337 2360 1539 2397 artificiali

225 2422 377 2459 fabrica
411 2421 538 2469 magis
572 2421 693 2469 digna
727 2431 764 2458 et
798 2421 848 2457 ad
872 2419 1052 2456 dolorem
1087 2418 1241 2466 peccati
1276 2418 1459 2466 preteriti
1494 2431 1539 2455 ac

225 2480 529 2517 anhelacionem
564 2479 722 2516 celestis
747 2479 967 2515 Jerusalem
1004 2477 1179 2525 amplius
1204 2476 1426 2525 pungitiva.
1463 2477 1540 2513 Sed

291 2567 315 2596 5.
332 2569 376 2595 A:
392 2567 532 2595 Ecclesia
551 2567 671 2594 erased.
752 2566 777 2599 5,
793 2566 821 2594 6.
838 2567 882 2593 A:
904 2573 937 2593 er
960 2574 978 2593 o
991 2580 1024 2585 —
1039 2565 1169 2593 basilica
1186 2565 1316 2599 erased3
1338 2565 1375 2591 B:
1398 2569 1426 2591 et
1441 2565 1539 2591 deest.

224 2612 250 2639 7,
272 2602 299 2630 8.
320 2604 365 2631 A:
387 2602 513 2638 quod—
529 2602 707 2629 edificantes
728 2602 848 2629 erased.
960 2621 966 2627 .
988 2601 1033 2628 A:
1057 2600 1202 2628 ruinosis.
1278 2608 1306 2635 9.
1323 2599 1364 2627 C:
1386 2599 1538 2627 edificare.

225 2636 332 2666 10—13.
354 2639 402 2665 A:
424 2637 603 2665 Recolerent
622 2653 655 2656 —
675 2636 816 2664 funditus
837 2636 953 2663 erased.
1100 2644 1140 2668 ¹4·
1162 2636 1207 2662 A:
1229 2634 1287 2662 ille.
1431 2633 1470 2662 15.
1492 2635 1537 2660 A:

224 2673 339 2701 sanctis
360 2677 550 2700 sanctorum.
678 2679 717 2706 ¹7-
740 2672 782 2699 A:
806 2671 889 2698 illam
913 2671 943 2698 in
964 2678 1077 2705 magna
1098 2674 1194 2705 parte.
1307 2676 1348 2704 ¹9-
1372 2669 1418 2695 A:
1439 2668 1537 2702 operi.

225 2715 271 2735 20.
295 2706 356 2734 BC:
380 2706 540 2734 celestium
561 2706 701 2733 omitted.
824 2704 939 2740 19-30.
960 2706 1007 2733 A:
1029 2705 1091 2734 Sed
1113 2704 1303 2739 spiritualem
1325 2719 1356 2723 -
1378 2702 1538 2730 materiale

224 2748 269 2770 est
290 2743 407 2769 erased.
527 2742 573 2769 26.
596 2740 694 2768 Codd.
716 2741 922 2775 terrestritati3
949 2741 971 2768 B
993 2740 1024 2767 in
1045 2748 1164 2775 marg:
1187 2739 1358 2776 Quomodo
1380 2738 1536 2765 edificium

225 2777 385 2816 spirituale
405 2777 434 2804 in
457 2777 585 2803 ecclesia
601 2782 645 2803 est
660 2776 946 2810 incomparabiliter
960 2776 1114 2803 materiali
1128 2774 1361 2810 preferendum.
1435 2779 1479 2807 27.
1497 2772 1535 2799 B:

225 2820 312 2839 cuius
333 2812 466 2847 signum.
542 2809 587 2839 30.
608 2813 651 2838 A:
675 2815 849 2846 reparatum
870 2815 907 2838 et.
987 2809 1030 2838 33.
1054 2809 1119 2837 BC:
1142 2809 1201 2836 hiis
1223 2810 1318 2836 deest.
1402 2807 1443 2835 35.
1465 2806 1535 2834 AB:

226 2854 359 2882 corpora
379 2846 541 2874 naturalia.
