2017 3353
240 269 376 298 SERMO
397 259 521 312 XLVL]
744 271 884 303 PRIMA
912 270 1041 303 PARS.

239 390 382 428 magna
407 389 496 413 voce
517 376 791 427 magnificabat
812 376 938 411 Deum
963 381 998 411 et
1020 375 1161 411 cadens
1182 374 1379 423 infaciem
1397 375 1557 425 gracias

1769 263 1844 310 307

238 435 317 485 egit
349 434 522 481 Christo,
557 434 650 483 quia
683 434 723 470 in
755 432 1004 470 confessione
1038 432 1233 469 hodierna
1266 445 1346 468 non
1380 442 1436 469 est
1467 433 1556 469 talis
1577 441 1644 469 The
1664 442 1837 471 Samni-itan

238 493 483 540 regraciacio
517 492 780 541 grandissona
813 492 1035 536 observata,
1068 502 1140 526 nec
1174 490 1428 538 particularis
1462 504 1558 527 con-

237 550 354 587 fessio
395 550 510 586 huius
550 549 793 587 Samaritani
834 547 1068 596 exprimitur
1107 549 1175 584 sed
1220 548 1304 584 laus
1345 548 1430 584 Dei.
1481 551 1556 584 Ista

204 613 370 646 §autem
406 608 611 645 moralitas
644 609 761 644 debet
792 606 996 643 observari
1030 618 1073 642 ex
1106 606 1182 642 hoc
1215 606 1419 653 evangelio
1450 607 1557 654 quod

236 665 362 703 instar
386 666 500 702 huius
524 664 767 702 Samaritani
791 672 980 713 peccator
1003 663 1199 700 contritus
1223 664 1417 700 confitens
1441 665 1558 700 cadat

236 723 277 760 in
308 724 451 761 faeiem
486 736 599 760 suam
623 732 715 760 ante
739 723 860 771 pedes
883 724 987 768 Jesu,
1013 723 1089 758 hoc
1112 730 1183 768 est,
1217 722 1325 770 quod
1350 723 1557 758 erubescat

237 782 397 830 culpam
431 781 637 830 propriam
673 789 709 818 et
743 780 925 817 humiliet
958 792 998 816 se
1021 780 1254 828 presbytero
1279 779 1369 827 pedi
1395 779 1555 816 Christi.

238 839 315 886 Qui
349 839 454 876 enim
487 839 543 876 sic
567 838 673 876 cadit
695 838 736 875 in
758 838 901 875 faciem
926 837 1165 874 nobiliorem
1195 846 1351 886 partem
1377 837 1558 886 corporis

182 913 221 934 10
237 898 339 934 celat
371 899 421 934 ad
454 906 617 943 terram,
651 896 753 933 sicut
786 895 990 932 meritorie
1024 895 1219 932 confitens
1243 895 1447 932 humiliter
1471 908 1558 932 eru-

237 955 361 992 bescit
393 964 431 992 et
462 955 567 992 viam
601 954 795 1003 peccandi
829 953 1031 1002 restringit
1065 954 1173 1002 quod
1205 953 1300 990 facit
1332 966 1424 990 vera
1448 953 1558 1002 peni—

235 1013 379 1059 tencia,
414 1022 457 1050 ut
489 1013 617 1050 sancti
649 1014 849 1049 locuntur.
884 1015 974 1049 Non
1007 1011 1113 1048 enirn
1146 1011 1303 1048 videtur
1331 1024 1424 1048 vera
1448 1011 1558 1060 peni-

235 1071 366 1108 tencia
418 1073 513 1108 dum
561 1081 751 1120 peccator
798 1070 942 1107 iterum
998 1069 1203 1115 recidivat,
1252 1069 1346 1118 quia
1399 1078 1558 1118 oportet

236 1142 397 1166 omnem
437 1142 528 1166 vere
567 1129 784 1166 contritum
826 1128 958 1165 dicere
991 1129 1075 1164 Deo
1108 1127 1303 1176 implicite
1337 1129 1444 1176 quod
1478 1140 1557 1164 non

182 1187 409 1236 15amplius
453 1187 508 1224 sic
553 1187 756 1236 peccabit;
804 1186 860 1223 sic
900 1185 1005 1222 enim
1052 1185 1266 1222 confitetur
1310 1198 1480 1234 peccans
1519 1186 1557 1221 in

236 1246 444 1282 dominum
461 1246 741 1294 temporalem.
759 1246 877 1290 Quod
901 1244 932 1280 si
956 1256 999 1280 ex
1021 1243 1235 1291 fragilitate
1259 1245 1388 1290 cadat,
1413 1243 1556 1280 iterum

236 1303 276 1340 in
301 1303 549 1340 confessione
573 1303 698 1352 priori
723 1302 912 1339 mentitus
937 1310 994 1338 est
1018 1304 1115 1338 Deo.
1151 1303 1228 1338 Sed
1252 1315 1373 1350 quam
1397 1303 1555 1338 laudem

235 1362 297 1398 vel
330 1361 516 1398 meritum
542 1360 764 1410 reportabit
788 1373 832 1397 ex
864 1360 932 1396 illo
958 1358 1181 1396 mendacio.
1210 1360 1259 1395 Et
1283 1372 1374 1396 cum
1398 1368 1558 1408 oportet

237 1421 345 1469 quod
378 1419 485 1456 dicat
517 1421 601 1456 Deo
635 1418 866 1455 huiusmodi
903 1417 1143 1466 negativam,
1177 1426 1287 1465 patet
1319 1419 1427 1466 quod
1460 1417 1558 1454 reci-

180 1492 221 1514 20
238 1478 375 1514 divans
407 1490 488 1514 non
522 1486 579 1514 est
612 1489 655 1514 ex
688 1476 938 1514 confessione
971 1475 1040 1512 tali
1073 1475 1346 1523 premiandus.
1388 1477 1559 1524 Oportet

238 1548 330 1584 ergo
372 1537 480 1584 quod
520 1537 568 1572 de
606 1544 773 1584 peccato
812 1533 1078 1571 recidivancie
1118 1542 1363 1579 conteratur,
1404 1542 1440 1570 et
1473 1547 1559 1571 om-

236 1594 333 1630 nino
366 1595 475 1643 quod
508 1593 547 1629 in
582 1593 660 1630 fine
692 1593 871 1642 peniteat
904 1592 1120 1628 fructuose.
1156 1591 1196 1628 Si
1230 1591 1335 1628 enim
1361 1592 1558 1628 Dominus

236 1651 374 1689 omnia
398 1651 557 1688 intuens
579 1651 712 1688 videat
735 1651 986 1700 proditorem
1011 1663 1126 1686 suum
1150 1649 1380 1686 confitendo
1397 1649 1557 1686 mentiri

237 1719 274 1746 et
317 1709 481 1746 remisse
525 1709 742 1758 penitendo
793 1708 1052 1756 indisponere
1102 1720 1142 1744 se
1196 1709 1245 1744 ad
1291 1708 1557 1745 resistendum

180 1772 220 1805 25
237 1776 417 1816 peccato,
450 1780 532 1804 non
564 1776 731 1816 propter
753 1767 874 1803 talem
903 1765 1196 1803 confessionem
1220 1766 1403 1802 laudaret
1427 1765 1557 1814 ipsum

238 1827 306 1863 sed
350 1825 490 1874 pocius
534 1825 775 1874 increparet.
823 1824 888 1861 Sic
937 1833 994 1860 est
1034 1825 1081 1860 de
1120 1826 1204 1860 Deo
1243 1824 1293 1860 ad
1338 1824 1557 1872 prescitum

237 1884 457 1932 quemlibet
490 1883 763 1920 confitentem.

295 1943 372 1978 Sed
404 1941 529 1978 tercio
563 1941 770 1978 dubitatur
801 1940 1079 1989 principaliter
1111 1940 1141 1975 si
1176 1939 1343 1988 quilibet
1370 1940 1557 1976 sacerdos

236 2009 370 2048 posset
403 2000 609 2036 absolvere
642 2013 665 2036 a
698 2011 940 2048 quocunque
972 1998 1139 2034 crimine
1171 1998 1231 2034 vel
1265 1999 1315 2034 ad
1348 2006 1556 2046 quantum.

181 2060 284 2095 30Et
329 2066 494 2094 currunt
538 2057 769 2094 testimonia
813 2065 1045 2093 sanctorum
1091 2069 1164 2104 pro
1209 2064 1379 2104 utraque
1430 2064 1556 2103 parte.

235 2117 328 2152 Ideo
361 2124 542 2164 superest
574 2115 671 2165 quid
703 2117 923 2152 secundum
959 2114 1078 2150 fidem
1119 2114 1315 2162 scripture
1359 2122 1396 2150 et
1431 2113 1559 2150 racio-

235 2186 326 2210 nem
360 2173 623 2222 probabiliter
646 2182 781 2222 posset
814 2172 905 2219 dici,
941 2181 977 2209 et
1005 2172 1162 2208 videtur
1185 2173 1293 2220 quod
1315 2184 1435 2208 nemo
1460 2171 1559 2208 citra

236 2232 439 2268 Christum
479 2240 611 2280 potest
649 2231 885 2280 simpliciter
923 2231 1129 2267 absolvere
1167 2243 1190 2266 a
1228 2238 1408 2278 peccato.
1455 2232 1558 2266 Nam

236 2302 282 2326 eo
316 2290 403 2338 ipso
442 2303 521 2338 quo
562 2290 649 2338 quis
688 2289 924 2337 simpliciter
962 2287 1132 2324 absolvit
1171 2301 1193 2324 a
1226 2296 1406 2336 peccato,
1441 2288 1557 2333 delet,

180 2351 219 2384 35
236 2347 339 2384 tollit
373 2357 409 2384 et
441 2347 609 2384 remittit
642 2356 866 2396 peccatum,
900 2347 1016 2383 solvit
1040 2345 1112 2382 Dei
1144 2345 1347 2382 iniuriam.
1382 2347 1459 2382 Sed
1484 2347 1558 2382 hoc

235 2406 368 2442 nullus
401 2414 531 2454 potest
563 2406 695 2442 facere
727 2405 803 2442 nisi
837 2407 955 2451 Deus,
991 2417 1084 2452 ergo
1117 2416 1189 2440 nec
1222 2405 1362 2440 tollere
1394 2415 1468 2440 nec
1491 2404 1559 2440 ab-

237 2465 389 2500 solvere
421 2463 658 2512 simpliciter
690 2477 712 2500 a
745 2472 926 2511 peccato.
961 2463 1090 2499 Maior
1123 2471 1232 2510 patet
1267 2474 1309 2498 ex
1343 2462 1418 2498 hoc
1451 2462 1557 2509 quod

237 2522 268 2557 si
307 2521 471 2570 aliquod
517 2530 574 2558 est
617 2530 842 2569 peccatum,
888 2521 1017 2569 ipsum
1059 2520 1108 2556 sit
1146 2519 1382 2568 simpliciter
1420 2527 1559 2555 contra

306 2665 337 2690 4.
365 2656 387 2683 Β
413 2656 443 2683 in
471 2664 538 2683 mar
562 2665 586 2683 .:
615 2654 730 2683 Forma
759 2654 915 2690 penitendi
942 2663 1021 2682 vere.
1113 2663 1139 2689 7.
1161 2655 1205 2682 A:
1237 2654 1267 2681 in
1294 2653 1428 2689 graciam
1458 2660 1557 2680 suam.

240 2690 278 2719 13.
299 2690 369 2718 BC:
400 2691 510 2718 iterum
539 2663 641 2724 geesn
674 2691 718 2717 A:
745 2689 868 2717 interim
890 2689 1052 2722 recidivat3
1096 2689 1136 2716 ib.
1157 2689 1235 2716 Ain
1258 2696 1372 2723 marg:
1414 2688 1459 2715 De
1486 2695 1558 2714 con-

238 2725 376 2753 tricione.
398 2725 490 2752 Nota.
599 2724 637 2753 15.
658 2725 706 2752 A:
735 2732 865 2759 peccans
886 2724 915 2751 in
937 2724 1128 2751 divinitatem
1152 2724 1356 2759 personalem.
1449 2721 1490 2749 16.
1512 2723 1556 2749 A:

239 2760 328 2787 cadat
347 2760 469 2787 iterum.
555 2758 598 2787 23.
621 2759 661 2786 C:
683 2759 810 2786 viderat.
901 2759 948 2786 26.
970 2760 1012 2786 A:
1035 2764 1080 2785 cst
1100 2759 1163 2785 Deo
1185 2758 1297 2793 quoad.
1386 2758 1431 2784 28.
1453 2757 1507 2784 AB
1528 2757 1557 2784 in

240 2803 306 2822 mar
331 2805 354 2822 .:
383 2795 536 2828 Dubinmg
566 2794 606 2821 ib.
629 2795 672 2821 A:
701 2793 912 2829 principaliter
938 2794 1032 2820 deest.
1142 2792 1180 2819 31.
1203 2793 1241 2819 B:
1271 2791 1353 2826 quod
1376 2792 1557 2818 secundum.

239 2829 283 2857 32.
343 2840 348 2856 z
370 2830 479 2865 possit.
552 2828 595 2856 33.
616 2828 638 2856 B
659 2828 689 2855 in
711 2836 825 2863 marg:
852 2828 990 2856 Solucio.
1012 2828 1103 2855 Solus
1125 2827 1267 2854 Clu-istus
1288 2826 1421 2852 absolvit
1440 2825 1558 2861 simpli-

241 2865 316 2892 citer
336 2872 352 2891 a
374 2868 508 2899 peccata
565 2862 608 2891 35.
624 2865 668 2891 A:
690 2864 735 2890 vel
757 2862 883 2890 remittit
904 2884 909 2890 .
928 2884 932 2889 .
952 2884 957 2889 .
976 2884 981 2890 .
1004 2863 1097 2889 donat
1118 2862 1142 2888 ci
1165 2862 1320 2889 iniuriam.
1385 2859 1428 2891 35,
1444 2860 1492 2888 30.
1513 2862 1557 2888 A:

241 2899 335 2926 homo
357 2899 471 2926 nullus.

1354 2940 1396 2962 20
1416 2932 1436 2951 ’θ

1573 477 1689 511 prais-:s
1707 477 1776 504 God
1794 478 1845 504 but

1582 511 1655 538 does
1677 516 1729 550 not
1749 512 1837 539 make

1651 550 1766 581 private

1615 581 1801 608 confession.

1617 1076 1682 1103 Con
1688 1076 1800 1104 sessim}

1583 1111 1692 1138 should
1714 1112 1835 1139 include

1608 1146 1815 1173 amendmcnt.

1606 1944 1756 1973 Wliether
1776 1946 1813 1972 all

1641 1979 1729 2007 riests
1749 1988 1804 2007 can

1600 2023 1616 2041 a
1642 2015 1736 2048 solve,
1757 2015 1815 2042 and

1591 2049 1671 2076 from
1694 2050 1730 2076 all
1752 2049 1828 2076 sins.

1608 2234 1657 2262 No
1678 2243 1736 2262 one
1756 2243 1811 2262 can

1593 2270 1685 2305 really
1706 2270 1830 2296 absolve

1620 2305 1671 2331 but
1691 2304 1805 2331 Christ.
