2017 3353
109 300 180 346 198

133 470 199 497 The
221 469 332 497 second

147 504 272 540 petition
294 504 319 530 is

124 539 291 566 addressed
313 543 342 565 to

162 574 211 601 the
232 575 305 603 Son.

123 990 189 1018 Tlle
211 990 290 1017 [llil‘d
313 995 342 1017 lo

147 1026 196 1052 the
217 1025 322 1060 Spirit.

97 1337 174 1364 How
191 1337 288 1365 God’s
311 1338 369 1364 will

96 1380 165 1407 may
182 1372 217 1399 be
231 1372 370 1400 resisted.

154 1973 220 2000 The
241 1974 309 2000 foui·

97 2008 242 2043 petitions
266 2009 299 2035 01‘
322 2009 369 2035 [lie

127 2043 238 2070 second
262 2047 338 2077 part.

687 302 909 333 JOHANNIS
930 300 1113 332 wchF
1132 301 1386 333 SERMONUM
1427 288 1577 345 [SERMO
1594 298 1700 326 xxm.

388 410 558 457 spondet
591 408 894 456 quodammodo
928 409 1011 442 Deo
1046 406 1161 455 patri,
1195 409 1262 444 sed
1297 420 1384 443 cum
1423 407 1525 443 filius
1558 407 1605 443 sit
1640 420 1704 444 rex

386 466 717 514 sapientissimus,
741 466 956 501 secundam
985 464 1220 512 peticionem
1244 464 1487 513 porrigimus
1511 464 1584 513 ipsi
1610 465 1704 504 filio.

388 537 478 561 cum
523 537 704 560 oramus:
751 523 938 559 Adveniet!
983 535 1146 573 regumn
1195 531 1312 559 titum.
1361 522 1552 568 Quamvis
1597 523 1701 559 enim

386 581 523 619 omnia
562 594 637 630 que
675 580 855 617 evenient
895 582 942 616 de
980 581 1214 618 necessitate
1248 580 1440 623 evenient,
1482 590 1518 617 et
1552 581 1705 617 facilius

386 641 487 676 foret
521 640 650 676 celum
685 648 721 675 et
754 648 901 675 terram
937 637 1098 675 dissolvi
1131 652 1250 687 quam
1276 638 1580 687 generacionem
1616 642 1738 687 pre-5

387 697 678 734 destinatorum
713 697 933 733 secundum
958 696 1139 733 ordinem
1165 709 1281 745 quem
1305 696 1481 733 Trinitas
1505 696 1705 733 ordinavit

387 769 467 792 non
499 754 670 803 impleri,
703 764 740 791 et
764 767 854 791 cum
888 766 1046 791 necesse
1079 763 1135 790 est
1168 756 1274 803 quod
1315 767 1474 791 oremus
1507 767 1579 803 pro
1623 754 1705 791 eius

387 813 627 861 implecione
665 814 715 849 ad
760 813 996 849 elevandum
1043 821 1217 849 mentem
1257 812 1297 848 in
1335 815 1461 849 Deum
1502 822 1538 849 et
1580 812 1706 860 expri-

389 873 576 907 mendum
616 879 796 907 nostrum
836 869 1092 917 desiderium,
1131 879 1172 906 ut
1213 870 1295 907 eius
1328 870 1578 918 beneplacito
1613 883 1705 907 con—

388 930 627 973 formemur;
661 928 752 965 ideo
785 927 964 976 sequitur
1002 928 1042 964 in
1082 928 1280 976 peticione
1314 928 1437 965 tercia
1470 941 1764 976 correspon-10

387 988 525 1023 denter
558 988 608 1023 ad
632 986 826 1034 Spiritum
852 987 1064 1022 Sanctum:
1097 987 1186 1022 Fiat
1219 987 1395 1022 voluntas
1427 994 1504 1033 tua,
1541 987 1638 1023 sicut
1670 986 1705 1022 in

385 1045 465 1081 celo
504 1052 539 1081 et
577 1045 612 1080 in
651 1052 772 1080 terra.
824 1044 1015 1089 Quamvis
1054 1044 1159 1080 enim
1204 1045 1313 1080 nulla
1359 1053 1542 1081 creatura
1582 1043 1706 1092 possit

386 1101 533 1139 alicubi
586 1101 657 1138 Dei
714 1101 1009 1150 beneplacitum
1066 1101 1280 1150 impedire,
1340 1112 1616 1139 verumtamen
1666 1101 1705 1138 in

385 1169 491 1197 terra
530 1161 652 1196 homo
691 1159 946 1208 singulariter
985 1173 1075 1196 cum
1114 1160 1202 1209 ipso
1241 1159 1402 1196 diabolo
1441 1160 1582 1196 nititur
1621 1159 1706 1196 uni-

386 1217 528 1255 versali
552 1217 714 1254 Domini
746 1217 942 1254 voluntati
975 1217 1169 1264 resistere,
1204 1231 1295 1254 nam
1331 1220 1417 1254 Act.
1447 1220 1535 1254 V110
1562 1217 1763 1254 dicitur15

385 1289 406 1313 a
440 1277 644 1324 Stephano
676 1275 872 1324 perversis
902 1275 1054 1312 Judeis:
1087 1277 1160 1312 Vos
1191 1289 1343 1325 semper
1375 1276 1538 1325 Spiritui
1568 1277 1707 1312 Sancto

386 1334 573 1370 resistitis.
609 1333 800 1379 Quamvis
834 1333 939 1370 enim
980 1346 1187 1382 perversus
1231 1334 1340 1370 nisus
1384 1333 1605 1370 infidelium
1640 1333 1706 1381 qui

385 1400 475 1428 sunt
510 1394 590 1428 Deo
625 1391 815 1429 contrarii
849 1405 929 1428 non
962 1400 1092 1440 potest
1124 1392 1315 1428 frustrare
1349 1391 1445 1441 quin
1478 1391 1549 1428 Dei
1590 1393 1707 1427 bene-

385 1449 580 1498 placitum
625 1449 674 1485 sit
718 1449 944 1498 impletum,
990 1459 1125 1486 tamen
1169 1449 1334 1487 affeccio
1380 1458 1415 1486 et
1464 1448 1704 1486 desiderium

385 1507 536 1544 orantis
569 1507 710 1544 elevati
743 1507 782 1543 in
816 1510 943 1544 Deum
978 1516 1108 1556 potest
1144 1507 1346 1544 meritorie
1379 1507 1565 1544 affectare
1599 1509 1705 1555 quod
1723 1519 1765 1540 20

383 1566 567 1601 voluntas
601 1565 672 1601 Dei
706 1574 787 1601 tarn
828 1565 1063 1613 regulariter
1097 1565 1198 1602 sicut
1230 1565 1420 1614 impletur
1458 1565 1497 1601 in
1532 1566 1630 1605 celo,
1670 1574 1707 1601 et

385 1623 424 1658 in
457 1632 563 1659 terra
598 1632 679 1659 tam
714 1623 949 1671 regulariter
982 1623 1209 1671 impleatur.
1245 1626 1286 1659 In
1320 1625 1395 1659 hoc
1429 1623 1533 1659 enim
1568 1636 1705 1659 sumus

384 1681 609 1717 conformes
648 1680 846 1717 voluntati
885 1681 955 1717 Dei
995 1681 1062 1730 qui
1101 1683 1320 1718 secundum
1354 1682 1592 1729 Apostolum
1628 1681 1706 1716 vult

383 1751 513 1775 omnes
545 1739 715 1775 homines
745 1739 875 1775 salvos
893 1740 1003 1789 fieri,
1036 1748 1073 1775 et
1096 1739 1150 1776 ita
1174 1740 1289 1776 debet
1314 1740 1436 1775 homo
1458 1740 1557 1775 velle
1581 1738 1705 1787 Spiri-

383 1806 466 1832 tum
508 1798 698 1833 Sanctum
732 1796 842 1833 illam
882 1797 1133 1833 volucionem
1175 1796 1437 1834 universalem
1472 1798 1630 1837 habere,
1664 1805 1706 1832 ut
1723 1799 1761 1830 25

384 1867 522 1890 omnes
562 1854 743 1890 homines
782 1854 859 1890 sint
899 1854 995 1891 salvi
1029 1864 1066 1891 et
1098 1868 1178 1891 non
1211 1857 1318 1903 quod
1352 1867 1491 1891 omnes
1524 1854 1704 1891 homines

384 1921 474 1948 sunt
506 1912 602 1948 salvi
636 1916 692 1957 (ut
725 1921 834 1960 patet
867 1912 1006 1949 diffuse
1039 1912 1161 1955 alibi).

443 1971 626 2006 Secunda
666 1982 759 2006 vero
799 1983 890 2018 pars
930 1970 970 2006 in
1003 1984 1080 2018 qua
1114 1979 1286 2019 quatuor
1320 1970 1574 2006 continentur
1606 1970 1704 2018 peti-

385 2027 519 2064 ciones
573 2040 619 2064 eo
660 2027 859 2076 posterior
897 2037 953 2064 est
993 2028 1116 2076 priori
1156 2041 1235 2076 quo
1274 2030 1379 2064 Deus
1418 2029 1499 2064 vult
1541 2041 1701 2064 omnem

385 2085 589 2121 hominem
630 2085 670 2121 in
708 2085 818 2121 omni
856 2099 928 2122 suo
967 2099 1088 2134 opere
1136 2087 1329 2121 honorem
1364 2085 1435 2122 Dei
1480 2098 1702 2134 preponere
1719 2090 1761 2122 30

385 2152 421 2179 et
467 2142 742 2191 principaliter
787 2156 859 2191 pro
905 2143 991 2191 ipso
1035 2144 1176 2180 zelare.
1223 2145 1340 2189 Quod
1385 2143 1415 2179 si
1467 2143 1702 2180 universitas

384 2200 582 2236 viatorum
609 2201 808 2248 complete
832 2202 991 2241 faceret,
1028 2201 1228 2237 maliciam
1264 2201 1417 2248 peccati
1449 2201 1489 2237 in
1521 2210 1606 2237 toto
1641 2214 1701 2238 ex-

384 2258 593 2305 tingueret.
640 2258 776 2296 Primo
822 2272 915 2306 ergo
960 2258 1132 2307 petimus
1176 2259 1511 2295 sustentacionem
1552 2259 1622 2295 Dei
1663 2259 1701 2294 in

384 2315 561 2351 subsidio
602 2316 802 2363 corporali
847 2329 937 2352 cum
983 2316 1125 2365 quibus
1164 2316 1292 2352 viator
1331 2320 1701 2365 (quantumcunque

385 2386 550 2420 magnus
590 2373 776 2410 dominus
816 2374 947 2420 fuerit)
979 2374 1019 2410 in
1052 2373 1361 2422 comparacione
1394 2376 1443 2411 ad
1483 2374 1699 2411 Dominum
1718 2379 1758 2412 35

382 2430 608 2467 necessario
654 2440 710 2467 est
755 2431 974 2477 mendicus,
1020 2444 1109 2468 cum
1161 2433 1380 2468 secundum
1434 2432 1699 2481 Augustinum

382 2488 644 2525 necessitatur
677 2488 823 2525 cotidie
857 2491 905 2525 ad
939 2489 997 2525 sui
1031 2489 1321 2526 relevacionem
1350 2503 1490 2539 panem
1525 2492 1573 2527 ab
1613 2489 1700 2538 ipso

451 2618 475 2637 2.
490 2610 555 2637 BC:
572 2610 738 2637 secundam
756 2610 849 2637 deest.
888 2610 911 2638 3.
925 2612 968 2638 A:
985 2620 1053 2638 cum
1071 2611 1219 2639 dicimus:
1237 2612 1276 2639 ib.
1291 2613 1334 2639 A:
1352 2620 1478 2645 regnum
1496 2617 1581 2639 tuum
1598 2613 1697 2641 deest:

381 2645 421 2671 ib.
444 2645 469 2671 Α
492 2645 520 2671 in
544 2653 656 2679 marg:
678 2653 702 2671 2.
741 2655 770 2678 4.
794 2645 858 2672 BC:
881 2654 938 2680 que
959 2646 1097 2672 evenient
1112 2662 1144 2664 —
1159 2647 1296 2673 evenient
1317 2647 1410 2673 deest.
1450 2646 1477 2673 6.
1499 2648 1543 2674 A:
1565 2647 1696 2674 ordinat.

382 2688 406 2714 7.
431 2679 495 2706 BC:
517 2684 543 2706 et
564 2684 675 2706 tamen.
734 2688 766 2706 11.
790 2679 829 2706 C:
851 2684 878 2706 et
899 2680 957 2706 liat.
1017 2689 1049 2711 ii,
1068 2688 1104 2707 12.
1120 2681 1164 2707 A:
1188 2681 1399 2708 sicutmiesra
1421 2681 1514 2708 deest.
1572 2690 1608 2708 12.
1627 2682 1648 2708 l),
1669 2682 1696 2708 in

382 2722 496 2748 marg:
516 2714 714 2741 Voluntatem
737 2714 917 2749 beneplaciti
939 2715 1030 2741 nieliil
1054 2719 1153 2749 potest
1174 2715 1334 2751 impedire,
1357 2720 1425 2742 ante
1445 2724 1570 2742 oramus
1592 2720 1621 2742 nt
1643 2716 1698 2742 im—

382 2749 509 2783 pleatur.
584 2747 752 2785 13-152A:
774 2748 997 2784 beneplacitum
1019 2765 1052 2768 —
1074 2750 1197 2776 Homini
1220 2750 1313 2777 deest.
1383 2750 1419 2777 15.
1441 2751 1485 2777 A:
1509 2750 1697 2785 beneplacito

383 2783 532 2810 resistere.
608 2782 645 2815 15„
664 2787 704 2810 ιο.
728 2782 793 2810 BC:
816 2782 889 2810 dicit
909 2784 1093 2818 Stephanus.
1168 2792 1206 2811 21.
1225 2785 1261 2812 ss:
1285 2785 1337 2811 sie.
1411 2792 1454 2811 22.
1476 2785 1519 2811 A:
1541 2784 1695 2819 impletur.

381 2817 423 2843 23.
447 2817 512 2844 BC:
534 2817 713 2844 concordes.
786 2825 832 2851 24.
856 2817 920 2844 BC:
943 2817 981 2844 iia
1003 2818 1103 2849 deest:
1134 2819 1174 2845 ib.
1196 2820 1223 2846 A
1244 2819 1273 2846 in
1297 2827 1410 2854 marg:
1438 2819 1518 2846 Nota
1539 2819 1696 2853 quomodo

381 2859 489 2878 sumus
509 2852 684 2879 conformes
704 2852 851 2879 voluntati
873 2852 984 2888 dix-ine.
1007 2861 1031 2879 ai.
1105 2853 1152 2883 26,
1168 2861 1211 2888 27.
1236 2853 1301 2881 BC:
1323 2858 1351 2880 et
1372 2862 1431 2880 non
1452 2869 1485 2872 —
1506 2853 1579 2880 salvi
1601 2853 1694 2880 deest.

381 2893 424 2920 27.
443 2886 506 2913 BC:
529 2891 559 2913 ut
579 2886 688 2913 diffuse
708 2886 778 2913 alibi
800 2886 872 2913 dixi.
922 2887 966 2913 28.
988 2888 1016 2914 A
1036 2887 1065 2914 in
1087 2896 1201 2922 marg:
1225 2888 1252 2914 b.
1301 2886 1339 2915 31.
1361 2888 1405 2915 A:
1429 2887 1537 2915 unitas.
1584 2886 1627 2914 32.
1647 2888 1691 2915 A:

380 2920 457 2947 foret
479 2920 599 2948 malicia
620 2941 625 2947 .
643 2941 648 2946 .
666 2941 671 2947 .
694 2929 754 2947 non
775 2921 972 2955 contingeret.
1047 2921 1092 2948 30.
1114 2923 1157 2949 A:
1179 2922 1261 2949 intus
1282 2926 1327 2949 est
1348 2922 1516 2949 munditus.
