2017 3353
237 267 374 297 senno
395 259 492 315 xix]
752 272 892 304 PR1MA
916 272 1041 305 PARS.

235 376 365 413 meriti
405 390 426 414 a
461 377 595 414 multis
629 377 867 414 demonibus
899 387 990 415 sunt
1022 388 1178 422 vexata;
1225 379 1408 416 diabolus
1441 380 1545 417 enim

234 434 329 470 dicit
363 436 470 483 quod
504 448 626 483 opera
660 435 726 472 illa
749 449 822 484 pro
846 437 972 473 salute
994 446 1131 473 nostra
1155 437 1377 479 sufficiunt2
1411 452 1547 486 ymmo

232 494 393 540 quando
426 492 557 529 illudit
580 493 716 537 menti,
750 494 987 542 profundius
1017 495 1112 531 dicit
1136 497 1243 543 quod
1267 509 1340 543 pro
1365 497 1548 533 habenda

233 550 375 586 maiori
409 552 591 587 mercede
624 551 754 600 ipsum
789 552 934 588 sufficit
967 554 1150 589 adorare.
1185 554 1262 589 Sed
1295 554 1548 591 consciencia

200 611 275 643 5ex
313 608 486 645 naturali
527 609 717 645 instinctu
757 609 819 646 isti
860 610 1061 647 sentencie
1113 611 1394 648 contradicens
1434 621 1547 660 rogat

232 667 358 702 Deum
393 666 624 713 instancius,
657 680 738 704 non
762 669 945 704 obstante
978 677 1231 717 satraparum
1265 668 1414 706 iudicio
1439 671 1547 719 quod

230 723 333 760 vivat
367 733 403 760 et
436 734 526 772 agat
558 726 754 762 voluntati
784 725 854 762 Dei
889 727 1150 763 conformiter
1183 736 1220 763 et
1252 740 1333 764 non
1367 728 1405 764 in
1440 741 1547 764 erro-

230 781 338 817 ribus
372 782 549 819 demonii
583 785 810 820 seducatur.

287 839 468 876 Christus
501 850 633 877 autem
672 842 797 878 defert
835 841 1079 890 peticionem
1119 844 1170 879 ad
1209 844 1468 880 devocionem
1511 854 1547 881 et

176 897 416 933 1omeritum
450 900 689 935 acuendum.
739 902 793 936 Ex
826 912 905 948 quo
939 909 1048 948 patet
1081 902 1189 949 quod
1229 903 1420 938 debemus
1460 915 1547 950 per-

173 1192 209 1225 15

228 967 408 992 severare
453 965 626 1003 orantes,
674 966 710 994 et
749 957 780 994 si
821 958 1029 995 deficimus
1062 972 1084 995 a
1116 959 1242 1007 petito
1275 961 1335 996 vel
1368 960 1399 996 si
1430 961 1546 996 susti-

227 1025 368 1049 nemus
413 1015 632 1062 opprobria
678 1024 843 1064 propter
887 1028 997 1064 spem
1053 1017 1248 1054 mercedis
1292 1018 1423 1054 future
1471 1032 1546 1066 que

227 1071 480 1118 sperantibus
534 1073 770 1121 simpliciter
822 1087 903 1110 non
952 1075 1139 1111 defertur.
1202 1075 1266 1112 Sic
1314 1076 1417 1112 enim
1475 1078 1545 1113 hec

228 1129 370 1166 mulier
414 1130 571 1178 gentilis
616 1140 852 1180 comparata
897 1132 986 1168 cani
1034 1142 1198 1181 propter
1244 1134 1543 1171 vehemenciam

228 1187 318 1223 fidei
352 1188 447 1224 dixit
480 1190 588 1237 quod
621 1189 787 1237 gentiles
820 1199 1027 1239 tamquam
1063 1204 1180 1227 canes
1214 1201 1396 1240 respectu
1428 1194 1545 1229 Jude-

226 1257 340 1281 orum
385 1247 444 1292 (ut
476 1256 585 1295 patet
618 1250 630 1283 Ι
671 1249 762 1296 Reg.
805 1249 921 1293 XVII,
955 1249 1023 1297 43)
1057 1248 1209 1297 aliquid
1247 1250 1547 1298 participabunt

227 1304 274 1339 de
307 1316 445 1340 eorum
481 1304 569 1341 cibo
602 1305 813 1353 spirituali,
847 1315 888 1342 ut
922 1306 1053 1343 catelli
1086 1308 1195 1343 edent
1227 1309 1273 1344 de
1296 1309 1402 1344 micis
1426 1309 1545 1344 donzi-

226 1374 375 1397 norum.
411 1363 592 1399 Christus
625 1372 759 1400 autem
794 1364 885 1400 licet
919 1364 991 1400 fuit
1024 1366 1230 1413 apostolus
1268 1366 1546 1414 principaliter

223 1420 442 1456 Judeorum
483 1422 533 1457 ad
579 1422 878 1458 confirmandas
922 1423 1210 1470 promissiones
1255 1437 1352 1472 quas
1397 1425 1545 1461 fecerat

166 1490 209 1512 20
224 1477 463 1524 patriarchis
496 1480 550 1525 (et
584 1479 766 1516 meminit
805 1481 1011 1528 apostolus
1044 1482 1094 1517 ad
1127 1483 1330 1518 Romanos
1362 1484 1466 1529 XV0‚
1502 1484 1544 1519 8:

163 2060 203 2091 30

160 2350 200 2383 35

224 1535 335 1582 Dico,
376 1536 518 1585 inquit,
557 1538 686 1574 Jesmn
733 1538 930 1574 Christum
970 1539 1188 1575 ministrum
1218 1541 1348 1589 fuisse
1380 1541 1543 1577 circum-

222 1593 374 1629 cisionis
395 1595 447 1630 ad
475 1595 763 1646 emisit-mandas
789 1597 1069 1646 promissiones
1095 1598 1288 1647 patrum),
1320 1607 1455 1635 tamen
1484 1612 1545 1636 ra-

223 1660 355 1687 renter
388 1653 608 1700 predicavit
639 1655 700 1690 vel
733 1654 824 1691 fecit
858 1654 1051 1692 miracula
1086 1655 1126 1691 in
1159 1656 1343 1704 gentibus
1373 1658 1422 1693 ad
1447 1657 1543 1705 figu-

222 1711 392 1745 randum
427 1711 636 1748 ecclesiam
669 1712 854 1759 gencium
888 1713 1063 1750 futuram
1098 1726 1168 1762 per
1201 1714 1283 1751 eius
1325 1714 1543 1763 discipulos

189 1769 202 1802 ἶ
222 1766 489 1805 inserendam.
524 1771 573 1805 Et
606 1782 695 1806 cum
719 1771 866 1806 Judeus
890 1770 1178 1819 interpretatur
1201 1772 1409 1819 confitens,
1433 1782 1542 1821 patet

221 1827 329 1873 quod
361 1827 491 1862 solum
525 1827 581 1863 sic
615 1828 898 1864 confitentibus
931 1830 981 1865 ad
1015 1830 1184 1866 salutem
1225 1843 1363 1867 eorum
1403 1844 1542 1879 perpe-

219 1892 329 1919 tuam
385 1893 468 1920 erat
522 1885 676 1931 missus,
734 1887 842 1934 quod
896 1888 1069 1935 populus
1121 1888 1278 1936 gentilis
1332 1898 1539 1938 tamquam

219 1941 362 1977 mulier
402 1942 489 1988 ista,
530 1943 761 1992 concipiens
801 1944 841 1980 in
881 1945 1081 1992 peticione
1120 1946 1192 1982 ista
1227 1946 1420 1995 predicta,
1460 1960 1541 1984 non

219 2000 403 2036 obstante
442 2001 734 2048 reprobacione
771 2002 950 2049 Judaica,
997 2003 1036 2039 in
1076 2004 1276 2052 peticione
1320 2005 1540 2042 instancius

219 2066 456 2105 perseverat.
491 2061 538 2095 Et
571 2060 643 2096 hec
677 2069 733 2096 est
764 2060 947 2097 doctrina
973 2062 1146 2109 apostoli
1177 2063 1349 2099 IThess.
1373 2065 1442 2109 VO,
1473 2076 1539 2111 17:

219 2115 307 2151 Sine
345 2116 637 2165 intermissione,
677 2117 819 2166 inquit,
865 2127 984 2156 orate.
1034 2122 1082 2156 Et
1121 2129 1230 2168 patet
1268 2134 1406 2157 sensus
1445 2123 1539 2158 alle-

217 2173 375 2220 goricus
409 2175 457 2210 ab
482 2176 557 2211 hoc
581 2176 785 2224 evangelio
811 2178 1095 2223 extrahenda&
1120 2179 1188 2214 sed
1211 2192 1283 2215 nos
1307 2179 1539 2216 notabiliter

217 2231 348 2267 sensui
383 2233 525 2269 morali
559 2234 751 2270 debemus
784 2234 1004 2281 intendere,
1040 2249 1129 2272 cum
1170 2236 1277 2273 iuxta
1311 2238 1536 2274 doctrinam

218 2290 409 2337 evangelii
455 2291 625 2338 proximi
665 2293 855 2328 debemus
894 2294 1158 2342 temptacioni
1199 2295 1348 2331 diaboli
1390 2296 1537 2344 triplici

216 2347 426 2394 tripliciter
459 2351 714 2397 respondere.
760 2353 841 2387 Nec
880 2352 1099 2388 sufficimus
1138 2365 1159 2389 a
1199 2353 1315 2389 nobis
1348 2354 1459 2402 quasi
1495 2367 1536 2390 ex

216 2405 330 2440 nobis
370 2406 574 2443 meritorie
598 2408 724 2444 eciam
750 2409 944 2456 cogitare:
975 2410 1064 2447 ideo
1088 2423 1169 2447 non
1193 2421 1371 2459 superest
1396 2412 1469 2448 nisi
1495 2422 1536 2448 ut

216 2463 356 2498 demus
389 2476 553 2511 operam
586 2466 766 2502 oracioni
791 2475 834 2502 ut
858 2469 962 2504 Deus
994 2468 1154 2505 adiuvet
1188 2469 1533 2513 insufficienciam,

216 2533 293 2568 qua
332 2534 402 2557 sua
441 2522 591 2559 fabrica
630 2533 865 2572 occupatur.
912 2527 959 2561 Et
999 2526 1030 2562 si
1069 2527 1288 2575 suppositis
1328 2527 1443 2564 dictis
1488 2530 1534 2564 de

215 2578 292 2615 fide
335 2579 529 2616 Sermone
573 2582 656 2617 XIII
711 2591 871 2630 oportet
916 2583 988 2619 sibi
1035 2593 1173 2632 aptare
1219 2585 1449 2622 oracionem
1498 2595 1534 2622 et

285 2696 304 2716 1.
325 2690 369 2716 A:
392 2698 407 2716 a
429 2690 533 2717 multis
554 2691 787 2719 devocionibus.
851 2701 876 2720 2.
899 2693 965 2721 BC:
987 2703 1093 2730 ymmo
1115 2695 1208 2723 deest.
1264 2706 1293 2730 4.
1316 2697 1359 2723 A:
1388 2697 1531 2724 mercedi.

216 2726 243 2749 o.
267 2722 305 2750 C:
328 2724 500 2752 dominum.
568 2734 596 2761 9.
618 2727 645 2753 Α
666 2726 695 2753 in
719 2735 833 2762 marg:
855 2727 934 2755 Nota
956 2728 992 2756 de
1014 2731 1256 2764 perseverancia.
1331 2731 1372 2758 16.
1394 2733 1438 2758 A:
1460 2731 1530 2765 Reg.

215 2758 352 2792 sequitur
379 2759 502 2791 lacuna:
530 2760 562 2787 Β.
589 2760 659 2795 Reg.
688 2761 753 2788 XV.
881 2771 919 2798 17.
948 2764 985 2790 13:
1014 2765 1117 2792 edunt.
1236 2766 1343 2797 1‹,.A:
1372 2766 1407 2792 ad
1437 2766 1530 2793 deest.

215 2792 257 2819 25.
279 2794 323 2819 A:
345 2802 414 2820 cnm
436 2794 529 2822 heus,
626 2803 669 2830 27.
692 2796 736 2822 A:
757 2797 839 2854 {uod
861 2806 934 2831 gens
954 2798 1079 2826 Jndaica
1100 2804 1160 2826 tam
1189 2809 1268 2826 nam.
1366 2803 1411 2827 2⁵¹.
1434 2802 1478 2827 A:
1501 2801 1528 2827 in

215 2827 310 2864 deest.
384 2836 430 2863 29.
455 2828 519 2856 BC:
542 2829 570 2855 in
594 2830 687 2857 deest.
762 2833 805 2858 22.
828 2832 871 2858 A:
893 2834 1091 2860 extrahendo.
1165 2807 1213 2862 ⁴35.
1236 2834 1301 2861 MC:
1324 2839 1479 2869 tamqnam
1503 2844 1528 2861 a.

216 2860 260 2887 1³0.
285 2863 327 2888 A:
349 2862 418 2889 ideo
439 2863 532 2890 deest.
606 2864 650 2899 37.
672 2865 715 2891 A:
738 2874 863 2900 operam
887 2867 981 2894 deest.
1056 2867 1100 2895 38.
1123 2869 1165 2895 A:
1188 2869 1256 2904 quin
1279 2877 1343 2895 sna.
1417 2869 1462 2899 30.
1484 2871 1527 2896 A:

216 2898 364 2923 Sermone
386 2897 465 2924 XIV.

1370 2963 1390 2995 9

1764 278 1836 316 129

1616 388 1737 428 [langor
1757 391 1792 417 of

1563 427 1695 458 trusting
1726 429 1755 451 to
1782 434 1839 453 oin*

1593 459 1672 492 good
1697 460 1807 486 xxm-ks.

1564 850 1668 878 Christ
1699 856 1768 890 puts
1797 852 1841 879 oss'

1564 885 1612 912 the
1646 886 1772 920 pention
1807 887 1835 913 in

1628 921 1719 947 order
1739 926 1769 947 10

1633 955 1764 990 sllarpen

1627 995 1772 1025 entreaty.

1555 2127 1637 2155 Need
1661 2129 1695 2155 os
1708 2137 1825 2165 prayer.

1553 2359 1597 2386 Of
1609 2361 1764 2387 ourselves
1780 2370 1825 2388 we

1587 2400 1699 2421 cannot
1716 2405 1788 2423 eren

1587 2429 1670 2456 think
1693 2439 1725 2456 as
1747 2439 1790 2457 we

1637 2465 1741 2498 ought.
