<?xml version="1.0" encoding="UTF-8"?>
<!DOCTYPE html PUBLIC "-//W3C//DTD XHTML 1.0 Transitional//EN"
    "http://www.w3.org/TR/xhtml1/DTD/xhtml1-transitional.dtd">
<html xmlns="http://www.w3.org/1999/xhtml" xml:lang="en" lang="en">
 <head>
  <title>
</title>
<meta http-equiv="Content-Type" content="text/html;charset=utf-8" />
  <meta name='ocr-system' content='tesseract 3.04.00' />
  <meta name='ocr-capabilities' content='ocr_page ocr_carea ocr_par ocr_line ocrx_word'/>
</head>
<body>
  <div class='ocr_page' id='page_1' title='image "./iohanniswyclifse0701wycl_0310.png"; bbox 0 0 2017 3353; ppageno 0'>
   <div class='ocr_carea' id='block_1_1' title="bbox 164 637 435 743">
    <p class='ocr_par' dir='ltr' id='par_1_1' title="bbox 164 637 435 743">
     <span class='ocr_line' id='line_1_1' title="bbox 164 637 435 675; baseline 0 -9"><span class='ocrx_word' id='word_1_1' title='bbox 164 637 263 666; x_wconf 82' lang='lat' dir='ltr'><strong>There</strong></span> <span class='ocrx_word' id='word_1_2' title='bbox 280 647 329 666; x_wconf 85' lang='lat' dir='ltr'><strong>are</strong></span> <span class='ocrx_word' id='word_1_3' title='bbox 345 647 435 675; x_wconf 65' lang='lat' dir='ltr'><strong>many</strong></span> 
     </span>
     <span class='ocr_line' id='line_1_2' title="bbox 264 675 338 701; baseline 0 0"><span class='ocrx_word' id='word_1_4' title='bbox 264 675 338 701; x_wconf 70' lang='lat' dir='ltr'><strong>false</strong></span> 
     </span>
     <span class='ocr_line' id='line_1_3' title="bbox 198 709 400 743; baseline 0.01 -9"><span class='ocrx_word' id='word_1_5' title='bbox 198 709 400 743; x_wconf 63' lang='lat' dir='ltr'><strong>theologiam.</strong></span> 
     </span>
    </p>
   </div>
   <div class='ocr_carea' id='block_1_2' title="bbox 159 1102 431 1165">
    <p class='ocr_par' dir='ltr' id='par_1_2' title="bbox 159 1102 431 1165">
     <span class='ocr_line' id='line_1_4' title="bbox 159 1102 431 1139; baseline 0.004 -10"><span class='ocrx_word' id='word_1_6' title='bbox 159 1102 255 1138; x_wconf 78' lang='lat' dir='ltr'><strong>Judge</strong></span> <span class='ocrx_word' id='word_1_7' title='bbox 283 1103 365 1130; x_wconf 86' lang='lat' dir='ltr'><strong>them</strong></span> <span class='ocrx_word' id='word_1_8' title='bbox 395 1103 431 1139; x_wconf 68' lang='lat' dir='ltr'><strong>by</strong></span> 
     </span>
     <span class='ocr_line' id='line_1_5' title="bbox 199 1138 396 1165; baseline 0.005 -1"><span class='ocrx_word' id='word_1_9' title='bbox 199 1138 277 1164; x_wconf 81' lang='lat' dir='ltr'><strong>their</strong></span> <span class='ocrx_word' id='word_1_10' title='bbox 296 1138 396 1165; x_wconf 81' lang='lat' dir='ltr'><strong>fruitS.</strong></span> 
     </span>
    </p>
   </div>
   <div class='ocr_carea' id='block_1_3' title="bbox 704 270 1770 339">
    <p class='ocr_par' dir='ltr' id='par_1_3' title="bbox 704 270 1770 339">
     <span class='ocr_line' id='line_1_6' title="bbox 704 270 1770 339; baseline -0.004 -12"><span class='ocrx_word' id='word_1_11' title='bbox 704 296 928 327; x_wconf 81' lang='lat' dir='ltr'>JOHANNIS</span> <span class='ocrx_word' id='word_1_12' title='bbox 951 295 1132 327; x_wconf 63' lang='lat' dir='ltr'><strong>wvcrtr</strong></span> <span class='ocrx_word' id='word_1_13' title='bbox 1153 270 1409 328; x_wconf 75' lang='lat' dir='ltr'>SERMONUM</span> <span class='ocrx_word' id='word_1_14' title='bbox 1435 282 1586 339; x_wconf 67' lang='lat' dir='ltr'>[SERMO</span> <span class='ocrx_word' id='word_1_15' title='bbox 1603 293 1770 320; x_wconf 76' lang='lat' dir='ltr'><strong>xxxvm.</strong></span> 
     </span>
    </p>
   </div>
   <div class='ocr_carea' id='block_1_4' title="bbox 443 400 1859 2532">
    <p class='ocr_par' dir='ltr' id='par_1_4' title="bbox 443 400 1859 2532">
     <span class='ocr_line' id='line_1_7' title="bbox 453 400 1771 450; baseline 0.002 -14"><span class='ocrx_word' id='word_1_16' title='bbox 453 400 675 437; x_wconf 88' lang='lat' dir='ltr'><strong>scribarum</strong></span> <span class='ocrx_word' id='word_1_17' title='bbox 711 411 747 437; x_wconf 92' lang='lat' dir='ltr'><strong>et</strong></span> <span class='ocrx_word' id='word_1_18' title='bbox 780 401 1071 450; x_wconf 75' lang='lat' dir='ltr'>phariseorum,</span> <span class='ocrx_word' id='word_1_19' title='bbox 1106 414 1185 437; x_wconf 91' lang='lat' dir='ltr'><strong>non</strong></span> <span class='ocrx_word' id='word_1_20' title='bbox 1209 402 1322 449; x_wconf 91' lang='lat' dir='ltr'><strong>plene</strong></span> <span class='ocrx_word' id='word_1_21' title='bbox 1346 401 1581 449; x_wconf 77' lang='lat' dir='ltr'>purgabitur</span> <span class='ocrx_word' id='word_1_22' title='bbox 1606 402 1771 438; x_wconf 87' lang='lat' dir='ltr'><strong>ecclesia</strong></span> 
     </span>
     <span class='ocr_line' id='line_1_8' title="bbox 453 459 1768 507; baseline 0 -12"><span class='ocrx_word' id='word_1_23' title='bbox 453 460 501 495; x_wconf 86' lang='lat' dir='ltr'><strong>ab</strong></span> <span class='ocrx_word' id='word_1_24' title='bbox 535 459 718 495; x_wconf 82' lang='lat' dir='ltr'><strong>hereticis</strong></span> <span class='ocrx_word' id='word_1_25' title='bbox 751 459 931 507; x_wconf 80' lang='lat' dir='ltr'><strong>leprosis,</strong></span> <span class='ocrx_word' id='word_1_26' title='bbox 967 472 1066 507; x_wconf 86' lang='lat' dir='ltr'><strong>quos</strong></span> <span class='ocrx_word' id='word_1_27' title='bbox 1099 468 1258 507; x_wconf 87' lang='lat' dir='ltr'><strong>oportet</strong></span> <span class='ocrx_word' id='word_1_28' title='bbox 1290 469 1372 495; x_wconf 83' lang='lat' dir='ltr'><strong>tarn</strong></span> <span class='ocrx_word' id='word_1_29' title='bbox 1406 460 1615 507; x_wconf 80' lang='lat' dir='ltr'><strong>theologos</strong></span> <span class='ocrx_word' id='word_1_30' title='bbox 1649 473 1768 507; x_wconf 85' lang='lat' dir='ltr'><strong>quam</strong></span> 
     </span>
     <span class='ocr_line' id='line_1_9' title="bbox 451 517 1770 565; baseline 0 -12"><span class='ocrx_word' id='word_1_31' title='bbox 451 517 624 553; x_wconf 87' lang='lat' dir='ltr'><strong>scolares</strong></span> <span class='ocrx_word' id='word_1_32' title='bbox 669 517 853 553; x_wconf 87' lang='lat' dir='ltr'><strong>dominos</strong></span> <span class='ocrx_word' id='word_1_33' title='bbox 899 517 1117 553; x_wconf 89' lang='lat' dir='ltr'><strong>confutare.</strong></span> <span class='ocrx_word' id='word_1_34' title='bbox 1164 519 1291 553; x_wconf 90' lang='lat' dir='ltr'><strong>Immo</strong></span> <span class='ocrx_word' id='word_1_35' title='bbox 1337 519 1383 553; x_wconf 89' lang='lat' dir='ltr'><strong>de</strong></span> <span class='ocrx_word' id='word_1_36' title='bbox 1428 517 1522 565; x_wconf 92' lang='lat' dir='ltr'><strong>ipsis</strong></span> <span class='ocrx_word' id='word_1_37' title='bbox 1575 517 1770 565; x_wconf 75' lang='lat' dir='ltr'><strong>theologis</strong></span> 
     </span>
     <span class='ocr_line' id='line_1_10' title="bbox 453 574 1770 623; baseline 0 -12"><span class='ocrx_word' id='word_1_38' title='bbox 453 574 519 623; x_wconf 88' lang='lat' dir='ltr'><strong>qui</strong></span> <span class='ocrx_word' id='word_1_39' title='bbox 552 588 574 611; x_wconf 89' lang='lat' dir='ltr'><strong>a</strong></span> <span class='ocrx_word' id='word_1_40' title='bbox 607 576 715 611; x_wconf 89' lang='lat' dir='ltr'><strong>scola</strong></span> <span class='ocrx_word' id='word_1_41' title='bbox 749 575 895 612; x_wconf 86' lang='lat' dir='ltr'><strong>Christi</strong></span> <span class='ocrx_word' id='word_1_42' title='bbox 935 575 1060 623; x_wconf 83' lang='lat' dir='ltr'><strong>magis</strong></span> <span class='ocrx_word' id='word_1_43' title='bbox 1101 577 1343 623; x_wconf 83' lang='lat' dir='ltr'><strong>degenerant</strong></span> <span class='ocrx_word' id='word_1_44' title='bbox 1377 584 1434 611; x_wconf 90' lang='lat' dir='ltr'><strong>est</strong></span> <span class='ocrx_word' id='word_1_45' title='bbox 1468 575 1649 611; x_wconf 90' lang='lat' dir='ltr'><strong>fidelibus</strong></span> <span class='ocrx_word' id='word_1_46' title='bbox 1684 577 1770 623; x_wconf 89' lang='lat' dir='ltr'><strong>plus</strong></span> 
     </span>
     <span class='ocr_line' id='line_1_11' title="bbox 452 632 1803 682; baseline 0 -13"><span class='ocrx_word' id='word_1_47' title='bbox 452 633 689 669; x_wconf 89' lang='lat' dir='ltr'><strong>timendum.</strong></span> <span class='ocrx_word' id='word_1_48' title='bbox 725 632 911 681; x_wconf 76' lang='lat' dir='ltr'><strong>Religiosi</strong></span> <span class='ocrx_word' id='word_1_49' title='bbox 945 646 1118 682; x_wconf 87' lang='lat' dir='ltr'><strong>namque</strong></span> <span class='ocrx_word' id='word_1_50' title='bbox 1153 632 1279 669; x_wconf 88' lang='lat' dir='ltr'><strong>dotati</strong></span> <span class='ocrx_word' id='word_1_51' title='bbox 1314 641 1350 669; x_wconf 92' lang='lat' dir='ltr'><strong>et</strong></span> <span class='ocrx_word' id='word_1_52' title='bbox 1380 633 1519 669; x_wconf 89' lang='lat' dir='ltr'><strong>fratres</strong></span> <span class='ocrx_word' id='word_1_53' title='bbox 1543 633 1803 681; x_wconf 77' lang='lat' dir='ltr'><strong>exproprie—5</strong></span> 
     </span>
     <span class='ocr_line' id='line_1_12' title="bbox 451 691 1769 739; baseline 0 -12"><span class='ocrx_word' id='word_1_54' title='bbox 451 691 542 727; x_wconf 89' lang='lat' dir='ltr'><strong>tarii</strong></span> <span class='ocrx_word' id='word_1_55' title='bbox 582 692 808 727; x_wconf 89' lang='lat' dir='ltr'><strong>deserentes</strong></span> <span class='ocrx_word' id='word_1_56' title='bbox 849 691 1098 739; x_wconf 83' lang='lat' dir='ltr'><strong>evangelium</strong></span> <span class='ocrx_word' id='word_1_57' title='bbox 1138 692 1226 739; x_wconf 91' lang='lat' dir='ltr'><strong>plus</strong></span> <span class='ocrx_word' id='word_1_58' title='bbox 1265 692 1501 739; x_wconf 83' lang='lat' dir='ltr'><strong>perturbant</strong></span> <span class='ocrx_word' id='word_1_59' title='bbox 1546 691 1769 732; x_wconf 73' lang='lat' dir='ltr'><strong>ecclesiam,</strong></span> 
     </span>
     <span class='ocr_line' id='line_1_13' title="bbox 451 749 1770 797; baseline 0.001 -13"><span class='ocrx_word' id='word_1_60' title='bbox 451 761 586 796; x_wconf 85' lang='lat' dir='ltr'><strong>ymmo</strong></span> <span class='ocrx_word' id='word_1_61' title='bbox 627 749 853 797; x_wconf 85' lang='lat' dir='ltr'><strong>quicunque</strong></span> <span class='ocrx_word' id='word_1_62' title='bbox 893 758 1122 785; x_wconf 83' lang='lat' dir='ltr'><strong>constanter</strong></span> <span class='ocrx_word' id='word_1_63' title='bbox 1161 758 1198 785; x_wconf 93' lang='lat' dir='ltr'><strong>et</strong></span> <span class='ocrx_word' id='word_1_64' title='bbox 1237 758 1519 797; x_wconf 84' lang='lat' dir='ltr'><strong>permanenter</strong></span> <span class='ocrx_word' id='word_1_65' title='bbox 1551 762 1631 785; x_wconf 92' lang='lat' dir='ltr'><strong>non</strong></span> <span class='ocrx_word' id='word_1_66' title='bbox 1665 751 1770 785; x_wconf 86' lang='lat' dir='ltr'><strong>dete-</strong></span> 
     </span>
     <span class='ocr_line' id='line_1_14' title="bbox 451 806 1770 855; baseline 0 -13"><span class='ocrx_word' id='word_1_67' title='bbox 451 816 546 854; x_wconf 80' lang='lat' dir='ltr'><strong>gunt</strong></span> <span class='ocrx_word' id='word_1_68' title='bbox 602 808 752 843; x_wconf 89' lang='lat' dir='ltr'><strong>scolam</strong></span> <span class='ocrx_word' id='word_1_69' title='bbox 805 807 951 843; x_wconf 86' lang='lat' dir='ltr'><strong>Christi</strong></span> <span class='ocrx_word' id='word_1_70' title='bbox 1004 809 1071 843; x_wconf 89' lang='lat' dir='ltr'><strong>sed</strong></span> <span class='ocrx_word' id='word_1_71' title='bbox 1123 807 1254 843; x_wconf 90' lang='lat' dir='ltr'><strong>favent</strong></span> <span class='ocrx_word' id='word_1_72' title='bbox 1306 806 1551 843; x_wconf 83' lang='lat' dir='ltr'><strong>Antichristo</strong></span> <span class='ocrx_word' id='word_1_73' title='bbox 1606 816 1770 855; x_wconf 87' lang='lat' dir='ltr'><strong>propter</strong></span> 
     </span>
     <span class='ocr_line' id='line_1_15' title="bbox 452 864 1769 913; baseline 0 -13"><span class='ocrx_word' id='word_1_74' title='bbox 452 866 659 910; x_wconf 86' lang='lat' dir='ltr'><strong>mundum,</strong></span> <span class='ocrx_word' id='word_1_75' title='bbox 700 877 860 901; x_wconf 88' lang='lat' dir='ltr'><strong>carnem</strong></span> <span class='ocrx_word' id='word_1_76' title='bbox 901 866 961 901; x_wconf 88' lang='lat' dir='ltr'><strong>vel</strong></span> <span class='ocrx_word' id='word_1_77' title='bbox 1000 865 1191 909; x_wconf 88' lang='lat' dir='ltr'><strong>seculum,</strong></span> <span class='ocrx_word' id='word_1_78' title='bbox 1225 874 1315 900; x_wconf 90' lang='lat' dir='ltr'><strong>sunt</strong></span> <span class='ocrx_word' id='word_1_79' title='bbox 1348 865 1575 913; x_wconf 87' lang='lat' dir='ltr'><strong>proditores</strong></span> <span class='ocrx_word' id='word_1_80' title='bbox 1608 864 1769 912; x_wconf 83' lang='lat' dir='ltr'><strong>pessimi</strong></span> 
     </span>
     <span class='ocr_line' id='line_1_16' title="bbox 450 922 1828 968; baseline 0 -10"><span class='ocrx_word' id='word_1_81' title='bbox 450 922 639 968; x_wconf 73' lang='lat' dir='ltr'><strong>veritatis,</strong></span> <span class='ocrx_word' id='word_1_82' title='bbox 674 931 711 959; x_wconf 88' lang='lat' dir='ltr'><strong>et</strong></span> <span class='ocrx_word' id='word_1_83' title='bbox 740 924 789 959; x_wconf 87' lang='lat' dir='ltr'><strong>ab</strong></span> <span class='ocrx_word' id='word_1_84' title='bbox 812 922 896 959; x_wconf 86' lang='lat' dir='ltr'><strong>istis</strong></span> <span class='ocrx_word' id='word_1_85' title='bbox 930 922 1113 959; x_wconf 86' lang='lat' dir='ltr'><strong>hereticis</strong></span> <span class='ocrx_word' id='word_1_86' title='bbox 1142 923 1243 958; x_wconf 83' lang='lat' dir='ltr'><strong>foret</strong></span> <span class='ocrx_word' id='word_1_87' title='bbox 1266 922 1534 959; x_wconf 88' lang='lat' dir='ltr'><strong>necessarium</strong></span> <span class='ocrx_word' id='word_1_88' title='bbox 1559 922 1768 959; x_wconf 86' lang='lat' dir='ltr'><strong>ecclesiam</strong></span> <span class='ocrx_word' id='word_1_89' title='bbox 1791 939 1828 960; x_wconf 86' lang='lat'><strong>10</strong></span> 
     </span>
     <span class='ocr_line' id='line_1_17' title="bbox 449 980 1768 1030; baseline 0 -14"><span class='ocrx_word' id='word_1_90' title='bbox 449 980 725 1028; x_wconf 85' lang='lat' dir='ltr'><strong>principaliter</strong></span> <span class='ocrx_word' id='word_1_91' title='bbox 757 980 980 1028; x_wconf 82' lang='lat' dir='ltr'><strong>expurgari.</strong></span> <span class='ocrx_word' id='word_1_92' title='bbox 1014 981 1047 1016; x_wconf 79' lang='lat' dir='ltr'><strong><em>A</em></strong></span> <span class='ocrx_word' id='word_1_93' title='bbox 1068 981 1270 1029; x_wconf 76' lang='lat' dir='ltr'><strong>fructibus</strong></span> <span class='ocrx_word' id='word_1_94' title='bbox 1301 988 1426 1016; x_wconf 82' lang='lat' dir='ltr'><strong>autem</strong></span> <span class='ocrx_word' id='word_1_95' title='bbox 1461 993 1592 1016; x_wconf 84' lang='lat' dir='ltr'><strong>eorum</strong></span> <span class='ocrx_word' id='word_1_96' title='bbox 1627 993 1768 1030; x_wconf 69' lang='lat' dir='ltr'><strong>cogno-</strong></span> 
     </span>
     <span class='ocr_line' id='line_1_18' title="bbox 447 1038 1769 1086; baseline 0.001 -13"><span class='ocrx_word' id='word_1_97' title='bbox 447 1039 559 1074; x_wconf 83' lang='lat' dir='ltr'><strong>scetis</strong></span> <span class='ocrx_word' id='word_1_98' title='bbox 597 1051 673 1085; x_wconf 85' lang='lat' dir='ltr'><strong>eos,</strong></span> <span class='ocrx_word' id='word_1_99' title='bbox 712 1047 754 1074; x_wconf 91' lang='lat' dir='ltr'><strong>ut</strong></span> <span class='ocrx_word' id='word_1_100' title='bbox 793 1039 823 1074; x_wconf 92' lang='lat' dir='ltr'><strong>si</strong></span> <span class='ocrx_word' id='word_1_101' title='bbox 864 1038 1079 1075; x_wconf 85' lang='lat' dir='ltr'><strong>efficaciter</strong></span> <span class='ocrx_word' id='word_1_102' title='bbox 1119 1047 1154 1074; x_wconf 91' lang='lat' dir='ltr'><strong>et</strong></span> <span class='ocrx_word' id='word_1_103' title='bbox 1187 1051 1267 1074; x_wconf 91' lang='lat' dir='ltr'><strong>non</strong></span> <span class='ocrx_word' id='word_1_104' title='bbox 1299 1038 1527 1086; x_wconf 83' lang='lat' dir='ltr'><strong>symoniace</strong></span> <span class='ocrx_word' id='word_1_105' title='bbox 1560 1038 1769 1086; x_wconf 83' lang='lat' dir='ltr'><strong>predicant</strong></span> 
     </span>
     <span class='ocr_line' id='line_1_19' title="bbox 447 1096 1767 1144; baseline 0.001 -13"><span class='ocrx_word' id='word_1_106' title='bbox 447 1097 612 1132; x_wconf 86' lang='lat' dir='ltr'><strong>verbum</strong></span> <span class='ocrx_word' id='word_1_107' title='bbox 630 1096 790 1141; x_wconf 75' lang='lat' dir='ltr'><strong>Christi,</strong></span> <span class='ocrx_word' id='word_1_108' title='bbox 807 1096 838 1132; x_wconf 90' lang='lat' dir='ltr'><strong>si</strong></span> <span class='ocrx_word' id='word_1_109' title='bbox 855 1109 935 1133; x_wconf 91' lang='lat' dir='ltr'><strong>non</strong></span> <span class='ocrx_word' id='word_1_110' title='bbox 958 1096 1215 1132; x_wconf 83' lang='lat' dir='ltr'><strong>mundialiter</strong></span> <span class='ocrx_word' id='word_1_111' title='bbox 1238 1097 1305 1132; x_wconf 89' lang='lat' dir='ltr'><strong>sed</strong></span> <span class='ocrx_word' id='word_1_112' title='bbox 1328 1096 1369 1131; x_wconf 94' lang='lat' dir='ltr'><strong>in</strong></span> <span class='ocrx_word' id='word_1_113' title='bbox 1384 1096 1463 1132; x_wconf 89' lang='lat' dir='ltr'><strong>vita</strong></span> <span class='ocrx_word' id='word_1_114' title='bbox 1479 1108 1568 1132; x_wconf 81' lang='lat' dir='ltr'><strong>vere</strong></span> <span class='ocrx_word' id='word_1_115' title='bbox 1591 1109 1767 1144; x_wconf 89' lang='lat' dir='ltr'><strong>paupere</strong></span> 
     </span>
     <span class='ocr_line' id='line_1_20' title="bbox 447 1153 1769 1191; baseline -0.001 -1"><span class='ocrx_word' id='word_1_116' title='bbox 447 1154 637 1191; x_wconf 88' lang='lat' dir='ltr'><strong>simulant</strong></span> <span class='ocrx_word' id='word_1_117' title='bbox 674 1154 797 1191; x_wconf 88' lang='lat' dir='ltr'><strong>vitam</strong></span> <span class='ocrx_word' id='word_1_118' title='bbox 838 1154 986 1191; x_wconf 87' lang='lat' dir='ltr'><strong>Christi</strong></span> <span class='ocrx_word' id='word_1_119' title='bbox 1026 1163 1062 1191; x_wconf 85' lang='lat' dir='ltr'><strong>et</strong></span> <span class='ocrx_word' id='word_1_120' title='bbox 1100 1154 1131 1190; x_wconf 89' lang='lat' dir='ltr'><strong>si</strong></span> <span class='ocrx_word' id='word_1_121' title='bbox 1171 1155 1210 1190; x_wconf 93' lang='lat' dir='ltr'><strong>in</strong></span> <span class='ocrx_word' id='word_1_122' title='bbox 1249 1154 1435 1190; x_wconf 91' lang='lat' dir='ltr'><strong>omnibus</strong></span> <span class='ocrx_word' id='word_1_123' title='bbox 1472 1153 1586 1190; x_wconf 88' lang='lat' dir='ltr'><strong>dictis</strong></span> <span class='ocrx_word' id='word_1_124' title='bbox 1619 1154 1698 1190; x_wconf 92' lang='lat' dir='ltr'><strong>suis</strong></span> <span class='ocrx_word' id='word_1_125' title='bbox 1733 1163 1769 1190; x_wconf 92' lang='lat' dir='ltr'><strong>et</strong></span> 
     </span>
     <span class='ocr_line' id='line_1_21' title="bbox 447 1212 1824 1260; baseline 0 -12"><span class='ocrx_word' id='word_1_126' title='bbox 447 1212 559 1248; x_wconf 84' lang='lat' dir='ltr'><strong>factis</strong></span> <span class='ocrx_word' id='word_1_127' title='bbox 593 1212 740 1248; x_wconf 89' lang='lat' dir='ltr'><strong>relictis</strong></span> <span class='ocrx_word' id='word_1_128' title='bbox 780 1212 1072 1248; x_wconf 84' lang='lat' dir='ltr'><strong>tradicionibus</strong></span> <span class='ocrx_word' id='word_1_129' title='bbox 1111 1212 1346 1260; x_wconf 89' lang='lat' dir='ltr'><strong>pharisaicis</strong></span> <span class='ocrx_word' id='word_1_130' title='bbox 1379 1212 1547 1247; x_wconf 87' lang='lat' dir='ltr'><strong>fundant</strong></span> <span class='ocrx_word' id='word_1_131' title='bbox 1579 1224 1618 1248; x_wconf 92' lang='lat' dir='ltr'><strong>se</strong></span> <span class='ocrx_word' id='word_1_132' title='bbox 1651 1224 1770 1260; x_wconf 91' lang='lat' dir='ltr'><strong>super</strong></span> <span class='ocrx_word' id='word_1_133' title='bbox 1790 1217 1824 1249; x_wconf 80' lang='lat'><strong>15</strong></span> 
     </span>
     <span class='ocr_line' id='line_1_22' title="bbox 447 1270 1768 1319; baseline -0.001 -13"><span class='ocrx_word' id='word_1_134' title='bbox 447 1270 651 1318; x_wconf 79' lang='lat' dir='ltr'><strong>evangelio</strong></span> <span class='ocrx_word' id='word_1_135' title='bbox 685 1270 845 1308; x_wconf 89' lang='lat' dir='ltr'><strong>Christi.</strong></span> <span class='ocrx_word' id='word_1_136' title='bbox 893 1272 968 1307; x_wconf 87' lang='lat' dir='ltr'><strong>Sed</strong></span> <span class='ocrx_word' id='word_1_137' title='bbox 1003 1270 1090 1319; x_wconf 89' lang='lat' dir='ltr'><strong>quis</strong></span> <span class='ocrx_word' id='word_1_138' title='bbox 1124 1270 1347 1306; x_wconf 89' lang='lat' dir='ltr'><strong>scribarum</strong></span> <span class='ocrx_word' id='word_1_139' title='bbox 1381 1279 1448 1306; x_wconf 91' lang='lat' dir='ltr'><strong>aut</strong></span> <span class='ocrx_word' id='word_1_140' title='bbox 1489 1270 1768 1317; x_wconf 85' lang='lat' dir='ltr'><strong>phariseorum</strong></span> 
     </span>
     <span class='ocr_line' id='line_1_23' title="bbox 445 1311 1859 1376; baseline -0.001 -12"><span class='ocrx_word' id='word_1_141' title='bbox 445 1330 630 1364; x_wconf 90' lang='lat' dir='ltr'><strong>observat</strong></span> <span class='ocrx_word' id='word_1_142' title='bbox 662 1328 749 1373; x_wconf 89' lang='lat' dir='ltr'><strong>ista,</strong></span> <span class='ocrx_word' id='word_1_143' title='bbox 780 1329 784 1376; x_wconf 89' lang='grc' dir='ltr'>Ι</span> <span class='ocrx_word' id='word_1_144' title='bbox 813 1341 903 1364; x_wconf 91' lang='lat' dir='ltr'><strong>cum</strong></span> <span class='ocrx_word' id='word_1_145' title='bbox 936 1330 1056 1365; x_wconf 81' lang='lat' dir='ltr'><strong>verba</strong></span> <span class='ocrx_word' id='word_1_146' title='bbox 1090 1327 1383 1365; x_wconf 80' lang='lat' dir='ltr'><strong>exhortacionis</strong></span> <span class='ocrx_word' id='word_1_147' title='bbox 1415 1340 1483 1364; x_wconf 89' lang='lat' dir='ltr'><strong>sue</strong></span> <span class='ocrx_word' id='word_1_148' title='bbox 1515 1327 1688 1364; x_wconf 87' lang='lat' dir='ltr'><strong>avaricia</strong></span> <span class='ocrx_word' id='word_1_149' title='bbox 1720 1327 1769 1363; x_wconf 93' lang='lat' dir='ltr'><strong>si—</strong></span> <span class='ocrx_word' id='word_1_150' title='bbox 1787 1311 1859 1342; x_wconf 53' lang='lat'><strong>¹:⁰¹·</strong></span> 
     </span>
     <span class='ocr_line' id='line_1_24' title="bbox 447 1386 1769 1435; baseline 0 -14"><span class='ocrx_word' id='word_1_151' title='bbox 447 1386 632 1423; x_wconf 86' lang='lat' dir='ltr'><strong>moniaca</strong></span> <span class='ocrx_word' id='word_1_152' title='bbox 675 1386 754 1422; x_wconf 88' lang='lat' dir='ltr'><strong>sint</strong></span> <span class='ocrx_word' id='word_1_153' title='bbox 797 1387 966 1423; x_wconf 76' lang='lat' dir='ltr'><strong>infecta?</strong></span> <span class='ocrx_word' id='word_1_154' title='bbox 1011 1389 1059 1422; x_wconf 87' lang='lat' dir='ltr'><strong>Et</strong></span> <span class='ocrx_word' id='word_1_155' title='bbox 1099 1388 1233 1435; x_wconf 83' lang='lat' dir='ltr'><strong>quoad</strong></span> <span class='ocrx_word' id='word_1_156' title='bbox 1267 1387 1485 1422; x_wconf 88' lang='lat' dir='ltr'><strong>secundum</strong></span> <span class='ocrx_word' id='word_1_157' title='bbox 1520 1394 1628 1434; x_wconf 88' lang='lat' dir='ltr'><strong>patet</strong></span> <span class='ocrx_word' id='word_1_158' title='bbox 1661 1387 1769 1433; x_wconf 88' lang='lat' dir='ltr'><strong>quod</strong></span> 
     </span>
     <span class='ocr_line' id='line_1_25' title="bbox 446 1443 1767 1492; baseline -0.001 -12"><span class='ocrx_word' id='word_1_159' title='bbox 446 1444 580 1480; x_wconf 92' lang='lat' dir='ltr'><strong>clerici</strong></span> <span class='ocrx_word' id='word_1_160' title='bbox 626 1444 752 1481; x_wconf 90' lang='lat' dir='ltr'><strong>eciam</strong></span> <span class='ocrx_word' id='word_1_161' title='bbox 791 1444 1064 1481; x_wconf 85' lang='lat' dir='ltr'><strong>Mendicantes</strong></span> <span class='ocrx_word' id='word_1_162' title='bbox 1103 1445 1328 1492; x_wconf 80' lang='lat' dir='ltr'><strong>exemplant</strong></span> <span class='ocrx_word' id='word_1_163' title='bbox 1367 1444 1506 1491; x_wconf 92' lang='lat' dir='ltr'><strong>pocius</strong></span> <span class='ocrx_word' id='word_1_164' title='bbox 1546 1443 1585 1479; x_wconf 88' lang='lat' dir='ltr'><strong>in</strong></span> <span class='ocrx_word' id='word_1_165' title='bbox 1618 1443 1697 1479; x_wconf 79' lang='lat' dir='ltr'><strong>vita</strong></span> <span class='ocrx_word' id='word_1_166' title='bbox 1731 1453 1767 1480; x_wconf 91' lang='lat' dir='ltr'><strong>et</strong></span> 
     </span>
     <span class='ocr_line' id='line_1_26' title="bbox 445 1501 1825 1550; baseline 0.002 -13"><span class='ocrx_word' id='word_1_167' title='bbox 445 1501 525 1538; x_wconf 88' lang='lat' dir='ltr'><strong>suis</strong></span> <span class='ocrx_word' id='word_1_168' title='bbox 566 1501 883 1539; x_wconf 89' lang='lat' dir='ltr'><strong>circumstanciis</strong></span> <span class='ocrx_word' id='word_1_169' title='bbox 923 1504 1072 1550; x_wconf 90' lang='lat' dir='ltr'><strong>populo</strong></span> <span class='ocrx_word' id='word_1_170' title='bbox 1111 1502 1290 1538; x_wconf 87' lang='lat' dir='ltr'><strong>subiecto</strong></span> <span class='ocrx_word' id='word_1_171' title='bbox 1329 1501 1450 1538; x_wconf 77' lang='lat' dir='ltr'><strong>vitam</strong></span> <span class='ocrx_word' id='word_1_172' title='bbox 1491 1501 1765 1549; x_wconf 86' lang='lat' dir='ltr'><strong>pompaticam</strong></span> <span class='ocrx_word' id='word_1_173' title='bbox 1784 1520 1825 1540; x_wconf 87' lang='lat'><strong>20</strong></span> 
     </span>
     <span class='ocr_line' id='line_1_27' title="bbox 445 1559 1767 1599; baseline -0.001 -3"><span class='ocrx_word' id='word_1_174' title='bbox 445 1559 694 1596; x_wconf 85' lang='lat' dir='ltr'><strong>Antichristi.</strong></span> <span class='ocrx_word' id='word_1_175' title='bbox 735 1562 847 1597; x_wconf 86' lang='lat' dir='ltr'><strong>Patet</strong></span> <span class='ocrx_word' id='word_1_176' title='bbox 886 1569 967 1596; x_wconf 89' lang='lat' dir='ltr'><strong>tam</strong></span> <span class='ocrx_word' id='word_1_177' title='bbox 1008 1573 1051 1597; x_wconf 84' lang='lat' dir='ltr'><strong>ex</strong></span> <span class='ocrx_word' id='word_1_178' title='bbox 1085 1559 1329 1596; x_wconf 86' lang='lat' dir='ltr'><strong>indumentis</strong></span> <span class='ocrx_word' id='word_1_179' title='bbox 1362 1560 1454 1599; x_wconf 80' lang='lat' dir='ltr'><strong>suis,</strong></span> <span class='ocrx_word' id='word_1_180' title='bbox 1490 1559 1688 1598; x_wconf 81' lang='lat' dir='ltr'><strong>domibus,</strong></span> <span class='ocrx_word' id='word_1_181' title='bbox 1724 1572 1767 1595; x_wconf 84' lang='lat' dir='ltr'><strong>ex</strong></span> 
     </span>
     <span class='ocr_line' id='line_1_28' title="bbox 446 1618 1765 1666; baseline -0.001 -13"><span class='ocrx_word' id='word_1_182' title='bbox 446 1619 567 1654; x_wconf 91' lang='lat' dir='ltr'><strong>modo</strong></span> <span class='ocrx_word' id='word_1_183' title='bbox 606 1618 789 1654; x_wconf 90' lang='lat' dir='ltr'><strong>vescendi</strong></span> <span class='ocrx_word' id='word_1_184' title='bbox 829 1627 865 1655; x_wconf 90' lang='lat' dir='ltr'><strong>et</strong></span> <span class='ocrx_word' id='word_1_185' title='bbox 903 1627 985 1654; x_wconf 89' lang='lat' dir='ltr'><strong>tam</strong></span> <span class='ocrx_word' id='word_1_186' title='bbox 1026 1619 1128 1655; x_wconf 89' lang='lat' dir='ltr'><strong>fastu</strong></span> <span class='ocrx_word' id='word_1_187' title='bbox 1170 1631 1289 1666; x_wconf 86' lang='lat' dir='ltr'><strong>quam</strong></span> <span class='ocrx_word' id='word_1_188' title='bbox 1331 1626 1472 1665; x_wconf 88' lang='lat' dir='ltr'><strong>questu</strong></span> <span class='ocrx_word' id='word_1_189' title='bbox 1505 1618 1555 1653; x_wconf 88' lang='lat' dir='ltr'><strong>ad</strong></span> <span class='ocrx_word' id='word_1_190' title='bbox 1588 1618 1765 1653; x_wconf 90' lang='lat' dir='ltr'><strong>seculum</strong></span> 
     </span>
     <span class='ocr_line' id='line_1_29' title="bbox 445 1675 1766 1725; baseline -0.002 -13"><span class='ocrx_word' id='word_1_191' title='bbox 445 1675 662 1724; x_wconf 88' lang='lat' dir='ltr'><strong>aspirandi.</strong></span> <span class='ocrx_word' id='word_1_192' title='bbox 696 1678 745 1712; x_wconf 89' lang='lat' dir='ltr'><strong>Et</strong></span> <span class='ocrx_word' id='word_1_193' title='bbox 778 1678 911 1725; x_wconf 87' lang='lat' dir='ltr'><strong>quoad</strong></span> <span class='ocrx_word' id='word_1_194' title='bbox 945 1676 1127 1721; x_wconf 87' lang='lat' dir='ltr'><strong>tercium,</strong></span> <span class='ocrx_word' id='word_1_195' title='bbox 1162 1685 1271 1724; x_wconf 88' lang='lat' dir='ltr'><strong>patet</strong></span> <span class='ocrx_word' id='word_1_196' title='bbox 1300 1677 1407 1723; x_wconf 85' lang='lat' dir='ltr'><strong>quod</strong></span> <span class='ocrx_word' id='word_1_197' title='bbox 1431 1675 1532 1711; x_wconf 88' lang='lat' dir='ltr'><strong>sicut</strong></span> <span class='ocrx_word' id='word_1_198' title='bbox 1556 1675 1766 1723; x_wconf 81' lang='lat' dir='ltr'><strong>religiones</strong></span> 
     </span>
     <span class='ocr_line' id='line_1_30' title="bbox 445 1732 1766 1782; baseline -0.002 -12"><span class='ocrx_word' id='word_1_199' title='bbox 445 1733 597 1782; x_wconf 83' lang='lat' dir='ltr'><strong>private</strong></span> <span class='ocrx_word' id='word_1_200' title='bbox 637 1746 776 1770; x_wconf 90' lang='lat' dir='ltr'><strong>omnes</strong></span> <span class='ocrx_word' id='word_1_201' title='bbox 814 1744 947 1782; x_wconf 89' lang='lat' dir='ltr'><strong>preter</strong></span> <span class='ocrx_word' id='word_1_202' title='bbox 991 1735 1117 1782; x_wconf 78' lang='lat' dir='ltr'><strong>legem</strong></span> <span class='ocrx_word' id='word_1_203' title='bbox 1152 1733 1313 1770; x_wconf 91' lang='lat' dir='ltr'><strong>Domini</strong></span> <span class='ocrx_word' id='word_1_204' title='bbox 1352 1734 1570 1769; x_wconf 86' lang='lat' dir='ltr'><strong>fundantur</strong></span> <span class='ocrx_word' id='word_1_205' title='bbox 1609 1732 1648 1768; x_wconf 92' lang='lat' dir='ltr'><strong>in</strong></span> <span class='ocrx_word' id='word_1_206' title='bbox 1688 1734 1766 1769; x_wconf 89' lang='lat' dir='ltr'><strong>tela</strong></span> 
     </span>
     <span class='ocr_line' id='line_1_31' title="bbox 445 1791 1821 1839; baseline -0.001 -11"><span class='ocrx_word' id='word_1_207' title='bbox 445 1804 602 1838; x_wconf 83' lang='lat' dir='ltr'><strong>aranee,</strong></span> <span class='ocrx_word' id='word_1_208' title='bbox 636 1791 692 1828; x_wconf 88' lang='lat' dir='ltr'><strong>sic</strong></span> <span class='ocrx_word' id='word_1_209' title='bbox 724 1792 861 1829; x_wconf 90' lang='lat' dir='ltr'><strong>omnia</strong></span> <span class='ocrx_word' id='word_1_210' title='bbox 894 1792 1001 1829; x_wconf 86' lang='lat' dir='ltr'><strong>dicta</strong></span> <span class='ocrx_word' id='word_1_211' title='bbox 1034 1801 1070 1828; x_wconf 92' lang='lat' dir='ltr'><strong>et</strong></span> <span class='ocrx_word' id='word_1_212' title='bbox 1103 1792 1208 1828; x_wconf 89' lang='lat' dir='ltr'><strong>facta</strong></span> <span class='ocrx_word' id='word_1_213' title='bbox 1240 1804 1312 1828; x_wconf 90' lang='lat' dir='ltr'><strong>sua</strong></span> <span class='ocrx_word' id='word_1_214' title='bbox 1342 1791 1501 1839; x_wconf 87' lang='lat' dir='ltr'><strong>sapiunt</strong></span> <span class='ocrx_word' id='word_1_215' title='bbox 1524 1791 1765 1827; x_wconf 82' lang='lat' dir='ltr'><strong>tradiciones</strong></span> <span class='ocrx_word' id='word_1_216' title='bbox 1785 1800 1821 1832; x_wconf 79' lang='lat'><strong>25</strong></span> 
     </span>
     <span class='ocr_line' id='line_1_32' title="bbox 446 1848 1764 1898; baseline -0.002 -12"><span class='ocrx_word' id='word_1_217' title='bbox 446 1850 640 1886; x_wconf 91' lang='lat' dir='ltr'><strong>humanas</strong></span> <span class='ocrx_word' id='word_1_218' title='bbox 679 1851 763 1898; x_wconf 83' lang='lat' dir='ltr'><strong>lege</strong></span> <span class='ocrx_word' id='word_1_219' title='bbox 803 1850 874 1886; x_wconf 93' lang='lat' dir='ltr'><strong>Dei</strong></span> <span class='ocrx_word' id='word_1_220' title='bbox 915 1859 1159 1898; x_wconf 89' lang='lat' dir='ltr'><strong>contempta.</strong></span> <span class='ocrx_word' id='word_1_221' title='bbox 1209 1852 1310 1886; x_wconf 90' lang='lat' dir='ltr'><strong>Nam</strong></span> <span class='ocrx_word' id='word_1_222' title='bbox 1345 1858 1485 1885; x_wconf 90' lang='lat' dir='ltr'><strong>contra</strong></span> <span class='ocrx_word' id='word_1_223' title='bbox 1517 1848 1764 1897; x_wconf 78' lang='lat' dir='ltr'><strong>evangelium</strong></span> 
     </span>
     <span class='ocr_line' id='line_1_33' title="bbox 446 1906 1765 1955; baseline -0.002 -11"><span class='ocrx_word' id='word_1_224' title='bbox 446 1909 550 1944; x_wconf 90' lang='lat' dir='ltr'><strong>Luce</strong></span> <span class='ocrx_word' id='word_1_225' title='bbox 582 1909 684 1953; x_wconf 86' lang='lat' dir='ltr'>X110,</span> <span class='ocrx_word' id='word_1_226' title='bbox 726 1921 773 1954; x_wconf 86' lang='lat'><strong>14</strong></span> <span class='ocrx_word' id='word_1_227' title='bbox 807 1909 951 1944; x_wconf 89' lang='lat' dir='ltr'><strong>docent</strong></span> <span class='ocrx_word' id='word_1_228' title='bbox 983 1917 1020 1944; x_wconf 91' lang='lat' dir='ltr'><strong>et</strong></span> <span class='ocrx_word' id='word_1_229' title='bbox 1054 1910 1265 1944; x_wconf 87' lang='lat' dir='ltr'><strong>hortantur</strong></span> <span class='ocrx_word' id='word_1_230' title='bbox 1298 1907 1337 1943; x_wconf 90' lang='lat' dir='ltr'><strong>in</strong></span> <span class='ocrx_word' id='word_1_231' title='bbox 1372 1906 1583 1943; x_wconf 89' lang='lat' dir='ltr'><strong>mundanis</strong></span> <span class='ocrx_word' id='word_1_232' title='bbox 1613 1906 1765 1955; x_wconf 80' lang='lat' dir='ltr'><strong>legibus</strong></span> 
     </span>
     <span class='ocr_line' id='line_1_34' title="bbox 444 1965 1763 2011; baseline -0.001 -10"><span class='ocrx_word' id='word_1_233' title='bbox 444 1966 641 2011; x_wconf 85' lang='lat' dir='ltr'><strong>laborare,</strong></span> <span class='ocrx_word' id='word_1_234' title='bbox 676 1978 766 2002; x_wconf 91' lang='lat' dir='ltr'><strong>cum</strong></span> <span class='ocrx_word' id='word_1_235' title='bbox 790 1975 925 2002; x_wconf 90' lang='lat' dir='ltr'><strong>tamen</strong></span> <span class='ocrx_word' id='word_1_236' title='bbox 949 1966 1130 2003; x_wconf 87' lang='lat' dir='ltr'><strong>Christus</strong></span> <span class='ocrx_word' id='word_1_237' title='bbox 1154 1966 1301 2001; x_wconf 86' lang='lat' dir='ltr'><strong>ibidem</strong></span> <span class='ocrx_word' id='word_1_238' title='bbox 1327 1965 1518 2000; x_wconf 89' lang='lat' dir='ltr'><strong>iudicium</strong></span> <span class='ocrx_word' id='word_1_239' title='bbox 1543 1966 1763 2001; x_wconf 90' lang='lat' dir='ltr'><strong>humanum</strong></span> 
     </span>
     <span class='ocr_line' id='line_1_35' title="bbox 445 2022 1765 2072; baseline -0.001 -13"><span class='ocrx_word' id='word_1_240' title='bbox 445 2024 631 2069; x_wconf 75' lang='lat' dir='ltr'><strong>deseruit,</strong></span> <span class='ocrx_word' id='word_1_241' title='bbox 666 2025 760 2059; x_wconf 88' lang='lat' dir='ltr'><strong>dum</strong></span> <span class='ocrx_word' id='word_1_242' title='bbox 794 2024 923 2072; x_wconf 86' lang='lat' dir='ltr'><strong>inquit</strong></span> <span class='ocrx_word' id='word_1_243' title='bbox 955 2024 1105 2072; x_wconf 90' lang='lat' dir='ltr'><strong>petenti</strong></span> <span class='ocrx_word' id='word_1_244' title='bbox 1129 2023 1363 2060; x_wconf 77' lang='lat' dir='ltr'><strong>divisionem</strong></span> <span class='ocrx_word' id='word_1_245' title='bbox 1389 2022 1638 2059; x_wconf 90' lang='lat' dir='ltr'><strong>hereditatis:</strong></span> <span class='ocrx_word' id='word_1_246' title='bbox 1671 2023 1765 2066; x_wconf 79' lang='lat' dir='ltr'><strong>Quis</strong></span> 
     </span>
     <span class='ocr_line' id='line_1_36' title="bbox 444 2080 1822 2130; baseline -0.001 -13"><span class='ocrx_word' id='word_1_247' title='bbox 444 2094 502 2117; x_wconf 86' lang='lat' dir='ltr'><strong>me</strong></span> <span class='ocrx_word' id='word_1_248' title='bbox 533 2082 727 2117; x_wconf 85' lang='lat' dir='ltr'><strong>constituit</strong></span> <span class='ocrx_word' id='word_1_249' title='bbox 758 2082 919 2118; x_wconf 81' lang='lat' dir='ltr'><strong>iudicem</strong></span> <span class='ocrx_word' id='word_1_250' title='bbox 952 2090 1017 2118; x_wconf 84' lang='lat' dir='ltr'><strong>aut</strong></span> <span class='ocrx_word' id='word_1_251' title='bbox 1050 2082 1256 2118; x_wconf 78' lang='lat' dir='ltr'><strong>divisorem</strong></span> <span class='ocrx_word' id='word_1_252' title='bbox 1288 2093 1405 2130; x_wconf 78' lang='lat' dir='ltr'><strong>super</strong></span> <span class='ocrx_word' id='word_1_253' title='bbox 1438 2081 1533 2116; x_wconf 76' lang='lat' dir='ltr'><strong>vos?</strong></span> <span class='ocrx_word' id='word_1_254' title='bbox 1563 2082 1612 2116; x_wconf 86' lang='lat' dir='ltr'><strong>Et</strong></span> <span class='ocrx_word' id='word_1_255' title='bbox 1634 2080 1763 2129; x_wconf 89' lang='lat' dir='ltr'><strong>sequi·</strong></span> <span class='ocrx_word' id='word_1_256' title='bbox 1780 2090 1822 2122; x_wconf 80' lang='lat'><strong>30</strong></span> 
     </span>
     <span class='ocr_line' id='line_1_37' title="bbox 443 2138 1762 2188; baseline -0.001 -14"><span class='ocrx_word' id='word_1_257' title='bbox 443 2148 525 2176; x_wconf 90' lang='lat' dir='ltr'><strong>tur:</strong></span> <span class='ocrx_word' id='word_1_258' title='bbox 577 2140 716 2176; x_wconf 77' lang='lat' dir='ltr'><strong>Cavete</strong></span> <span class='ocrx_word' id='word_1_259' title='bbox 753 2141 799 2176; x_wconf 86' lang='lat' dir='ltr'><strong>ab</strong></span> <span class='ocrx_word' id='word_1_260' title='bbox 838 2141 942 2176; x_wconf 82' lang='lat' dir='ltr'><strong>omni</strong></span> <span class='ocrx_word' id='word_1_261' title='bbox 973 2140 1159 2187; x_wconf 77' lang='lat' dir='ltr'><strong>avaricia,</strong></span> <span class='ocrx_word' id='word_1_262' title='bbox 1203 2139 1288 2188; x_wconf 79' lang='lat' dir='ltr'><strong>quia</strong></span> <span class='ocrx_word' id='word_1_263' title='bbox 1322 2151 1394 2174; x_wconf 84' lang='grc'><strong>11011</strong></span> <span class='ocrx_word' id='word_1_264' title='bbox 1428 2139 1463 2174; x_wconf 81' lang='lat' dir='ltr'><strong>in</strong></span> <span class='ocrx_word' id='word_1_265' title='bbox 1497 2138 1762 2174; x_wconf 76' lang='lat' dir='ltr'><strong>habundancia</strong></span> 
     </span>
     <span class='ocr_line' id='line_1_38' title="bbox 443 2197 1762 2246; baseline 0 -14"><span class='ocrx_word' id='word_1_266' title='bbox 443 2197 664 2246; x_wconf 83' lang='lat' dir='ltr'><strong>cuiusquam</strong></span> <span class='ocrx_word' id='word_1_267' title='bbox 690 2198 765 2233; x_wconf 78' lang='lat' dir='ltr'><strong>vita</strong></span> <span class='ocrx_word' id='word_1_268' title='bbox 789 2198 868 2234; x_wconf 85' lang='lat' dir='ltr'><strong>eius</strong></span> <span class='ocrx_word' id='word_1_269' title='bbox 891 2205 946 2234; x_wconf 78' lang='lat' dir='ltr'><strong>est</strong></span> <span class='ocrx_word' id='word_1_270' title='bbox 971 2210 1021 2234; x_wconf 71' lang='lat' dir='ltr'><strong>ex</strong></span> <span class='ocrx_word' id='word_1_271' title='bbox 1053 2198 1126 2234; x_wconf 81' lang='lat' dir='ltr'><strong>lziis</strong></span> <span class='ocrx_word' id='word_1_272' title='bbox 1158 2209 1227 2246; x_wconf 82' lang='lat' dir='ltr'><strong>que</strong></span> <span class='ocrx_word' id='word_1_273' title='bbox 1253 2197 1437 2246; x_wconf 78' lang='lat' dir='ltr'><strong>possidet.</strong></span> <span class='ocrx_word' id='word_1_274' title='bbox 1472 2197 1647 2232; x_wconf 85' lang='lat' dir='ltr'><strong>Econtra</strong></span> <span class='ocrx_word' id='word_1_275' title='bbox 1669 2208 1762 2232; x_wconf 77' lang='lat' dir='ltr'><strong>vero</strong></span> 
     </span>
     <span class='ocr_line' id='line_1_39' title="bbox 444 2253 1763 2304; baseline -0.001 -14"><span class='ocrx_word' id='word_1_276' title='bbox 444 2256 610 2291; x_wconf 89' lang='lat' dir='ltr'><strong>docetur</strong></span> <span class='ocrx_word' id='word_1_277' title='bbox 647 2267 718 2303; x_wconf 91' lang='lat' dir='ltr'><strong>per</strong></span> <span class='ocrx_word' id='word_1_278' title='bbox 756 2255 852 2292; x_wconf 93' lang='lat' dir='ltr'><strong>istos</strong></span> <span class='ocrx_word' id='word_1_279' title='bbox 896 2257 1003 2304; x_wconf 83' lang='lat' dir='ltr'><strong>quod</strong></span> <span class='ocrx_word' id='word_1_280' title='bbox 1048 2255 1087 2291; x_wconf 89' lang='lat' dir='ltr'><strong>in</strong></span> <span class='ocrx_word' id='word_1_281' title='bbox 1125 2267 1245 2292; x_wconf 88' lang='lat' dir='ltr'><strong>eausa</strong></span> <span class='ocrx_word' id='word_1_282' title='bbox 1290 2266 1365 2303; x_wconf 89' lang='lat' dir='ltr'><strong>que</strong></span> <span class='ocrx_word' id='word_1_283' title='bbox 1397 2254 1552 2290; x_wconf 91' lang='lat' dir='ltr'><strong>lucrum</strong></span> <span class='ocrx_word' id='word_1_284' title='bbox 1586 2253 1763 2301; x_wconf 89' lang='lat' dir='ltr'><strong>sapuerit</strong></span> 
     </span>
     <span class='ocr_line' id='line_1_40' title="bbox 443 2311 1762 2361; baseline 0 -14"><span class='ocrx_word' id='word_1_285' title='bbox 443 2312 654 2357; x_wconf 83' lang='lat' dir='ltr'><strong>iudicetur,</strong></span> <span class='ocrx_word' id='word_1_286' title='bbox 688 2312 782 2361; x_wconf 87' lang='lat' dir='ltr'><strong>quia</strong></span> <span class='ocrx_word' id='word_1_287' title='bbox 814 2322 856 2349; x_wconf 90' lang='lat' dir='ltr'><strong>ut</strong></span> <span class='ocrx_word' id='word_1_288' title='bbox 890 2313 1027 2349; x_wconf 90' lang='lat' dir='ltr'><strong>dicunt</strong></span> <span class='ocrx_word' id='word_1_289' title='bbox 1065 2313 1104 2349; x_wconf 88' lang='lat' dir='ltr'><strong>in</strong></span> <span class='ocrx_word' id='word_1_290' title='bbox 1143 2313 1248 2349; x_wconf 87' lang='lat' dir='ltr'><strong>facto</strong></span> <span class='ocrx_word' id='word_1_291' title='bbox 1281 2311 1687 2360; x_wconf 87' lang='lat' dir='ltr'><strong>proporcionabiliter</strong></span> <span class='ocrx_word' id='word_1_292' title='bbox 1720 2320 1762 2347; x_wconf 92' lang='lat' dir='ltr'><strong>ut</strong></span> 
     </span>
     <span class='ocr_line' id='line_1_41' title="bbox 443 2369 1817 2419; baseline 0 -14"><span class='ocrx_word' id='word_1_293' title='bbox 443 2369 482 2405; x_wconf 91' lang='lat' dir='ltr'><strong>in</strong></span> <span class='ocrx_word' id='word_1_294' title='bbox 527 2370 776 2418; x_wconf 87' lang='lat' dir='ltr'><strong>possessione</strong></span> <span class='ocrx_word' id='word_1_295' title='bbox 814 2371 1098 2419; x_wconf 86' lang='lat' dir='ltr'><strong>temporalium</strong></span> <span class='ocrx_word' id='word_1_296' title='bbox 1138 2370 1225 2419; x_wconf 92' lang='lat' dir='ltr'><strong>quis</strong></span> <span class='ocrx_word' id='word_1_297' title='bbox 1264 2369 1555 2406; x_wconf 78' lang='lat' dir='ltr'><strong>habundaverit</strong></span> <span class='ocrx_word' id='word_1_298' title='bbox 1594 2378 1650 2406; x_wconf 90' lang='lat' dir='ltr'><strong>est</strong></span> <span class='ocrx_word' id='word_1_299' title='bbox 1681 2369 1761 2405; x_wconf 91' lang='lat' dir='ltr'><strong>vita</strong></span> <span class='ocrx_word' id='word_1_300' title='bbox 1777 2379 1817 2412; x_wconf 75' lang='lat'><strong>35</strong></span> 
     </span>
     <span class='ocr_line' id='line_1_42' title="bbox 443 2427 1759 2476; baseline -0.002 -12"><span class='ocrx_word' id='word_1_301' title='bbox 443 2427 526 2464; x_wconf 90' lang='lat' dir='ltr'><strong>eius</strong></span> <span class='ocrx_word' id='word_1_302' title='bbox 559 2428 700 2464; x_wconf 89' lang='lat' dir='ltr'><strong>melior</strong></span> <span class='ocrx_word' id='word_1_303' title='bbox 734 2437 771 2464; x_wconf 91' lang='lat' dir='ltr'><strong>et</strong></span> <span class='ocrx_word' id='word_1_304' title='bbox 803 2428 887 2476; x_wconf 87' lang='lat' dir='ltr'><strong>ipse</strong></span> <span class='ocrx_word' id='word_1_305' title='bbox 920 2428 1048 2465; x_wconf 89' lang='lat' dir='ltr'><strong>maior</strong></span> <span class='ocrx_word' id='word_1_306' title='bbox 1080 2438 1161 2465; x_wconf 88' lang='lat' dir='ltr'><strong>tam</strong></span> <span class='ocrx_word' id='word_1_307' title='bbox 1196 2429 1301 2476; x_wconf 88' lang='lat' dir='ltr'><strong>apud</strong></span> <span class='ocrx_word' id='word_1_308' title='bbox 1335 2430 1462 2464; x_wconf 91' lang='lat' dir='ltr'><strong>Deum</strong></span> <span class='ocrx_word' id='word_1_309' title='bbox 1498 2440 1618 2476; x_wconf 88' lang='lat' dir='ltr'><strong>quam</strong></span> <span class='ocrx_word' id='word_1_310' title='bbox 1653 2428 1759 2475; x_wconf 88' lang='lat' dir='ltr'><strong>apud</strong></span> 
     </span>
     <span class='ocr_line' id='line_1_43' title="bbox 443 2484 1758 2532; baseline -0.001 -11"><span class='ocrx_word' id='word_1_311' title='bbox 443 2485 661 2531; x_wconf 85' lang='lat' dir='ltr'><strong>hominem,</strong></span> <span class='ocrx_word' id='word_1_312' title='bbox 709 2495 745 2522; x_wconf 89' lang='lat' dir='ltr'><strong>et</strong></span> <span class='ocrx_word' id='word_1_313' title='bbox 790 2486 914 2522; x_wconf 92' lang='lat' dir='ltr'><strong>nichil</strong></span> <span class='ocrx_word' id='word_1_314' title='bbox 954 2499 997 2522; x_wconf 84' lang='lat' dir='ltr'><strong>ex</strong></span> <span class='ocrx_word' id='word_1_315' title='bbox 1042 2487 1147 2523; x_wconf 89' lang='lat' dir='ltr'><strong>facto</strong></span> <span class='ocrx_word' id='word_1_316' title='bbox 1180 2487 1241 2522; x_wconf 75' lang='lat' dir='ltr'><strong>vel</strong></span> <span class='ocrx_word' id='word_1_317' title='bbox 1282 2485 1389 2522; x_wconf 88' lang='lat' dir='ltr'><strong>dicto</strong></span> <span class='ocrx_word' id='word_1_318' title='bbox 1429 2485 1497 2521; x_wconf 89' lang='lat' dir='ltr'><strong>tali</strong></span> <span class='ocrx_word' id='word_1_319' title='bbox 1538 2494 1594 2521; x_wconf 91' lang='lat' dir='ltr'><strong>est</strong></span> <span class='ocrx_word' id='word_1_320' title='bbox 1634 2484 1758 2532; x_wconf 77' lang='lat' dir='ltr'><strong>magis</strong></span> 
     </span>
    </p>
   </div>
   <div class='ocr_carea' id='block_1_5' title="bbox 442 2543 1059 2592">
    <p class='ocr_par' dir='ltr' id='par_1_5' title="bbox 442 2543 1059 2592">
     <span class='ocr_line' id='line_1_44' title="bbox 442 2543 1059 2592; baseline 0 -12"><span class='ocrx_word' id='word_1_321' title='bbox 442 2543 663 2580; x_wconf 88' lang='lat' dir='ltr'><strong>hereticum</strong></span> <span class='ocrx_word' id='word_1_322' title='bbox 696 2552 733 2580; x_wconf 90' lang='lat' dir='ltr'><strong>et</strong></span> <span class='ocrx_word' id='word_1_323' title='bbox 766 2545 1059 2592; x_wconf 88' lang='lat' dir='ltr'><strong>blasphemum.</strong></span> 
     </span>
    </p>
   </div>
   <div class='ocr_carea' id='block_1_6' title="bbox 1791 1355 1868 1399">
    <p class='ocr_par' dir='ltr' id='par_1_6' title="bbox 1791 1355 1868 1399">
     <span class='ocr_line' id='line_1_45' title="bbox 1791 1355 1868 1399; baseline -0.013 -11"><span class='ocrx_word' id='word_1_324' title='bbox 1791 1355 1868 1399; x_wconf 54' lang='lat'>[701¹</span> 
     </span>
    </p>
   </div>
   <div class='ocr_carea' id='block_1_7' title="bbox 440 2790 1753 2965">
    <p class='ocr_par' dir='ltr' id='par_1_7' title="bbox 440 2790 1753 2965">
     <span class='ocr_line' id='line_1_46' title="bbox 512 2790 1749 2831; baseline -0.003 -11"><span class='ocrx_word' id='word_1_325' title='bbox 512 2801 531 2820; x_wconf 83' lang='lat'><strong>1.</strong></span> <span class='ocrx_word' id='word_1_326' title='bbox 552 2793 596 2821; x_wconf 87' lang='lat' dir='ltr'><strong>A:</strong></span> <span class='ocrx_word' id='word_1_327' title='bbox 618 2797 646 2819; x_wconf 77' lang='lat' dir='ltr'><strong>et</strong></span> <span class='ocrx_word' id='word_1_328' title='bbox 666 2792 758 2819; x_wconf 85' lang='lat' dir='ltr'><strong>deest.</strong></span> <span class='ocrx_word' id='word_1_329' title='bbox 843 2801 872 2831; x_wconf 79' lang='lat'><strong>4.</strong></span> <span class='ocrx_word' id='word_1_330' title='bbox 894 2793 938 2819; x_wconf 81' lang='lat' dir='ltr'><strong>A:</strong></span> <span class='ocrx_word' id='word_1_331' title='bbox 961 2791 1190 2827; x_wconf 73' lang='lat' dir='ltr'><strong>degenerarent.</strong></span> <span class='ocrx_word' id='word_1_332' title='bbox 1277 2791 1313 2820; x_wconf 82' lang='lat'><strong>13.</strong></span> <span class='ocrx_word' id='word_1_333' title='bbox 1335 2791 1406 2819; x_wconf 78' lang='lat' dir='ltr'><strong>AC:</strong></span> <span class='ocrx_word' id='word_1_334' title='bbox 1428 2792 1456 2818; x_wconf 87' lang='lat' dir='ltr'><strong>in</strong></span> <span class='ocrx_word' id='word_1_335' title='bbox 1479 2791 1525 2820; x_wconf 86' lang='lat' dir='ltr'><strong>in:</strong></span> <span class='ocrx_word' id='word_1_336' title='bbox 1548 2791 1587 2818; x_wconf 84' lang='lat' dir='ltr'><strong>ib.</strong></span> <span class='ocrx_word' id='word_1_337' title='bbox 1610 2790 1646 2818; x_wconf 84' lang='lat' dir='ltr'><strong>C:</strong></span> <span class='ocrx_word' id='word_1_338' title='bbox 1671 2798 1749 2831; x_wconf 63' lang='lat' dir='ltr'><strong>vera.</strong></span> 
     </span>
     <span class='ocr_line' id='line_1_47' title="bbox 442 2825 1748 2862; baseline -0.002 -8"><span class='ocrx_word' id='word_1_339' title='bbox 442 2826 558 2855; x_wconf 86' lang='lat' dir='ltr'><strong>Codd.:</strong></span> <span class='ocrx_word' id='word_1_340' title='bbox 580 2836 640 2855; x_wconf 90' lang='grc'><strong>11011</strong></span> <span class='ocrx_word' id='word_1_341' title='bbox 662 2828 755 2854; x_wconf 82' lang='lat' dir='ltr'><strong>deest.</strong></span> <span class='ocrx_word' id='word_1_342' title='bbox 776 2827 904 2854; x_wconf 75' lang='lat' dir='ltr'><strong>Addidi.</strong></span> <span class='ocrx_word' id='word_1_343' title='bbox 968 2827 1004 2854; x_wconf 79' lang='lat'><strong>15.</strong></span> <span class='ocrx_word' id='word_1_344' title='bbox 1025 2828 1069 2854; x_wconf 80' lang='lat' dir='ltr'><strong>A:</strong></span> <span class='ocrx_word' id='word_1_345' title='bbox 1091 2832 1119 2854; x_wconf 77' lang='lat' dir='ltr'><strong>et</strong></span> <span class='ocrx_word' id='word_1_346' title='bbox 1140 2827 1260 2854; x_wconf 85' lang='lat' dir='ltr'><strong>relictis.</strong></span> <span class='ocrx_word' id='word_1_347' title='bbox 1335 2835 1373 2862; x_wconf 89' lang='lat'><strong>17.</strong></span> <span class='ocrx_word' id='word_1_348' title='bbox 1389 2828 1434 2854; x_wconf 87' lang='lat' dir='ltr'><strong>A:</strong></span> <span class='ocrx_word' id='word_1_349' title='bbox 1457 2827 1558 2853; x_wconf 67' lang='lat' dir='ltr'><strong>istam.</strong></span> <span class='ocrx_word' id='word_1_350' title='bbox 1622 2826 1661 2852; x_wconf 71' lang='lat'><strong>18.</strong></span> <span class='ocrx_word' id='word_1_351' title='bbox 1684 2825 1748 2851; x_wconf 65' lang='lat' dir='ltr'><strong>BL:</strong></span> 
     </span>
     <span class='ocr_line' id='line_1_48' title="bbox 442 2859 1751 2897; baseline -0.002 -8"><span class='ocrx_word' id='word_1_352' title='bbox 442 2867 511 2889; x_wconf 84' lang='lat' dir='ltr'><strong>sunt</strong></span> <span class='ocrx_word' id='word_1_353' title='bbox 532 2862 657 2895; x_wconf 73' lang='lat' dir='ltr'><strong>infecta;</strong></span> <span class='ocrx_word' id='word_1_354' title='bbox 679 2862 718 2889; x_wconf 89' lang='lat' dir='ltr'><strong>ib.</strong></span> <span class='ocrx_word' id='word_1_355' title='bbox 735 2862 779 2889; x_wconf 83' lang='lat' dir='ltr'><strong>A:</strong></span> <span class='ocrx_word' id='word_1_356' title='bbox 800 2861 845 2888; x_wconf 78' lang='lat' dir='ltr'><strong>Ex</strong></span> <span class='ocrx_word' id='word_1_357' title='bbox 866 2870 944 2896; x_wconf 81' lang='lat' dir='ltr'><strong>quo:</strong></span> <span class='ocrx_word' id='word_1_358' title='bbox 967 2861 1006 2888; x_wconf 88' lang='lat' dir='ltr'><strong>ib.</strong></span> <span class='ocrx_word' id='word_1_359' title='bbox 1029 2862 1057 2888; x_wconf 64' lang='lat' dir='ltr'>A</span> <span class='ocrx_word' id='word_1_360' title='bbox 1077 2861 1105 2888; x_wconf 87' lang='grc'><strong>111</strong></span> <span class='ocrx_word' id='word_1_361' title='bbox 1129 2870 1242 2897; x_wconf 66' lang='lat' dir='ltr'><strong>marg:</strong></span> <span class='ocrx_word' id='word_1_362' title='bbox 1264 2869 1289 2888; x_wconf 81' lang='lat'><strong>2.</strong></span> <span class='ocrx_word' id='word_1_363' title='bbox 1348 2869 1389 2896; x_wconf 89' lang='lat'><strong>19.</strong></span> <span class='ocrx_word' id='word_1_364' title='bbox 1413 2861 1452 2888; x_wconf 74' lang='lat' dir='ltr'><strong>B:</strong></span> <span class='ocrx_word' id='word_1_365' title='bbox 1474 2865 1501 2887; x_wconf 82' lang='lat' dir='ltr'><strong>et</strong></span> <span class='ocrx_word' id='word_1_366' title='bbox 1521 2861 1613 2887; x_wconf 86' lang='lat' dir='ltr'><strong>deest.</strong></span> <span class='ocrx_word' id='word_1_367' title='bbox 1659 2859 1702 2886; x_wconf 70' lang='lat'><strong>23.</strong></span> <span class='ocrx_word' id='word_1_368' title='bbox 1724 2861 1751 2886; x_wconf 78' lang='lat' dir='ltr'><strong>A</strong></span> 
     </span>
     <span class='ocr_line' id='line_1_49' title="bbox 441 2895 1753 2932; baseline -0.002 -9"><span class='ocrx_word' id='word_1_369' title='bbox 441 2897 470 2923; x_wconf 90' lang='lat' dir='ltr'><strong>in</strong></span> <span class='ocrx_word' id='word_1_370' title='bbox 492 2905 607 2932; x_wconf 60' lang='lat' dir='ltr'><strong>marg:</strong></span> <span class='ocrx_word' id='word_1_371' title='bbox 626 2896 651 2924; x_wconf 83' lang='lat'><strong>3.</strong></span> <span class='ocrx_word' id='word_1_372' title='bbox 734 2896 777 2924; x_wconf 84' lang='lat'><strong>25.</strong></span> <span class='ocrx_word' id='word_1_373' title='bbox 800 2896 866 2923; x_wconf 85' lang='lat' dir='ltr'><strong>BC:</strong></span> <span class='ocrx_word' id='word_1_374' title='bbox 888 2904 1010 2923; x_wconf 82' lang='lat' dir='ltr'><strong>aranea.</strong></span> <span class='ocrx_word' id='word_1_375' title='bbox 1083 2895 1127 2923; x_wconf 83' lang='lat'><strong>33.</strong></span> <span class='ocrx_word' id='word_1_376' title='bbox 1148 2898 1192 2924; x_wconf 88' lang='lat' dir='ltr'><strong>A:</strong></span> <span class='ocrx_word' id='word_1_377' title='bbox 1217 2897 1348 2932; x_wconf 82' lang='lat' dir='ltr'><strong>sapiunt.</strong></span> <span class='ocrx_word' id='word_1_378' title='bbox 1421 2895 1469 2929; x_wconf 69' lang='lat'><strong>3⁸·</strong></span> <span class='ocrx_word' id='word_1_379' title='bbox 1491 2896 1529 2922; x_wconf 84' lang='lat' dir='ltr'><strong>B:</strong></span> <span class='ocrx_word' id='word_1_380' title='bbox 1552 2895 1753 2922; x_wconf 83' lang='lat' dir='ltr'><strong>mendicetur.</strong></span> 
     </span>
     <span class='ocr_line' id='line_1_50' title="bbox 440 2930 749 2965; baseline 0 -7"><span class='ocrx_word' id='word_1_381' title='bbox 440 2930 484 2965; x_wconf 82' lang='lat'><strong>37.</strong></span> <span class='ocrx_word' id='word_1_382' title='bbox 507 2931 573 2958; x_wconf 86' lang='lat' dir='ltr'><strong>BC:</strong></span> <span class='ocrx_word' id='word_1_383' title='bbox 596 2940 632 2958; x_wconf 82' lang='lat' dir='ltr'><strong>ex</strong></span> <span class='ocrx_word' id='word_1_384' title='bbox 654 2931 749 2958; x_wconf 85' lang='lat' dir='ltr'><strong>deest.</strong></span> 
     </span>
    </p>
   </div>
  </div>
 </body>
</html>
