2017 3353
134 942 172 963 10

99 1024 171 1055 Fol.

91 1068 172 1093 “q-b

91 1083 149 1113 ’,πΙ

135 1222 171 1254 ι5

133 1521 174 1542 20

132 1801 171 1833 25

132 2380 173 2412 35

190 297 326 326 smnio
346 286 426 343 iix]
702 300 840 332 Pium
870 300 995 331 PARs.
1716 293 1792 338 403

251 406 423 452 Quintus
459 406 638 443 minister
671 406 917 455 proditorius
951 415 987 442 et
1011 405 1050 442 in
1083 405 1240 442 fallacia
1264 406 1351 453 plus
1376 406 1508 442 multi-
1535 414 1557 441 5.
1581 415 1784 450 Hospitalers,

191 464 311 501 sarius
356 473 447 500 sunt
494 464 771 512 Hospitalarii,
817 464 960 512 quibus
1011 472 1095 500 tota
1140 463 1299 500 fallacia
1343 476 1506 500 suarum

188 521 370 571 parcium
405 522 551 570 poterit
573 521 780 570 applicari.
801 521 943 558 Videat
967 534 1060 569 ergo
1093 523 1215 558 homo
1239 521 1334 570 quid
1357 521 1508 558 fraudis

190 579 348 625 milites,
395 579 490 628 quid
523 581 751 616 sacerdotes
784 580 844 616 vel
877 579 944 616 alii
979 579 1112 616 clerici
1152 578 1303 616 faciunt
1343 579 1508 616 ecclesie

188 637 227 673 in
272 639 346 674 hoc
390 639 516 685 gradu
560 647 596 674 et
643 638 747 673 fraus
800 637 915 673 huius
962 637 1171 674 ministerii
1216 637 1310 674 satis
1361 637 1508 685 poterit

190 695 363 732 dilatari.

246 754 385 790 Sextus
427 754 574 800 gradus
620 762 656 788 et
702 752 866 789 ultimus
911 766 1029 802 super
1082 766 1161 802 quo
1208 766 1289 790 non
1339 750 1787 813 quiescitxgffilljlfledffffl'lfft

189 813 293 847 Deus
326 823 534 859 quousque
568 812 796 847 destruatur
829 811 986 859 penitus
1020 820 1077 848 est
1110 813 1210 848 ordo
1244 812 1413 848 fratrum
1447 824 1508 848 ex·
1600 821 1636 847 :111
1658 821 1726 847 evil.

188 867 454 917 proprietarie
493 868 716 905 vivencium
763 868 831 917 qui
876 882 916 905 se
961 869 1171 906 nominant
1219 869 1506 906 Mendicantes.

189 926 300 963 Sicut
331 926 436 962 enim
469 928 688 962 secundum
704 927 943 975 Apostolum
977 936 1034 964 est
1057 937 1381 964 consummatum
1406 927 1509 976 peri-

188 985 321 1021 culum
356 983 395 1020 in
427 984 535 1020 falsis
582 984 783 1031 fratribus,
830 985 885 1021 sic
930 984 1078 1022 invenit
1125 985 1308 1022 diabolus
1353 987 1401 1022 ab
1447 998 1508 1022 ex-

188 1041 391 1090 periencia
435 1042 503 1078 diu
531 1039 535 1095 l
565 1051 682 1079 turna
728 1042 933 1079 convictus
978 1043 1017 1079 in
1056 1042 1129 1080 ista
1176 1052 1284 1080 secta
1322 1052 1365 1080 ut
1403 1044 1508 1080 ultra

187 1109 314 1136 totam
348 1099 648 1136 universitatem
682 1100 864 1137 fraudem
888 1100 1065 1147 ecclesie,
1102 1114 1191 1137 cum
1223 1102 1399 1138 cautelas
1422 1114 1508 1138 ver-

188 1158 318 1194 sucias
356 1158 416 1194 vel
461 1158 575 1194 dolos
618 1171 818 1207 nusquam
863 1158 1037 1196 invenies
1082 1173 1182 1208 quos
1226 1172 1307 1196 non
1350 1160 1389 1196 in
1433 1160 1508 1196 ista

188 1225 295 1252 secta
339 1215 526 1264 reperies.
575 1217 676 1252 Sunt
720 1216 827 1253 enim
873 1217 980 1265 pleni
1026 1217 1260 1264 mendaciis,
1307 1218 1508 1255 scandalis

188 1283 307 1322 atque
342 1273 601 1321 blasphemiis
634 1283 671 1310 et
704 1287 774 1322 per
805 1275 1023 1323 ypocrisim
1062 1288 1177 1312 suam
1210 1277 1405 1313 seducunt
1447 1288 1507 1313 ec-

190 1331 366 1368 clesiam.
401 1333 500 1368 Sunt
532 1340 665 1368 autem
699 1341 907 1381 tamquam
941 1333 1160 1370 testudines
1183 1335 1508 1382 perambulantes

189 1389 371 1426 celeriter
415 1402 494 1426 una
539 1398 628 1438 post
673 1391 841 1427 alteram
881 1400 1008 1428 totam
1048 1400 1211 1435 terram,
1259 1391 1507 1429 confederati

189 1447 315 1484 eciam
350 1460 440 1483 cum
474 1447 647 1484 dominis
681 1457 717 1485 et
750 1448 990 1486 dominabus
1023 1458 1233 1497 penetrant
1265 1450 1376 1487 omni
1410 1451 1508 1487 hora

189 1517 369 1542 cameras
402 1505 691 1543 secretissimas
736 1515 944 1555 tamquam
991 1507 1247 1544 dominarum
1293 1508 1415 1545 catuli
1446 1509 1508 1545 vel

190 1565 368 1600 bubones
409 1572 446 1599 et
484 1572 693 1612 tamquam
739 1565 802 1601 lux
845 1577 890 1601 ac
934 1566 1074 1602 oculus
1120 1566 1249 1602 tocius
1298 1566 1508 1603 militantis

189 1621 354 1657 ecclesie
388 1621 540 1669 fingunt
563 1621 727 1670 prelatis
751 1635 864 1659 suam
889 1623 1242 1660 conversacionem
1265 1633 1347 1661 tam
1371 1637 1508 1661 neces-

188 1679 335 1716 sariam
370 1679 442 1715 toti
477 1679 665 1716 militanti
698 1679 863 1717 ecclesie
896 1683 1003 1729 quod
1037 1681 1120 1718 sine
1153 1694 1291 1718 eorum
1317 1682 1508 1720 commix-

188 1737 296 1773 tione
329 1749 410 1773 non
441 1736 588 1774 viveret
627 1750 718 1786 pars
752 1738 887 1787 aliqua
920 1741 1053 1787 quoad
1087 1741 1229 1786 Deum,
1265 1750 1302 1777 et
1337 1743 1395 1789 (ut
1420 1742 1507 1778 bre-

187 1795 286 1831 viter
309 1796 667 1844 comprehendam)
696 1797 885 1833 habentes
917 1797 1086 1834 linxinos
1119 1799 1258 1835 oculos
1281 1812 1327 1836 ac
1350 1799 1507 1836 incessu

189 1852 337 1901 duplici
371 1852 547 1901 undique
580 1854 831 1902 speculantes
865 1868 1004 1892 omnes
1040 1857 1216 1893 cautelas
1251 1857 1400 1894 diaboli
1431 1870 1507 1905 que

188 1912 332 1947 fastum
365 1911 426 1947 vel
458 1911 612 1947 lucrum
647 1911 808 1960 sapiunt
841 1926 911 1949 sua
943 1913 1117 1962 ypocrisi
1151 1923 1242 1951 sunt
1274 1915 1422 1952 rimati.

245 1969 395 2005 Omnes
417 1978 550 2005 autem
575 1970 645 2006 has
669 1983 733 2006 sex
755 1980 918 2008 vocatas
941 1981 1074 2020 partes
1098 1972 1263 2010 ecclesie
1287 1975 1508 2010 destrueret
1522 1980 1589 2008 The
1604 1986 1669 2009 true
1683 1981 1797 2009 church

188 2026 408 2063 animosius
441 2040 533 2075 pars
572 2027 714 2076 triplex
752 2028 953 2077 primitive
991 2031 1156 2067 ecclesie
1195 2044 1272 2079 que
1310 2031 1396 2080 ipsa
1435 2031 1508 2068 fuit
1523 2016 1797 2078 effffffl‘isistuffffiQ,

134 2119 142 2122 .
189 2084 285 2121 olim
318 2097 388 2133 per
422 2085 625 2122 Christum
664 2085 748 2123 sine
792 2087 1077 2125 commixtione
1121 2098 1321 2126 sectarum
1367 2089 1507 2126 talium

189 2141 389 2188 instituta3
414 2156 506 2191 pars
521 2143 653 2191 prima
669 2144 834 2181 ecclesie
850 2147 1067 2193 prudenter
1090 2146 1217 2183 acutis
1242 2148 1506 2194 sermonibus⁷

189 2201 364 2237 secunda
396 2213 488 2249 pars
529 2201 694 2238 ecclesie
733 2211 918 2250 potenter
956 2203 1069 2241 iustis
1108 2205 1437 2242 ordinacionibus
1471 2216 1508 2242 et

189 2257 313 2294 tercia
357 2271 448 2306 pars
493 2259 657 2296 ecclesie
709 2260 785 2308 piis
842 2261 1152 2299 elemosinarum
1203 2277 1366 2300 suarum
1419 2266 1509 2301 sub-

189 2315 474 2352 traceionibus.

247 2376 328 2410 Nec
361 2384 561 2422 supponat
584 2375 728 2424 aliquis
751 2378 859 2424 quod
877 2376 1095 2414 includitur
1117 2378 1157 2415 in
1180 2379 1316 2428 aliquo
1339 2379 1507 2416 istorum

190 2431 375 2479 impietas
409 2432 488 2468 sive
527 2432 688 2479 invidia,
728 2434 822 2482 quia
867 2436 1047 2472 Christus
1083 2449 1126 2473 ex
1165 2450 1322 2473 summa
1360 2437 1509 2486 pietate

190 2498 227 2525 et
260 2502 398 2526 amore
432 2489 598 2526 ecclesie
631 2491 759 2528 eciam
792 2493 1058 2540 prescitorum
1092 2494 1322 2543 reprobavit
1367 2504 1403 2532 et
1443 2497 1508 2532 de-

190 2546 329 2583 struxit
352 2547 580 2584 acutissime
599 2549 819 2596 phariseos.
844 2553 925 2587 Nec
949 2561 1006 2588 est
1029 2553 1129 2600 phas
1154 2552 1260 2589 fideli
1284 2552 1509 2590 discredere

191 2727 195 2730 ,
259 2700 280 2719 1.
301 2692 356 2719 ΑΕ
376 2692 404 2729 iu
428 2701 540 2728 marg:
563 2694 586 2721 5.
626 2702 650 2721 2.
674 2695 714 2722 C:
743 2695 821 2723 sicut
842 2696 1060 2732 Hospiplicari.
1119 2698 1142 2725 5.
1164 2698 1202 2725 E:
1225 2703 1253 2725 et
1273 2698 1366 2725 deest.
1426 2719 1431 2724 .
1453 2698 1509 2726 AC

190 2735 219 2753 111
237 2735 360 2765 ¹marg:
383 2732 411 2754 o.
494 2731 519 2754 N.
542 2729 610 2756 DE:
639 2738 800 2765 quousque
826 2739 897 2758 ιιοιι.
978 2740 1015 2759 12.
1044 2733 1081 2759 B:
1110 2733 1279 2767 convictis3
1310 2733 1350 2760 ib.
1378 2733 1448 2760 D‘:
1477 2739 1509 2761 ut

191 2762 306 2788 uluma.
399 2761 436 2789 13.
458 2764 501 2789 A:
524 2768 617 2790 totam
640 2769 750 2800 totam:
782 2765 821 2791 ib.
844 2765 911 2793 BC:
933 2767 1070 2794 cautelis.
1163 2776 1202 2800 14.
1225 2768 1269 2794 A:
1291 2772 1319 2794 et
1340 2768 1445 2802 dolos;
1467 2768 1506 2795 ib.

191 2795 258 2834 DE:
281 2804 449 2831 nunquam.
523 2805 566 2825 22.
588 2798 630 2825 23.
653 2799 774 2826 BCDE:
797 2800 914 2838 lingunt
935 2817 968 2820 —
988 2802 1113 2829 ecclesie
1134 2801 1227 2829 deest.
1302 2810 1349 2836 2⁸·
1370 2803 1414 2829 A:
1459 2811 1508 2830 ars

191 2839 265 2857 elus.
321 2831 365 2858 23.
387 2831 427 2858 C:
449 2831 618 2860 destrueret
638 2841 672 2859 eo
694 2834 776 2868 quod
798 2835 980 2862 animosius.
1037 2843 1084 2872 29.
1106 2836 1145 2863 E:
1168 2836 1226 2864 ista
1245 2836 1311 2864 fuit.
1369 2836 1410 2864 33.
1477 2838 1507 2865 in

192 2873 305 2900 marg:
328 2866 466 2893 doctriua
488 2867 614 2901 prodest
634 2872 796 2895 sectarum.
869 2868 915 2896 36.
939 2870 1060 2898 BCDE:
1083 2871 1119 2898 de
1140 2879 1280 2906 summa3
1301 2872 1341 2899 ib.
1358 2871 1399 2899 C:
1422 2872 1508 2899 boni-

191 2904 250 2926 tate
280 2904 316 2926 et.
425 2900 467 2928 3-.
498 2901 537 2928 E:
567 2906 595 2928 et
624 2902 723 2935 ὠκεῖς
754 2903 793 2930 ib.
817 2903 838 2930 Β
868 2904 896 2930 iu
927 2913 1040 2940 marg:
1069 2905 1204 2933 Excusat
1233 2914 1264 2933 se
1294 2906 1447 2934 subtiliter
1477 2907 1506 2934 in

192 2934 404 2962 desiruccioue
424 2918 495 2962 cleri
518 2945 570 2971 per
591 2935 749 2964 Christum
771 2938 821 2973 qui
845 2947 966 2966 summa
986 2939 1110 2967 caritate
1130 2940 1281 2968 destruxit
1300 2941 1471 2976 pharissos.

1307 2988 1375 3021 26*
