2017 3353
276 272 411 300 sumto
433 260 558 317 xxm]
779 272 919 304 PRIMA
947 272 1074 304 PARS.
1809 265 1880 301 165

334 380 549 418 Dilatando
588 388 720 416 autem
760 391 964 415 sermones
996 378 1093 415 istos
1126 385 1257 426 potest
1290 379 1398 414 scola
1433 379 1480 414 de
1518 378 1592 414 vir-
1654 387 1681 414 A
1702 387 1847 414 christian

276 438 427 476 tutibus
460 437 752 487 pertinentibus
785 436 1124 473 communicando
1157 435 1361 473 auditorio
1393 435 1595 473 introduci
1613 422 1886 485 ⁰¹⁴¹³⁷sabiss1st=¹ffih¹⁸³⁵

277 507 313 534 et
358 495 540 533 hortacio
586 504 780 545 quantum
823 495 978 544 expedit
1019 493 1197 539 dilatari3
1241 493 1387 531 veritas
1433 493 1594 543 quidem
1613 491 1886 552 HCQVIJJJ‘sl‘ffl}¹3⁴0!ss

276 564 333 592 est
379 555 577 591 subducto
622 553 837 602 supercilio
882 554 1138 590 sacerdotum
1184 553 1291 601 quod
1337 561 1420 588 tam
1470 551 1596 588 fidelis
1734 544 1788 598 013·

242 612 400 662 §possit
440 625 523 649 esse
563 611 802 649 christianus
842 624 923 648 non
961 610 1169 655 audiendo„
1197 610 1359 647 missam
1398 611 1459 647 vel
1494 610 1596 647 acci-
1633 600 1868 622 ⁶⁰¹³¹¹¹³‘¹'¹¹C³¹¹⁰'

275 671 423 720 piendo
468 669 741 716 eukaristiam,
794 669 895 706 sicut
946 682 986 706 se
1037 669 1169 717 ipsum
1214 681 1285 717 per
1337 668 1449 716 signa
1501 668 1597 705 talia

276 730 545 778 preparando.
593 727 690 774 Quis
738 727 937 776 (inquam)
984 726 1056 763 fuit
1101 726 1280 775 Baptista
1329 726 1485 763 fidelior
1530 725 1597 775 qui

275 799 481 836 nunquam
527 786 625 823 vidit
677 787 779 823 hanc
824 784 1083 823 eukaristiam
1128 785 1189 821 vel
1235 784 1435 821 comedit?
1487 784 1598 821 Sicut

276 845 402 882 eciam
448 845 676 893 frequenter
714 843 788 880 fuit
827 845 874 880 de
913 852 1053 881 sancto
1092 843 1215 880 Paulo
1254 851 1291 880 et
1330 842 1417 879 aliis
1462 842 1597 878 multis

221 917 260 940 10
276 903 471 949 fidelibus,
518 916 609 939 cum
654 902 703 939 sit
747 914 819 951 per
862 914 902 938 se
947 910 1087 939 notum
1133 900 1316 938 fidelibus
1367 902 1475 950 quod
1526 901 1597 937 hec

275 961 386 1010 signa
421 960 649 1010 corporalia
681 973 762 997 non
795 969 963 1009 prosunt
996 959 1245 996 sumentibus
1273 959 1350 996 nisi
1374 960 1421 996 de
1446 967 1597 1007 quanto

273 1019 469 1056 inducunt
491 1018 764 1065 devocionem‚
789 1018 980 1067 pietatem
998 1019 1059 1055 vel
1081 1017 1245 1055 virtutes
1269 1017 1367 1054 alias
1390 1025 1597 1066 pascentes

273 1077 506 1115 immediate
538 1077 666 1126 ipsam
699 1076 891 1114 animam.

332 1137 387 1172 Ex
442 1135 585 1184 quibus
644 1134 845 1183 colligitur
897 1136 1005 1183 quod
1059 1133 1201 1171 melius
1259 1134 1361 1171 foret
1421 1132 1597 1182 cogitare
1614 1141 1887 1182 Γψγφιωῂοιιᾳὴῐ

221 1198 258 1230 15
276 1194 480 1231 Christum
520 1195 660 1230 devote
699 1194 919 1230 secundum
959 1192 1165 1230 racionem
1205 1205 1283 1241 qua
1320 1191 1467 1229 viando
1506 1204 1597 1240 pro-
1612 1176 1887 1243 ῧξῃξζὴζζῖξῃὲρῇξζ

276 1252 421 1289 meruit
454 1253 515 1289 vel
547 1253 766 1288 secundum
801 1251 1005 1288 racionem
1040 1264 1118 1300 qua
1151 1252 1273 1287 modo
1307 1249 1346 1286 in
1387 1249 1597 1287 celestibus
1664 1239 1836 1273 Eucharist.

277 1319 333 1347 est
373 1312 512 1348 beatus
553 1323 673 1359 quam
712 1309 885 1347 videndo
925 1309 1184 1346 eukaristiam
1223 1309 1341 1345 oculo
1381 1307 1595 1356 corporali.

277 1371 362 1406 Hoc
397 1368 502 1406 enim
537 1377 594 1405 est
628 1380 842 1405 commune
875 1367 1011 1404 bestiis
1045 1376 1081 1404 et
1114 1365 1343 1403 infidelibus
1383 1375 1596 1415 quantum-

277 1440 434 1476 cunque
472 1426 688 1464 sceleratis.
722 1429 804 1463 Nec
835 1427 1000 1474 prodest
1033 1425 1218 1462 fidelibus
1250 1425 1327 1462 nisi
1360 1426 1407 1462 de
1447 1432 1596 1473 quanto

218 1499 259 1521 20
275 1485 429 1522 inducit
468 1487 518 1523 ad
558 1484 850 1533 cogitacionem
889 1492 926 1521 et
964 1483 1158 1521 visionem
1193 1483 1285 1520 fidei
1324 1482 1596 1532 supradictas;

276 1553 312 1581 et
350 1543 451 1581 sicut
496 1543 631 1580 multis
675 1544 839 1592 prodest
878 1555 948 1591 per
980 1542 1179 1589 accidens,
1214 1541 1270 1578 sic
1304 1541 1439 1578 multis
1475 1543 1596 1588 (Deus

274 1602 347 1639 scit
386 1601 417 1638 si
450 1601 646 1651 pluribus)
687 1614 758 1650 per
791 1600 977 1638 accidens
1012 1602 1183 1637 multum
1217 1601 1343 1637 obest.
1378 1601 1471 1636 Ideo
1505 1612 1594 1636 cum

274 1662 334 1697 lex
367 1659 439 1697 Dei
472 1673 515 1697 ex
548 1660 680 1708 prima
718 1659 976 1696 institucione
1010 1659 1059 1696 sit
1092 1658 1231 1703 facilis,
1272 1658 1364 1695 licet
1402 1670 1507 1695 nunc
1546 1657 1595 1693 sit

273 1718 391 1755 nimis
416 1718 654 1755 difficultata
677 1731 748 1767 per
772 1727 965 1766 satrapas,
983 1717 1077 1755 satis
1102 1726 1158 1754 est
1183 1717 1366 1753 fidelibus
1391 1716 1593 1753 Christum

218 1781 257 1814 25
275 1778 495 1814 secundum
548 1776 713 1813 virtutes
766 1776 1013 1825 theologicas
1066 1777 1206 1812 devote
1259 1775 1448 1820 recolere,
1504 1774 1594 1810 licet

273 1848 480 1884 nunquam
518 1834 689 1871 viderint
721 1834 928 1871 basilicam
961 1835 1022 1871 vel
1054 1842 1307 1871 sacramenta
1345 1845 1451 1869 nunc
1484 1832 1595 1869 insti-

274 1903 360 1930 tuta
393 1901 644 1941 receperunt.
679 1894 797 1939 Quod
830 1892 861 1929 si
894 1892 1051 1929 brevius
1075 1901 1111 1929 et
1141 1891 1264 1929 levius
1296 1903 1366 1940 per
1400 1890 1595 1939 evangeli-

274 1952 481 1989 zacionem
535 1951 750 1999 attingeret
808 1950 976 1988 ecclesia
1034 1950 1155 1987 istum
1208 1950 1329 1987 finem
1388 1948 1594 1986 subductis

279 2010 353 2047 hiis
386 2009 574 2046 omnibus
607 2008 762 2056 ritibus,
798 2009 885 2058 quis
918 2009 1074 2046 dubitat
1107 2008 1203 2057 quin
1243 2009 1309 2045 illa
1341 2016 1594 2044 sacramenta

219 2072 260 2104 30
276 2077 313 2105 et
358 2081 497 2105 eorum
542 2067 802 2105 observancia
847 2067 923 2104 sint
964 2066 1301 2104 irracionabiliter
1339 2066 1594 2103 introducta?

275 2126 367 2164 Scio
410 2135 546 2163 tamen
591 2127 699 2175 quod
742 2125 1019 2163 sacerdotibus
1063 2134 1100 2162 et
1144 2125 1307 2174 prelatis
1358 2123 1426 2174 qui
1476 2136 1595 2173 super

275 2184 359 2222 istis
403 2185 551 2222 habent
595 2186 791 2221 honorem
836 2198 952 2221 suum
998 2192 1034 2221 et
1079 2185 1234 2221 lucrum
1278 2183 1354 2220 ista
1392 2182 1594 2219 sentencia
1610 2190 1693 2217 Evils
1710 2192 1741 2218 ot
1761 2190 1810 2230 thte
1826 2191 1883 2217 law

185 2243 523 2301 pol-displicerem
558 2251 595 2279 et
628 2251 737 2291 patet
771 2256 891 2292 quam
925 2255 1126 2279 venenosa
1159 2243 1261 2279 foret
1283 2241 1471 2279 statuicio
1504 2240 1594 2278 talis
1656 2226 1842 2290 coaffllxing

186 2301 451 2359 ¹59eheretica
495 2302 604 2350 quod
647 2300 777 2338 omnis
806 2299 810 2352 l
839 2301 1046 2350 utriusque
1090 2313 1202 2337 sexus
1241 2300 1364 2337 semel
1408 2299 1449 2336 in
1488 2312 1594 2336 anno
1642 2292 1853 2323 00¹f¹¹¹¹¹¹¹310¹h

220 2371 260 2408 35
277 2361 325 2396 ad
360 2360 511 2396 Pascha
550 2359 701 2396 scilicet
740 2361 816 2396 hoc
854 2368 1152 2396 sacramentum
1193 2358 1378 2407 accipiat,
1419 2370 1510 2395 cum
1544 2359 1593 2394 ad

277 2430 402 2454 annos
441 2417 700 2454 discrecionis
738 2418 955 2464 advenerit,
989 2419 1061 2454 sub
1095 2430 1199 2465 pena
1236 2416 1356 2453 nimis
1395 2415 1591 2453 horribili.

276 2478 377 2512 Nam
413 2475 622 2512 deficiente
667 2476 1011 2524 evangelizacione
1050 2488 1171 2524 quam
1208 2474 1389 2512 Christus
1423 2473 1594 2510 instituit

345 2606 370 2626 2.
391 2599 435 2626 A:
467 2598 621 2638 precando
642 2597 802 2625 auditoris.
841 2597 867 2632 3,
887 2607 917 2632 4.
939 2598 984 2626 A:
1006 2598 1130 2634 quidem
1152 2602 1197 2625 est
1218 2597 1312 2625 deest.
1359 2597 1383 2626 5.
1404 2598 1449 2626 A:
1471 2603 1593 2633 posset:

276 2634 316 2661 ib.
339 2632 404 2660 BC:
427 2633 576 2663 udiendo:
597 2633 637 2660 ib.
660 2632 788 2660 missam
810 2632 904 2660 deest.
943 2641 970 2668 7.
991 2634 1036 2660 A:
1058 2633 1114 2660 fuit
1135 2632 1228 2660 deest.
1267 2632 1295 2661 8.
1316 2632 1355 2660 B:
1377 2641 1530 2668 unquam:
1552 2633 1592 2660 ib.

276 2669 298 2695 B
320 2668 347 2695 in
371 2677 485 2701 marga
507 2668 557 2696 Sis
578 2672 686 2694 cautus
706 2667 765 2694 hic.
805 2675 833 2703 9.
850 2668 895 2695 A:
917 2667 960 2695 sic
980 2668 1024 2695 fre
1050 2671 1171 2699 uenter:
1202 2667 1242 2695 ib.
1258 2669 1303 2695 A:
1325 2672 1431 2694 sancto
1453 2668 1594 2702 apostolo

277 2707 314 2730 et.
372 2711 412 2730 10.
436 2703 478 2731 A:
501 2710 641 2737 persone.
716 2710 750 2729 11.
773 2701 812 2730 C:
834 2702 870 2729 de
891 2707 1005 2738 quanto
1049 2707 1128 2734 cest:
1149 2702 1189 2730 ib.
1212 2702 1250 2730 B:
1272 2702 1330 2729 nisi
1352 2702 1392 2729 in.
1468 2701 1505 2729 13.
1528 2701 1592 2729 BC:

276 2737 453 2765 immediate
473 2737 567 2764 deest.
624 2745 665 2770 14.
681 2737 754 2764 Ain
775 2745 889 2772 marg:
912 2736 1095 2771 Conclusio3
1117 2737 1157 2764 ib.
1174 2737 1196 2764 B
1217 2737 1246 2764 in
1269 2745 1384 2771 marg:
1406 2736 1486 2764 Nota
1509 2737 1592 2764 bene.

278 2772 316 2800 15.
337 2773 380 2799 A:
405 2772 564 2800 Christum
585 2771 679 2799 deest.
770 2771 810 2805 18,
833 2780 874 2807 19·
897 2771 962 2799 BC:
984 2772 1220 2808 quantumlibet.
1329 2772 1372 2802 23.
1394 2779 1440 2805 24.
1463 2770 1529 2799 BC:
1551 2772 1594 2799 sic

278 2815 358 2834 nunc
379 2807 481 2834 nimis.
530 2814 577 2841 24,
599 2806 642 2834 25.
663 2807 707 2834 A:
730 2805 887 2834 Christum
909 2812 936 2834 et
957 2806 1094 2834 virtutes.
1139 2806 1186 2834 26.
1207 2807 1251 2834 A:
1273 2806 1431 2840 viderunt3
1459 2806 1500 2833 ib.
1522 2806 1543 2833 B
1564 2806 1593 2834 in

278 2850 391 2874 marga:
413 2841 493 2869 Cave
514 2841 635 2868 hereses
657 2840 818 2876 pessimas.
841 2840 922 2868 Cave
944 2841 1077 2869 hereses.
1157 2841 1204 2876 26,
1226 2849 1270 2877 27.
1292 2842 1336 2868 A:
1360 2849 1440 2868 nunc
1460 2840 1591 2868 iusticia.

280 2869 381 2914 27313:
403 2876 566 2911 recipient3
588 2875 628 2903 C:
650 2875 828 2911 reciperent.
919 2876 965 2904 28.
988 2876 1026 2904 B:
1048 2876 1184 2911 attinget.
1275 2874 1321 2903 30.
1343 2877 1388 2903 A:
1410 2875 1448 2903 sit
1468 2875 1593 2903 irracio-

279 2911 396 2938 nahter.
469 2910 512 2939 33.
534 2911 555 2938 B
576 2910 606 2938 in
627 2918 741 2946 marg:
763 2909 844 2938 Cave
865 2910 950 2939 bene.
