2017 3353
103 330 181 356 212
707 327 929 359 JOHANle
949 328 1132 360 WYCLIF
1153 329 1406 361 SERMONUM
1436 319 1587 373 [SERMO
1604 327 1710 354 XXXI-

391 434 512 471 faciat
545 447 635 471 cum
660 433 709 470 sit
732 436 849 470 Deus.
884 435 932 469 Et
953 442 1082 470 totum
1108 434 1182 470 hoc
1206 435 1402 471 redundat
1426 435 1475 470 ad
1499 434 1711 471 utilitatem

393 492 572 528 ecclesie.

451 552 551 587 Cum
598 551 672 586 hoc
718 549 966 597 evangelium
1009 549 1262 586 mencionem
1295 549 1416 586 faciat
1450 551 1497 586 de
1530 563 1642 599 pace,
1677 559 1714 586 et

393 621 483 644 curn
517 620 591 656 pax
624 606 798 643 hominis
830 606 879 643 sit
914 606 1056 644 mentis
1079 607 1347 656 tranquillitas
1371 620 1446 656 que
1471 609 1586 644 debet
1610 608 1713 644 iusto

392 666 521 702 inesse
554 666 675 702 modo
709 664 871 713 triplici,
906 674 1015 713 patet
1048 665 1156 714 quod
1188 678 1264 714 pax
1290 667 1407 703 debet
1431 679 1514 702 esse
1537 665 1577 702 in
1600 665 1747 703 intel-5

392 725 497 760 lectu
529 736 578 759 ne
611 722 813 759 erroribus
850 722 1087 769 involvatur,
1121 723 1161 760 in
1190 724 1395 761 voluntate
1428 733 1470 760 ut
1507 725 1555 760 ad
1586 726 1712 760 Deum

393 781 587 829 dirigatur
621 781 755 825 libere,
798 789 833 817 et
873 780 913 817 in
952 781 1168 818 affeccione
1201 790 1283 818 tarn
1318 781 1560 819 intellectiva
1593 795 1713 830 quam

393 838 580 876 sensitiva
613 851 662 875 ne
695 838 935 875 inordinatis
969 838 1222 887 passionibus
1255 850 1476 878 moveatur.

105 907 148 933 (η’
168 906 216 932 1110
240 913 327 933 sense
348 905 382 932 οῖ·
452 899 544 933 Ideo
575 898 622 933 de
652 896 833 945 sequenti
857 909 975 934 sensu
999 897 1219 934 extrinseco
1242 897 1390 946 triplici
1416 907 1473 935 est
1497 898 1712 934 dicendum

192 941 289 968 smell.
342 999 347 1002 .
394 964 431 992 et
466 954 597 1003 primo
632 956 680 990 de
713 955 875 990 olfactu.
923 954 1034 991 Sicut
1067 954 1172 991 enim
1205 955 1310 992 visus
1344 956 1499 993 excellit
1531 955 1713 993 auditum
1736 971 1773 992 ιο

394 1014 528 1062 quoad
559 1012 706 1049 obiecti
739 1012 798 1048 sui
834 1012 1087 1059 distanciam,
1121 1026 1212 1050 cum
1241 1013 1506 1063 apprehendit
1540 1013 1713 1059 celestia,

395 1071 554 1107 auditus
588 1080 722 1107 autem
757 1071 807 1106 ad
841 1071 1058 1107 maximum
1092 1084 1173 1108 non
1206 1072 1472 1120 apprehendit
1504 1071 1579 1108 nisi
1613 1071 1715 1108 toni-

395 1138 497 1175 trua,
532 1129 587 1166 sic
619 1127 778 1165 auditus
812 1129 964 1165 excedit
1003 1129 1195 1166 olfactum
1237 1142 1326 1166 cum
1366 1129 1526 1166 fumalis
1571 1142 1715 1178 evapo-

395 1187 504 1223 racio
528 1199 603 1236 que
627 1195 684 1223 est
707 1186 909 1223 obiectum
933 1187 1115 1233 olfactus,
1143 1186 1218 1224 nisi
1246 1188 1348 1224 forte
1372 1201 1442 1236 per
1465 1187 1714 1224 delacionem

395 1254 608 1282 ventorum
642 1257 723 1281 non
755 1244 976 1293 percipitur
1009 1247 1059 1282 ad
1094 1254 1247 1282 tantam
1278 1245 1530 1288 distanciam,
1562 1254 1598 1281 et
1629 1258 1716 1282 cor-
1738 1249 1774 1282 15

396 1305 686 1351 respondentes
718 1315 834 1339 nares
874 1316 950 1352 que
988 1312 1079 1340 sunt
1118 1316 1312 1352 organum
1347 1304 1517 1341 olfactus
1552 1303 1715 1340 inferius

398 1361 437 1398 in
470 1360 600 1410 capite
634 1360 846 1397 situantur.

136 1426 354 1470 Mysticallx=>itv
456 1420 675 1467 Loquendo
715 1427 848 1455 autem
890 1420 936 1455 de
975 1420 1099 1455 odore
1137 1421 1188 1455 ad
1226 1432 1385 1455 sensum
1426 1419 1642 1464 misticum,
1677 1427 1719 1454 ut

120 1458 372 1532 ffiffifflffllff‘l'ssh
398 1477 493 1513 dicit
531 1478 680 1513 famam
721 1477 780 1512 vel
821 1476 891 1513 Dei
932 1476 1246 1514 delectacionem
1286 1476 1326 1513 in
1364 1490 1484 1525 opere
1524 1477 1716 1521 virtuoso,

193 1536 299 1559 mrtue.
398 1544 455 1572 est
499 1534 593 1571 satis
632 1534 869 1582 equivocum
910 1543 946 1571 et
986 1534 1076 1571 huic
1115 1534 1316 1571 sentencie
1353 1548 1434 1571 non
1478 1547 1716 1583 repugnans.
1735 1550 1776 1572 20

399 1593 463 1630 Sic
502 1592 606 1629 enim
647 1591 793 1628 dicitur
826 1594 931 1629 Deus
970 1606 992 1629 a
1029 1606 1188 1629 summo
1234 1593 1318 1629 celo
1363 1593 1481 1629 flores
1525 1592 1717 1629 virtutum

399 1650 689 1688 delectabiliter
721 1651 905 1696 odorare,
946 1659 982 1686 et
1014 1650 1152 1687 viciosi
1193 1650 1380 1688 dicuntur
1416 1651 1537 1687 fetere
1582 1663 1718 1687 coram

402 1708 595 1753 Domin03
640 1709 745 1744 unde
783 1708 913 1756 angeli
957 1708 1052 1745 boni
1097 1708 1283 1745 dicuntur
1326 1709 1416 1745 loca
1459 1708 1719 1757 peccancium

399 1776 564 1815 propter
607 1766 775 1803 fetorem
819 1766 1057 1815 relinquere,
1102 1766 1196 1815 quia
1240 1766 1374 1803 vident
1413 1766 1631 1803 Dominum
1677 1779 1721 1803 ex

399 1824 661 1861 induracione
695 1823 873 1860 criminis
906 1824 1014 1872 ipsos
1047 1824 1159 1861 odire
1193 1834 1229 1861 et
1263 1826 1312 1861 ad
1344 1824 1577 1872 suffragium
1603 1837 1720 1872 ange-
1738 1829 1777 1861 25

399 1883 522 1919 licum
578 1881 764 1930 indignos
814 1895 909 1919 esse.
966 1884 1044 1919 Sed
1098 1884 1231 1931 quoad
1283 1884 1450 1919 abusum
1496 1881 1721 1930 corporalis

400 1940 536 1977 odoris
560 1948 669 1988 patet
694 1941 802 1988 quod
826 1940 1112 1989 sophisticatur
1142 1940 1418 1988 multipliciter
1446 1940 1486 1977 in
1514 1939 1518 1990 Ι
1547 1939 1722 1989 peccatis
1737 1933 1816 1995 [³9¹2

121 1999 242 2050 Abssssfiss
261 1998 373 2050 atthis
401 1998 628 2036 carnalibus
660 2007 703 2033 ut
735 1999 827 2045 gula
860 2007 896 2034 et
929 1998 1096 2035 luxuria.
1151 1998 1288 2035 Gulosi
1320 2011 1495 2047 namque
1528 1998 1568 2034 in
1599 1978 1801 2034 vesci-105

200 2042 297 2061 δώῃ
401 2056 546 2093 bilibus
579 2055 790 2092 odoriferis
822 2056 997 2092 indebite
1030 2057 1279 2093 delectantur
1320 2065 1356 2093 et
1389 2055 1580 2092 luxuriosi
1613 2057 1721 2105 quod

402 2116 524 2162 pudet
562 2114 602 2150 in
640 2113 797 2149 feminis
837 2123 1077 2150 consumunt
1116 2123 1350 2162 sumptuose
1393 2114 1433 2150 in
1477 2113 1720 2162 subfumiga-
1737 2118 1779 2149 30

403 2172 584 2209 cionibus
623 2184 669 2207 ac
708 2184 933 2219 pannorum
975 2181 1011 2208 et
1049 2172 1293 2208 lintheorum
1327 2181 1364 2208 et
1396 2172 1719 2208 flammeolorum

402 2230 594 2266 odoribus
638 2229 821 2277 preciosa
860 2229 1186 2275 aromatizancia,
1233 2243 1323 2266 cum
1370 2229 1514 2278 quibus
1554 2242 1721 2277 magnus

402 2288 573 2335 populus
612 2287 760 2335 poterit
797 2287 1024 2324 sustentari.
1077 2290 1125 2323 Et
1163 2300 1300 2324 revera
1340 2300 1460 2324 causa
1490 2287 1648 2323 videtur
1679 2295 1721 2322 ut

403 2346 504 2382 fetor
541 2344 776 2381 luxuriantis
814 2345 958 2381 femine
992 2345 1197 2393 mitigatur
1236 2354 1273 2382 et
1312 2347 1433 2381 ardor
1464 2344 1535 2381 viri
1569 2344 1721 2381 avidius

402 2403 605 2439 excitetur.
640 2404 688 2438 Et
720 2411 849 2438 totum
884 2404 959 2439 hoc
991 2402 1141 2439 indicat
1169 2403 1336 2439 fetorem
1363 2402 1516 2451 peccati
1540 2402 1777 2440 abhomi-35

402 2461 576 2497 nabilem
617 2461 724 2507 apud
758 2462 897 2496 Deum.
944 2463 1018 2497 Iste
1051 2470 1185 2497 autem
1219 2474 1355 2497 sensus
1389 2460 1533 2496 dicitur
1567 2460 1721 2496 medius

402 2518 504 2555 inter
543 2518 730 2567 quinque,
772 2530 861 2554 cum
900 2518 939 2554 in
979 2520 1134 2554 duobus
1172 2519 1373 2567 prioribus
1412 2518 1642 2566 parcialiter
1681 2517 1721 2554 in

402 2576 684 2624 spiritualitate
729 2575 1002 2612 communicat
1047 2585 1083 2612 et
1129 2589 1217 2612 cum
1266 2578 1420 2613 duobus
1464 2575 1720 2625 sequentibus

471 2698 496 2725 3.
517 2699 545 2725 Α
568 2698 597 2725 in
620 2705 733 2732 marg:
756 2698 832 2732 Pax;
862 2698 902 2725 ib.
925 2698 990 2725 BC:
1012 2698 1092 2726 facit.
1177 2708 1206 2733 4.
1228 2700 1272 2726 A:
1300 2707 1369 2726 cum
1391 2699 1484 2726 deest.
1566 2698 1592 2723 8.
1614 2697 1654 2725 C:
1676 2698 1720 2724 in-

403 2733 554 2760 ordinatis
577 2732 839 2768 possessionibus.
865 2767 871 2769 -
961 2741 1000 2759 10.
1027 2733 1064 2760 ss:
1087 2733 1123 2760 de
1144 2734 1243 2766 datust,-
1273 2733 1313 2761 ib.
1335 2734 1362 2760 A
1383 2733 1411 2760 in
1435 2741 1547 2768 marg:
1569 2732 1718 2759 olfactus.

405 2776 444 2801 ¹4-
462 2769 505 2794 A:
528 2767 728 2794 dclecionem.
786 2767 941 2796 15,10.A:
964 2773 991 2794 ct
1006 2776 1108 2795 coram
1126 2776 1224 2795 nares.
1282 2776 1322 2799 10.
1338 2769 1382 2795 A:
1403 2768 1457 2794 Dei
1473 2768 1572 2799 deest;
1592 2767 1631 2793 ib.
1647 2768 1673 2793 A
1690 2767 1718 2793 in

404 2811 518 2836 marg:
540 2802 583 2828 Dc·
605 2801 709 2837 odore.
758 2810 800 2828 22.
817 2802 933 2829 eodm.-
955 2802 1092 2829 adorare.
1138 2811 1184 2837 24.
1201 2803 1240 2830 C:
1262 2800 1447 2837 delinquere.
1493 2802 1538 2829 26.
1554 2803 1597 2829 A:
1619 2801 1717 2827 visum

403 2837 587 2871 corporalis.
625 2837 669 2863 28.
687 2836 756 2864 BC:
779 2841 805 2863 et
827 2837 919 2863 dec-⁸1.
964 2839 1008 2866 28,
1025 2845 1070 2867 zu.
1088 2838 1131 2864 A:
1153 2838 1182 2864 in
1204 2837 1348 2864 vestibus.
1388 2845 1434 2867 20.
1450 2838 1492 2864 A:
1515 2835 1718 2863 utluxuriosi.

404 2871 441 2897 Ἅι.
458 2871 498 2897 C:
520 2876 547 2897 ct
569 2879 763 2906 pannorum:
791 2871 830 2897 ib.
854 2871 891 2898 15:
915 2880 949 2898 ac
970 2870 1165 2899 liuthbomm.
1238 2871 1282 2906 37,
1305 2870 1420 2898 Codds:
1444 2871 1605 2906 parciatur.

474 2954 509 2985 ς).
539 2942 590 2973 Cf.
620 2953 651 2984 p.
682 2943 758 2981 205,
787 2952 838 2985 27.
917 2944 964 2974 15.
994 2944 1044 2976 Cf.
1072 2943 1274 2985 Trialogum
1302 2954 1378 2985 pag.
1406 2941 1459 2985 96,
1486 2953 1539 2985 97.

1992 3022 2010 3129 ι·-···«μ
1991 2411 2017 3015 -ffl-v-su-
2001 2391 2014 2403 ἱ
