2017 3353
218 512 241 541 2³.
264 513 332 539 lust.

143 977 209 1004 The
237 975 339 1003 lustful
367 982 417 1001 are

202 1011 251 1050 lli-e
272 1014 366 1037 worst

215 1053 346 1073 sumers.

704 275 929 310 JOHANle
949 274 1130 306 wvcmF
1151 272 1407 305 SERMONUM
1433 256 1584 314 [SERMO
1600 265 1740 294 xxxiv.

427 397 546 435 atque
587 384 737 422 diaboli
776 381 990 429 coniugati.
1024 382 1128 416 Tota
1161 388 1294 416 autem
1334 377 1562 415 sollicitudo
1603 389 1741 413 eorum

427 443 661 493 expenditur
701 442 740 478 in
773 439 1017 489 probacione
1051 447 1212 486 questus
1250 435 1548 485 temporalium.
1588 434 1745 471 Ter-cius

426 511 552 540 autem
587 501 686 537 dixit
717 513 756 536 se
789 511 952 535 uxorem
987 497 1144 533 duxisse
1177 495 1244 544 qui
1275 504 1389 532 notat
1422 494 1616 542 populum
1655 504 1745 540 pec-

428 570 517 598 cato
551 558 681 596 carnis
719 557 929 595 viciatum:
971 567 1116 602 corpus
1156 553 1260 590 enim
1295 562 1331 589 et
1365 552 1499 589 anima
1536 560 1745 599 tamquam

427 632 524 656 uxor
570 626 606 654 et
650 616 709 653 vir
753 615 992 663 copulantur
1037 614 1087 649 ad
1130 611 1299 648 invicem
1345 612 1453 659 quod
1491 609 1522 646 si
1561 621 1660 645 uxor
1698 607 1748 644 sit

429 676 592 713 domina
625 684 661 711 et
695 673 830 710 anima
868 684 1001 708 servus
1041 670 1136 715 eius,
1169 669 1292 706 nichil
1324 670 1412 717 plus
1444 667 1659 704 necessitat
1698 667 1747 702 ad

430 733 591 772 celestia
625 731 1006 780 contempnendum.
1042 730 1133 764 Ideo
1157 727 1360 776 signanter
1383 726 1478 763 dicit
1502 725 1557 762 sic
1580 724 1749 761 viciatus

430 801 597 842 peccato
643 789 792 827 carnis:
839 789 925 824 Non
964 799 1124 837 possum
1169 786 1318 831 venire,·
1369 784 1436 821 alii
1489 792 1624 821 autem
1670 783 1749 818 duo

431 851 584 900 priores
628 850 848 897 loquuntur
885 845 1056 883 facecius
1090 844 1283 881 dicentes:
1317 844 1431 893 Rogo
1464 850 1511 889 te,
1555 841 1650 878 habe
1692 852 1752 876 me

431 915 672 951 excusatum,
711 905 805 954 quia
844 903 1085 952 promittunt
1125 902 1217 939 licet
1256 902 1351 938 false
1391 901 1499 949 quod
1538 897 1751 948 adquirent

433 965 657 1003 dominium
699 965 749 1001 ad
788 963 954 999 rebelles
996 960 1160 997 ecclesie
1202 960 1488 996 destruendum
1527 971 1572 995 ac
1612 955 1751 993 mundi

434 1024 597 1062 divicias
631 1024 681 1060 ad
714 1033 910 1070 pauperes
944 1020 1215 1056 relevandum.
1241 1019 1318 1054 Sed
1343 1016 1512 1054 carnalis
1542 1024 1749 1063 tamquam

433 1082 598 1131 agrestis
632 1090 669 1117 et
701 1079 877 1116 bestialis
916 1079 1164 1125 voluptatem
1198 1075 1405 1124 propriam
1438 1075 1568 1111 solum
1609 1085 1752 1110 curans

434 1139 702 1190 pretermissis
732 1136 1060 1174 excusacionibus
1084 1133 1314 1171 huiusmodi
1338 1132 1433 1170 dicit
1463 1134 1570 1181 quod
1593 1139 1752 1180 oportet

434 1200 566 1248 ipsum
600 1197 640 1234 in
672 1196 767 1245 ipsis
799 1194 1072 1243 voluptatibus
1103 1191 1329 1230 necessario
1351 1190 1536 1228 volutari.
1560 1191 1755 1226 Reversus

434 1270 570 1295 servus
613 1254 806 1291 nunciavit
838 1254 905 1289 lzec
938 1253 1104 1299 domino,
1137 1250 1230 1299 quia
1268 1248 1457 1298 operacio
1495 1247 1754 1285 invitancium

438 1324 495 1353 est
527 1313 734 1351 excusacio
768 1310 1043 1361 peccandum,
1083 1309 1185 1346 sicut
1224 1308 1400 1357 quelibet
1438 1316 1622 1344 creatura
1660 1304 1756 1341 dicit

438 1376 522 1410 Deo
555 1385 595 1409 se
628 1372 769 1420 ipsam.
800 1371 904 1405 Tunc
937 1369 1060 1405 iratus
1090 1367 1377 1417 paterfamilias
1400 1365 1467 1415 qui
1497 1373 1554 1402 est
1577 1363 1757 1402 Christus

439 1432 539 1468 dixit
571 1430 727 1467 interna
760 1427 1030 1476 inspiracione
1063 1425 1244 1474 predicto
1277 1437 1389 1461 servo
1412 1424 1513 1473 quod
1541 1430 1654 1459 exeat
1685 1421 1757 1457 cito

434 1489 676 1540 predicando
704 1487 850 1537 plebeis
881 1493 917 1522 et
945 1485 1091 1535 populo
1123 1492 1157 1520 et
1189 1490 1354 1533 quatuor
1384 1494 1530 1533 genera
1561 1481 1755 1516 hominum

439 1548 670 1584 introducat.
704 1546 901 1593 Pauperes
924 1543 1067 1591 quibus
1090 1541 1181 1578 licet
1204 1541 1281 1577 sint
1304 1539 1424 1577 validi
1447 1539 1486 1575 in
1508 1537 1758 1575 naturalibus

439 1615 574 1642 tamen
607 1602 819 1640 affluencia
858 1600 1143 1649 temporalium
1187 1612 1269 1635 non
1308 1597 1456 1635 arridet
1496 1606 1532 1633 et
1571 1604 1661 1632 sunt
1701 1594 1757 1630 illi

440 1663 507 1712 qui
552 1662 644 1699 licet
695 1662 868 1697 habeant
925 1658 1068 1695 subtile
1117 1658 1300 1694 naturale
1353 1655 1569 1704 ingenium,
1623 1662 1759 1690 tamen

441 1719 677 1759 exercitacio
711 1720 821 1755 deest
855 1717 943 1753 illis.
979 1717 1135 1753 Debiles
1166 1724 1256 1751 sunt
1289 1713 1345 1750 illi
1379 1713 1445 1762 qui
1480 1725 1522 1749 ex
1556 1711 1759 1748 debilitate

439 1789 581 1816 nature
615 1786 705 1814 sunt
738 1777 980 1824 impotentes
1017 1774 1084 1823 qui
1123 1782 1213 1810 sunt
1248 1772 1454 1809 moraliter
1488 1770 1669 1807 homines
1703 1769 1759 1806 in-

441 1836 596 1874 ferioris
629 1834 866 1884 capacitatis
906 1832 1066 1881 ingenii.
1118 1831 1206 1867 Ceci
1247 1839 1338 1867 sunt
1378 1828 1560 1866 homines
1605 1827 1671 1877 qui
1718 1840 1761 1863 ex

443 1894 627 1932 doctrina
666 1892 816 1929 diaboli
855 1892 894 1928 in
935 1889 1211 1939 spiritualibus
1249 1897 1340 1925 sunt
1373 1887 1511 1925 cecati.
1551 1889 1599 1922 Et
1633 1885 1763 1922 claudi

443 1962 534 1990 sunt
579 1952 645 2001 qui
690 1950 845 1988 accidia
889 1958 1050 1997 torpent
1101 1956 1143 1984 ut
1186 1946 1226 1983 in
1274 1946 1379 1983 viam
1424 1945 1586 1982 Domini
1637 1943 1760 1980 intro—

444 2013 599 2048 cedant.
647 2009 705 2046 Illi
749 2017 881 2045 autem
928 2005 1101 2043 dimissis
1151 2004 1334 2054 prescitis
1387 2004 1520 2052 quoad
1573 2011 1759 2039 naturam

445 2071 533 2118 plus
575 2066 717 2105 validis
760 2075 850 2102 sunt
894 2078 963 2113 per
1008 2063 1254 2112 evangelium
1300 2061 1531 2105 introducti,
1584 2069 1620 2096 et
1671 2072 1760 2096 cum

445 2139 605 2164 necesse
643 2125 692 2162 sit
729 2137 942 2161 numerum
976 2121 1342 2171 predestinatorum
1381 2119 1540 2167 impleri
1573 2117 1640 2166 qui
1673 2125 1763 2165 post

447 2187 523 2222 hoc
556 2182 821 2220 ministerium
856 2180 1190 2229 evangelistarum
1219 2179 1399 2216 nondum
1433 2177 1634 2224 impletur,
1670 2174 1763 2223 quia

447 2244 574 2279 adhuc
606 2242 711 2277 locus
743 2247 811 2287 est,
845 2239 898 2277 ait
938 2238 1123 2275 dominus
1162 2237 1218 2273 illi
1258 2249 1390 2273 servo:
1435 2235 1518 2271 Exi
1547 2235 1582 2270 in
1617 2233 1698 2269 vias
1730 2239 1765 2269 et

447 2313 555 2350 sepes
598 2307 632 2336 et
675 2299 860 2348 compelle
897 2298 1056 2333 intrare.
1096 2298 1197 2332 Nam
1231 2294 1270 2330 in
1309 2293 1447 2330 diebus
1484 2291 1631 2328 nostris
1670 2290 1765 2327 defi-

451 2358 578 2395 ciente
610 2356 831 2405 plurimum
866 2354 1197 2403 evangelistarum
1222 2351 1355 2388 officio
1381 2351 1579 2388 seculares
1613 2347 1765 2386 domini

452 2416 519 2465 qui
563 2416 707 2451 debent
751 2426 834 2450 esse
878 2425 1013 2449 servus
1058 2411 1123 2447 ille
1166 2411 1386 2447 secundum
1425 2417 1581 2457 partem
1622 2408 1766 2444 debent

524 2582 548 2601 2.
570 2574 599 2601 A
628 2573 657 2600 in
690 2580 804 2607 marga
834 2570 858 2599 3.
950 2570 974 2598 5.
994 2570 1039 2597 A:
1070 2568 1258 2596 adinvicem
1280 2568 1373 2595 deest.
1466 2566 1493 2594 6.
1516 2566 1580 2594 BC:
1612 2566 1656 2593 rel
1688 2566 1766 2600 plus.

458 2619 497 2637 ιο.
519 2609 563 2636 Α;
584 2607 762 2646 adquirunt.
837 2605 875 2633 15.
891 2606 935 2633 A:
957 2603 1079 2632 interim
1101 2603 1248 2638 x’olutari3
1269 2602 1310 2630 C:
1332 2602 1494 2637 voluptari.
1568 2600 1609 2628 16.
1626 2602 1670 2628 A:
1691 2608 1768 2627 nun-

457 2644 515 2671 ciat
535 2644 609 2675 lioc;
636 2642 676 2669 ib.
697 2643 741 2669 A:
763 2640 814 2677 qui
835 2639 978 2676 operacio
999 2637 1200 2666 imitancium.
1265 2637 1304 2665 18.
1327 2637 1367 2665 C:
1387 2637 1502 2675 ipsum.
1560 2644 1600 2667 10.
1623 2636 1666 2662 A:
1688 2634 1768 2669 aspi-

457 2678 594 2710 racimm:
616 2677 656 2704 C:
679 2676 861 2712 spiracione.
909 2682 948 2702 21.
969 2674 1013 2701 A:
1036 2673 1086 2708 qui
1107 2673 1184 2700 licet.
1232 2672 1274 2703 25,
1296 2672 1342 2699 26.
1364 2671 1534 2699 interiores.
1574 2667 1629 2697 '28.
1651 2669 1767 2697 Codd.:

456 2728 464 2740 t
479 2713 527 2740 uia
547 2712 672 2739 accidia.
746 2711 792 2747 28,
814 2717 860 2746 29.
881 2710 925 2736 A:
946 2707 1145 2736 intercedant.
1225 2706 1267 2735 33.
1288 2708 1332 2734 A:
1355 2711 1399 2733 est
1419 2706 1519 2737 deest;
1540 2705 1582 2732 ib.
1602 2706 1646 2732 A:
1668 2704 1766 2731 Deus:

456 2748 462 2775 i
491 2769 495 2774 .
516 2749 560 2775 A:
583 2755 635 2782 per
655 2746 729 2773 vias.
803 2743 849 2779 34.
870 2745 914 2771 A:
935 2743 965 2770 in
986 2742 1079 2770 deest.
1152 2741 1198 2769 36.
1221 2741 1286 2769 BC:
1308 2741 1419 2768 debent
1439 2740 1531 2768 deest.

535 2864 583 2897 ¹9·
603 2853 770 2893 Vulgate:
796 2852 872 2884 Exi
897 2851 967 2884 cito
994 2850 1027 2882 in
1041 2851 1183 2892 plateas
1201 2854 1234 2882 et
1252 2849 1347 2881 vicos
1366 2846 1521 2880 civitatis
1540 2849 1574 2878 et
1585 2854 1767 2888 pauperes

458 2911 499 2933 ac
525 2900 651 2933 debiles
678 2904 711 2931 et
736 2907 857 2932 coecos
883 2901 918 2930 et
942 2896 1088 2930 claudos
1114 2895 1278 2928 introduc
1304 2895 1380 2926 huc.

1765 609 1781 641 5

1773 909 1809 932 10

1775 1190 1811 1222 15

1774 1491 1814 1513 20

1777 1774 1817 1807 25

1783 2353 1822 2385 35
