2017 3353
314 254 449 283 SERMO
471 244 581 301 xxx]
823 258 964 290 PRlMA
991 258 1116 290 PARS.

312 373 459 411 petere,
494 363 583 400 ideo
617 364 731 411 longe
765 364 873 401 aliud
906 374 962 401 est
995 378 1017 401 a
1051 367 1134 400 Deo
1174 364 1352 402 etialiud
1386 367 1434 401 ab
1468 366 1629 402 homine

313 421 552 458 mendicare.
587 424 721 458 Potest
754 432 886 458 autem
920 436 990 471 per
1024 435 1168 470 panem
1198 435 1292 458 sane
1315 422 1481 470 intelligi
1505 425 1630 471 quod-

312 493 467 527 cunque
506 480 683 516 relevans
724 481 975 528 corporalem
1016 479 1299 528 indigenciam,
1332 490 1627 517 sacramentum

311 536 446 573 altaris
480 538 539 573 vel
574 538 631 573 lex
666 537 737 574 Dei
771 537 1002 575 interiorem
1038 537 1242 574 hominem
1277 537 1538 586 spiritualiter
1571 552 1630 574 re-

277 594 504 639 bfoeillans7
544 597 611 631 sed
652 595 745 644 quia
783 595 1118 644 impedimentum
1154 595 1333 632 dacionis
1368 595 1483 632 huius
1517 596 1630 644 panis

310 662 367 689 est
410 652 654 690 indebitacio
699 666 777 702 qua
816 654 887 690 Dei
928 654 1106 690 debitum
1147 653 1322 690 indebite
1363 655 1628 699 retardamus,

310 710 399 747 ideo
443 712 619 747 secundo
664 711 812 758 petitur
857 713 964 760 quod
1004 713 1111 748 Deus
1155 712 1321 747 dimittat
1359 712 1465 748 nobis
1505 713 1629 748 debita

309 776 464 813 nostra;
484 770 551 805 sed
577 768 909 806 condicionaliter
942 769 1186 806 annectitur:
1220 770 1325 806 Sicut
1354 777 1389 806 et
1411 782 1478 806 uos
1502 771 1628 806 dimit-

308 827 423 862 timus
456 827 690 863 debitoribus
727 828 880 864 nostris.
927 830 1027 864 Nam
1062 828 1183 864 stulta
1215 828 1344 864 fronte
1377 836 1466 864 orat
1499 830 1626 864 Deum

257 883 487 920 zodebitum
526 897 640 921 suum
682 885 883 922 dimittere
928 886 995 934 qui
1038 899 1120 922 non
1163 886 1246 922 vult
1283 885 1629 933 proporcionabili

308 955 494 980 mensura
526 942 658 979 fratris
692 943 869 980 debitum
904 943 1107 980 remittere
1143 944 1201 989 (ut
1234 952 1342 991 patet
1371 943 1411 980 in
1435 945 1629 992 parabola

307 1000 524 1037 Salvatoris
568 1001 709 1037 Matth.
742 999 917 1050 XV1110).
952 1003 1000 1038 Et
1044 1014 1135 1038 cum
1180 1001 1256 1038 isto
1300 1011 1377 1038 stat
1423 1001 1626 1039 hominem

216 1086 276 1117 Fol
307 1057 485 1094 debitum
532 1060 742 1107 corporale
786 1059 827 1096 in
871 1059 1038 1096 caritate
1091 1059 1294 1108 requirere
1347 1061 1415 1096 sed
1460 1059 1626 1096 omnino

213 1110 291 1164 1535
306 1125 465 1164 oportet
488 1116 619 1164 ipsum
643 1116 834 1154 invidiam
860 1127 896 1154 et
919 1130 1129 1154 rancorem
1160 1121 1163 1168 1
1194 1117 1408 1154 dimittere.
1433 1118 1510 1154 Sed
1535 1117 1627 1166 quia

254 1173 381 1210 15ista
414 1174 594 1211 dimissio
635 1184 691 1211 est
729 1175 852 1212 vianti
892 1175 1078 1220 difficilis,
1113 1189 1203 1212 cum
1238 1175 1421 1212 diabolus
1455 1175 1627 1212 callidis-

306 1231 405 1268 sime
437 1241 608 1281 temptat
640 1233 834 1279 homines,
868 1243 910 1270 ut
943 1234 1017 1270 sibi
1050 1233 1234 1270 similiter
1266 1233 1306 1270 in
1340 1235 1414 1270 hoc
1447 1243 1626 1282 peccent,

306 1289 396 1326 ideo
434 1290 607 1338 petimus
653 1291 777 1328 tercio
822 1305 866 1328 ne
909 1293 944 1327 iu
996 1292 1285 1340 temptacionem
1332 1305 1400 1328 nos
1437 1292 1628 1328 Dominus

305 1349 472 1384 inducat.
513 1348 703 1394 Quamvis
743 1349 847 1386 enim
887 1352 992 1386 Deus
1035 1362 1117 1386 non
1156 1349 1205 1385 sit
1252 1349 1452 1386 iniciative
1499 1359 1626 1398 temp-

309 1415 412 1442 tator
435 1406 608 1443 hominis
632 1409 681 1444 ad
710 1409 959 1455 peccandum
983 1411 1040 1453 (ut
1063 1407 1159 1444 dicit
1181 1409 1385 1455 Jacobus),
1419 1417 1555 1444 tamen
1587 1407 1626 1444 in

249 1476 291 1499 20
306 1477 449 1512 penam
484 1465 639 1512 peccati
672 1465 816 1513 prioris
850 1475 980 1514 potest
1012 1465 1201 1502 inducere
1240 1465 1459 1509 hominem,
1501 1475 1543 1502 ut
1575 1467 1625 1502 ad

305 1522 569 1559 resistendum
623 1523 793 1560 debilior
844 1526 1080 1560 succumbat
1133 1523 1330 1572 posterius
1377 1524 1625 1572 temptator-i.

306 1581 383 1616 Sed
416 1593 506 1617 cum
540 1581 595 1617 sic
629 1581 669 1618 in
704 1582 1018 1630 temptacionem
1053 1582 1187 1619 induci
1226 1582 1275 1618 sit
1315 1582 1502 1627 hominis,
1535 1582 1625 1618 ideo

306 1638 478 1686 petimus
511 1649 656 1687 quarto
689 1649 727 1676 et
759 1640 902 1676 ultimo
935 1653 1002 1676 nos
1035 1641 1197 1676 liberari
1226 1653 1246 1676 cz
1275 1641 1376 1676 malo
1401 1640 1529 1676 finalis
1553 1640 1626 1676 im-

307 1696 541 1743 penitencie,
576 1697 670 1746 quia
703 1707 760 1734 est
794 1698 1037 1735 diabolicum
1073 1708 1109 1734 et
1135 1698 1252 1735 finale
1276 1699 1426 1734 malum
1452 1697 1626 1734 hominis

250 1757 289 1789 25
307 1754 368 1790 hic
414 1754 453 1791 in
496 1755 571 1791 via.
625 1757 673 1791 Et
714 1756 755 1792 in
793 1756 979 1792 omnibus
1018 1756 1101 1792 istis
1146 1765 1319 1804 quatuor
1358 1756 1626 1804 peticionibus

1844 265 1917 299 199

1685 419 1824 455 Meaning
1846 420 1879 447 ot*

1692 458 1771 482 “our
1791 455 1872 492 daity

1722 489 1846 517 b1·ead''.

305 1812 490 1849 condicio
524 1815 640 1850 debet
678 1814 863 1862 intelligi:
909 1815 952 1850 Si
981 1816 1065 1851 Deo
1092 1815 1307 1863 placuerit;
1339 1823 1375 1850 et
1408 1828 1481 1862 pro
1514 1814 1625 1850 omni
1643 1811 1753 1837 ‘'s'‘”ffl'
1774 1818 1842 1837 mav
1863 1816 1915 1837 not

305 1870 523 1907 christiano
556 1874 776 1909 secundum
817 1886 929 1909 suam
964 1872 1229 1920 capacitatem
1270 1874 1488 1908 secundum
1525 1872 1625 1908 cari-

305 1929 396 1965 tatis
436 1931 591 1977 regulas
631 1939 689 1966 est
727 1932 939 1967 orandum.
986 1933 1033 1966 Et
1074 1930 1246 1967 dimissis
1281 1930 1410 1967 dubiis
1443 1940 1552 1979 patet
1586 1930 1625 1966 in

305 1987 379 2024 ista
412 1988 601 2024 oracione
641 2001 716 2037 que
758 1990 874 2025 debet
908 2001 991 2025 esse
1025 1988 1166 2025 orandi
1200 1988 1443 2037 principium
1478 1997 1625 2037 quante

246 2047 289 2080 30
304 2045 590 2093 sophisticatus
622 2046 662 2083 in
693 2046 929 2084 vendicione
962 2047 1162 2084 oracionis
1196 2046 1350 2083 noviter
1382 2047 1623 2084 introducte.

779 2183 972 2224 SERMO
1005 2185 1134 2223 XXX.

364 2278 458 2314 Cum
484 2279 627 2315 venerit
655 2279 873 2328 paraclitus
901 2291 1009 2328 quem
1033 2292 1106 2329 ego
1140 2280 1286 2315 mittam
1315 2280 1417 2315 vobis
1446 2293 1466 2314 α
1496 2287 1624 2328 patre,

301 2337 488 2384 Spiritum
529 2337 713 2383 veritatis,
746 2338 810 2385 qui
840 2350 860 2372 α
895 2345 1011 2385 putre
1043 2338 1235 2386 procedit,
1268 2338 1332 2374 ille
1368 2338 1623 2373 testimoniium

296 2394 512 2443 perhibebit
545 2395 590 2430 de
622 2408 693 2431 me.
726 2396 813 2431 Joh.
847 2396 950 2441 XVO,
987 2397 1051 2431 26.

369 2526 395 2544 2.
416 2519 459 2544 A:
482 2518 582 2544 Potest
603 2523 715 2545 lamen.
797 2517 822 2545 3.
844 2518 961 2545 comt:
985 2519 1134 2545 revelans.
1221 2529 1249 2552 4.
1272 2520 1316 2545 A:
1338 2524 1365 2545 et
1387 2520 1450 2546 lex:
1481 2518 1521 2545 ib.
1542 2519 1570 2545 A
1592 2519 1621 2545 in

300 2560 412 2583 marga
446 2552 535 2579 Panis
556 2553 705 2586 accipitur
726 2552 895 2587 tripliciter.
996 2553 1020 2580 5.
1041 2554 1085 2580 A:
1107 2553 1258 2588 impetum
1281 2553 1432 2580 ducionis,
1533 2553 1559 2580 8.
1583 2554 1621 2580 B:

298 2587 438 2614 condicio
459 2587 611 2614 caritatis:
634 2587 672 2613 ib.
690 2587 728 2613 C:
752 2587 905 2616 veritatis:
927 2587 966 2614 ib.
983 2589 1026 2614 A:
1047 2593 1074 2614 et
1090 2596 1146 2614 nos
1162 2593 1216 2615 etc.
1282 2596 1319 2615 12.
1338 2588 1402 2615 BC:
1424 2588 1621 2617 Salomonis:

299 2622 337 2647 ib.
359 2622 402 2648 A:
425 2622 476 2648 scd
499 2630 567 2648 cum
591 2622 658 2648 isto.
744 2622 783 2648 16.
805 2623 849 2648 A:
871 2622 1014 2649 homines
1035 2623 1136 2651 deest:
1165 2623 1206 2649 ib.
1228 2624 1270 2650 A:
1295 2628 1428 2658 procerit.
1516 2631 1554 2657 17.
1577 2624 1620 2649 A:

299 2656 392 2683 tercio
412 2662 439 2683 ct
461 2665 496 2683 ne
517 2665 573 2683 uos
594 2662 648 2683 etc.
734 2665 774 2687 ιο.
796 2657 838 2683 A:
861 2657 1019 2685 homines:
1050 2658 1090 2684 ib.
1113 2659 1156 2685 A:
1177 2658 1310 2685 Jacobus
1332 2658 1425 2685 deest.
1511 2666 1553 2684 22.
1576 2659 1619 2684 A:

299 2691 575 2726 temperacioucm:
597 2691 635 2717 ib.
660 2691 724 2718 HC:
746 2689 815 2718 ideo
836 2691 929 2718 deest.
987 2700 1010 2718 2,
1029 2713 1034 2717 .
1057 2693 1099 2719 A:
1122 2693 1203 2728 quod
1226 2698 1280 2719 est.
1340 2692 1385 2720 28.
1401 2700 1447 2728 29.
1471 2693 1514 2719 A:
1560 2693 1619 2719 uod

299 2725 356 2752 ista
376 2725 489 2753 oracio.
563 2733 609 2761 29.
633 2727 675 2752 A:
697 2730 809 2761 quante
830 2726 922 2753 deest.
1003 2726 1050 2754 30.
1073 2727 1139 2754 BC:
1161 2728 1282 2754 oracio:
1306 2727 1426 2754 noxiter
1447 2728 1528 2754 intro
1556 2732 1620 2753 ucte

299 2760 399 2788 deest:
422 2761 460 2787 B:
481 2760 584 2787 oracio
606 2765 660 2787 etc.
773 2759 811 2787 31.
833 2761 861 2787 A
881 2761 911 2787 in
934 2769 1048 2797 marg:
1079 2762 1190 2790 Sermo
1214 2762 1314 2796 XXX:
1345 2762 1384 2788 ib.
1407 2762 1430 2788 C
1453 2762 1480 2788 iu
1506 2770 1618 2796 marg:

302 2795 464 2823 Dominica
484 2795 564 2822 infra
584 2795 733 2822 Octavam
754 2795 968 2822 Ascensionis.

367 2877 420 2909 32.
449 2878 499 2910 Cf.
516 2876 680 2920 Wyclif's
706 2878 871 2910 Sermons
898 2878 951 2910 ed.
979 2878 1023 2921 by
1049 2879 1184 2910 Arnold
1214 2880 1235 2918 1,
1269 2879 1342 2910 151.

1700 1842 1746 1872 'be
1767 1842 1844 1873 sold.
