2017 3353
191 314 262 346 132

203 433 250 460 To
271 433 433 459 confiscate

248 467 386 494 Churcli-

192 506 336 537 property
363 509 441 528 were

199 538 292 563 better
313 537 384 563 than
406 541 436 562 to

220 577 343 598 orei-tax
364 571 412 597 the

274 615 359 641 poor.

219 896 343 931 English
366 896 423 923 and

244 931 396 958 Germans

199 966 307 993 should
331 966 391 997 ioin
412 970 442 992 to

183 1006 295 1027 restore
323 1001 453 1027 (jlii-ist‘s

210 1035 375 1062 ordinanee
396 1035 429 1061 ot'

252 1075 388 1105 poverty.

220 1536 367 1570 Property
388 1543 421 1561 so

196 1572 283 1598 taken
306 1574 388 1596 must
411 1570 444 1595 be

209 1606 318 1640 rightly
341 1609 438 1639 spent.

201 1939 399 1966 l'unisliment
420 1938 453 1965 ot*

264 1974 337 2000 tliest
359 1974 383 2000 is

236 2008 412 2035 sometimes

270 2043 380 2077 [iniust.

768 315 990 350 JOHANNIS
1011 316 1193 349 wvcmr
1222 315 1477 348 sERMONUM
1533 301 1685 360 [SERMO
1707 313 1785 340 xm.

471 434 598 461 totum
634 423 923 472 patrimonium
964 435 1043 470 quo
1088 423 1215 458 clerus
1260 423 1422 458 dotatur
1466 420 1636 458 deficiat.
1685 422 1785 457 Cum

470 482 576 519 enim
621 483 841 518 secundum
887 482 992 529 leges
1034 480 1276 528 multiplices
1315 489 1351 516 et
1392 480 1595 516 racionem
1637 478 1785 515 dictam

469 541 563 577 alibi
597 540 663 576 illa
697 541 841 576 debent
875 552 957 575 esse
991 540 1096 574 bona
1126 550 1363 587 pauperum,
1390 546 1498 587 patet
1523 537 1630 586 quod
1661 536 1787 584 magis

468 599 671 647 pertinens
710 607 746 634 et
785 597 970 645 paracius
1010 596 1049 632 in
1089 609 1182 633 casu
1221 609 1299 645 quo
1338 605 1498 644 oportet
1536 594 1655 631 etiam
1702 594 1788 642 ipsa

469 659 574 693 bona
608 656 647 692 in
679 655 843 692 nomine
867 667 1089 703 pauperum
1116 663 1344 702 acceptare3
1377 666 1450 690 nec
1484 662 1540 690 est
1564 652 1786 700 periculum
1829 655 1844 687 5

469 715 507 750 in
553 714 799 762 spoliacione
845 713 1022 758 ecclesie,
1071 712 1164 760 quia
1207 712 1282 760 legi
1328 721 1364 748 et
1413 710 1665 748 ordinacioni
1717 710 1787 746 Dei

470 773 570 808 foret
624 784 845 808 consonum
901 772 1007 819 quod
1067 772 1195 807 clerus
1247 769 1370 806 nichil
1428 770 1568 806 talium
1630 768 1788 817 penitus

471 830 707 878 possideret.

528 888 743 924 Benedicta
788 899 881 934 ergo
926 886 1027 922 foret
1071 886 1228 923 ablacio
1273 898 1343 934 per
1382 898 1501 934 quam
1542 885 1642 921 foret
1681 884 1787 920 ordi-

468 946 649 982 nacionis
683 945 829 981 Christi
868 944 997 992 prime
1041 944 1258 989 restitucio,
1304 952 1340 980 et
1391 956 1526 992 quam
1565 942 1846 991 graciosam

471 1005 596 1040 foret
629 1003 943 1051 Anglicorum
979 1011 1021 1038 et
1054 1003 1405 1038 Almannorum
1440 1000 1787 1037 confederaeio

471 1075 539 1110 per
584 1075 704 1110 quam
751 1061 1028 1097 restitueretur
1074 1060 1112 1095 in
1158 1060 1326 1096 ecclesia
1371 1059 1517 1095 Christi
1563 1059 1785 1095 ordinacio.

472 1123 569 1156 Nam
606 1132 675 1168 per
709 1118 1020 1155 Constantinum
1054 1117 1224 1154 nacione
1256 1117 1467 1165 Anglicum
1502 1117 1541 1153 in
1574 1117 1642 1153 tali
1677 1118 1789 1153 dota-

472 1178 585 1214 cione
624 1178 745 1214 stulta
784 1176 951 1213 ecclesia
990 1176 1175 1224 primitus
1217 1185 1273 1212 est
1311 1176 1455 1212 sedata.
1503 1176 1594 1211 Ideo
1634 1175 1788 1211 utinam

471 1249 541 1284 per
573 1236 761 1283 Anglicos
800 1244 836 1272 et
875 1247 967 1271 suos
1001 1234 1217 1282 complices
1257 1247 1278 1270 a
1317 1233 1462 1270 talibus
1501 1232 1702 1269 erroribus
1741 1233 1846 1268 sitifi

472 1303 652 1342 purgata.
700 1296 779 1329 Nec
824 1294 957 1329 obstat
1001 1292 1075 1328 nisi
1122 1292 1274 1328 brachii
1319 1291 1509 1328 secularis
1554 1290 1708 1327 accidia
1753 1299 1790 1326 et

471 1351 705 1388 Antichristi
751 1350 1030 1387 confederacio
1070 1363 1115 1387 ac
1154 1350 1247 1386 ficta
1287 1349 1509 1386 mendacia.
1548 1351 1638 1385 Non
1683 1348 1787 1385 enim

472 1419 528 1446 est
561 1411 619 1446 lex
652 1409 782 1446 valida
816 1418 956 1445 contra
989 1409 1206 1454 Christum,
1240 1407 1329 1444 ideo
1362 1420 1443 1443 non
1467 1415 1627 1455 oportet
1649 1406 1790 1442 timere

473 1468 718 1516 baptizatum
752 1468 901 1503 furtum
936 1466 975 1502 in
1009 1466 1217 1503 ablacione
1251 1467 1448 1502 bonorum
1484 1464 1648 1501 ecclesie
1681 1465 1789 1512 quod

471 1525 596 1562 nostri
636 1534 779 1562 vocant
824 1524 1090 1572 sacrilegium.
1126 1526 1295 1572 Oportet
1328 1533 1462 1560 tamen
1496 1532 1637 1559 notare
1682 1523 1788 1570 quod
1805 1536 1848 1558 20

472 1584 622 1620 dictum
670 1584 847 1620 ablatum
893 1582 1068 1618 virtuose
1108 1591 1144 1618 et
1185 1583 1235 1618 ad
1275 1580 1576 1618 edificacionem
1624 1579 1788 1616 ecclesie

472 1642 520 1678 sit
573 1654 808 1689 expensum:
863 1641 970 1688 quod
1022 1640 1113 1676 licet
1165 1641 1266 1676 foret
1319 1639 1492 1684 difficile,
1547 1648 1603 1675 est
1655 1647 1789 1675 tamen

473 1699 661 1748 possibile
701 1708 737 1735 et
778 1711 993 1746 precavens
1028 1698 1156 1735 maius
1191 1698 1354 1734 malum.
1390 1700 1491 1734 Nam
1531 1696 1714 1744 symonia
1754 1704 1790 1732 et

474 1766 729 1794 monstruosa
763 1756 993 1793 dominacio
1027 1756 1121 1792 cleri
1155 1765 1191 1792 et
1225 1768 1336 1792 error
1368 1768 1461 1791 suus
1493 1754 1533 1790 in
1567 1753 1790 1790 ministerio

473 1825 564 1852 sunt
598 1815 769 1863 amplius
801 1826 1000 1851 venenosa
1034 1827 1154 1862 quam
1189 1826 1210 1850 a
1243 1813 1442 1861 probabili
1482 1813 1613 1848 forent
1648 1820 1791 1848 cuncta
1809 1816 1847 1847 25

474 1873 694 1910 ablacionis
727 1872 817 1909 talis
850 1872 1041 1921 pericula.

532 1934 573 1968 In
598 1932 774 1968 secundo
798 1939 930 1967 autem
955 1930 1060 1966 furto
1085 1938 1249 1966 currunt
1272 1928 1556 1974 incarceracio,
1586 1927 1793 1976 suspensio

475 1999 512 2026 et
565 1989 770 2037 multiplex
822 1989 1044 2024 furatorum
1105 1987 1287 2035 punicio;
1347 1996 1383 2023 et
1436 1986 1536 2022 sicut
1593 1985 1793 2022 nescimus

476 2048 643 2084 fundare
678 2046 962 2094 occupacionis
996 2045 1085 2082 talis
1119 2044 1332 2090 iusticiam,
1372 2044 1427 2080 sic
1460 2057 1532 2080 nec
1566 2043 1792 2091 punicionis

476 2105 615 2142 talium
665 2104 896 2153 equitatem.
950 2103 1116 2139 Videtur
1160 2102 1264 2139 enim
1321 2102 1455 2138 multis
1505 2103 1613 2150 quod
1666 2101 1792 2137 clerus
1810 2105 1852 2137 30

476 2175 679 2211 occupans
725 2164 772 2198 de
817 2162 900 2197 istis
946 2161 1060 2197 bonis
1105 2162 1209 2197 ultra
1253 2160 1530 2197 necessitatem
1577 2161 1626 2195 ad
1676 2171 1791 2194 suum

478 2220 744 2257 ministerium
796 2219 941 2255 iniuste
992 2228 1164 2266 occupat
1215 2218 1406 2266 quicquid
1458 2218 1589 2262 habet,
1642 2226 1678 2253 et
1722 2229 1794 2264 per

477 2291 737 2326 consequens,
774 2278 955 2314 auferens
991 2277 1076 2325 ipsa
1118 2289 1140 2312 a
1174 2276 1243 2312 tali
1279 2276 1430 2312 discolo
1465 2287 1545 2311 non
1580 2283 1794 2323 propterea

477 2337 603 2373 aufert
653 2348 723 2372 sua
777 2337 845 2371 sed
895 2336 944 2371 ad
996 2335 1189 2371 maiorem
1241 2333 1453 2370 utilitatem
1514 2332 1678 2369 ecclesie
1734 2332 1795 2368 vel

477 2394 607 2430 minus
648 2393 932 2430 inconveniens
972 2392 1118 2440 spoliat
1157 2391 1299 2428 aliena.
1340 2391 1521 2427 Christus
1561 2390 1667 2427 enim
1708 2389 1851 2426 uni-35

476 2451 638 2488 versalis
666 2451 852 2487 dominus
877 2458 1013 2486 monet
1036 2451 1279 2499 quandoque
1303 2448 1536 2486 abscondite
1561 2450 1611 2485 ad
1635 2447 1796 2496 rapinas

551 2582 571 2601 1.
593 2574 614 2601 B
631 2573 661 2600 in
678 2581 792 2608 marg.:
814 2572 943 2600 Ablacio
959 2571 1195 2611 temporalium:
1216 2571 1288 2599 Ain
1305 2579 1419 2606 marg:
1440 2570 1519 2598 Nota
1535 2570 1571 2598 de
1586 2569 1798 2606 ablacionibus

481 2608 713 2644 temporalium.
788 2615 812 2634 2.
835 2609 879 2634 A:
902 2616 954 2642 per
976 2615 1141 2634 racionem.
1220 2616 1250 2640 4.
1274 2606 1298 2633 5.
1320 2607 1363 2633 A:
1386 2610 1430 2632 est
1450 2605 1516 2640 ipsa
1539 2606 1628 2632 bona.
1704 2606 1731 2632 t).
1752 2605 1796 2631 A:

478 2643 676 2671 ordinacione
688 2642 752 2669 Dei.
793 2651 818 2677 7.
832 2643 873 2669 A:
888 2650 1059 2668 consonum
1082 2641 1181 2672 deest:
1201 2641 1241 2668 ib.
1257 2640 1296 2668 C:
1318 2640 1439 2702 penitus
1460 2640 1555 2667 deest.
1595 2639 1621 2667 8.
1634 2639 1677 2666 A:
1721 2638 1799 2665 ossi-

480 2679 595 2706 derent.
665 2685 693 2712 9.
718 2676 783 2703 BC:
806 2677 881 2703 soret
904 2677 996 2703 deest.
1065 2684 1102 2703 12.
1127 2675 1192 2703 BC:
1214 2677 1243 2703 in
1267 2683 1316 2702 ecc
1332 2675 1404 2702 esia.
1475 2683 1515 2708 14·
1538 2674 1671 2702 utinam:
1708 2673 1732 2700 '2
1754 2677 1795 2700 ut.

479 2722 521 2740 22.
544 2714 587 2740 A:
610 2717 653 2739 est
675 2712 768 2738 deest.
826 2710 868 2738 23.
884 2711 949 2737 lul:
973 2710 1069 2745 magis
1091 2711 1223 2739 malum:
1245 2710 1285 2737 ib.
1306 2711 1350 2737 A:
1372 2714 1399 2736 et
1419 2709 1512 2736 deest.
1587 2708 1633 2735 26.
1656 2708 1693 2735 B:
1715 2708 1799 2734 obla-

478 2747 592 2780 cionis;
624 2747 664 2773 ib.
685 2747 713 2773 A
733 2746 762 2772 in
785 2754 898 2780 marg:
921 2746 952 2772 Β.
1051 2744 1093 2772 33.
1114 2746 1158 2772 A:
1187 2745 1247 2772 illa.
1344 2743 1387 2772 35.
1409 2745 1453 2771 A:
1482 2743 1574 2770 nimis
1594 2750 1797 2777 consequens,

479 2782 524 2809 36.
549 2782 586 2809 15:
608 2780 786 2808 abscondite
808 2780 901 2807 deest.

553 2843 694 2874 10—15.
737 2841 833 2879 Quae
859 2839 913 2871 hic
947 2840 1110 2881 leguntur
1146 2840 1268 2882 procul
1304 2839 1411 2871 dubio
1445 2838 1795 2870 confoederacionem

481 2899 509 2920 a.
532 2887 616 2920 1380
637 2889 832 2920 Germanos
858 2886 945 2917 inter
971 2892 1003 2916 et
1022 2887 1156 2927 :xngios
1189 2887 1230 2917 ad
1260 2885 1470 2918 abolendum
1500 2883 1650 2916 schisma
1679 2884 1796 2914 initam

480 2942 658 2976 spectant.
