2017 3353
169 897 207 918 10

170 1189 207 1211 13

169 1478 211 1501 20

220 246 355 274 smnio
379 237 457 292 mn]
731 245 869 276 PRIMA
898 244 1021 274 PARS.

221 356 281 392 vel
305 353 513 403 privilegio
542 353 758 401 impetrato
793 351 937 386 debent
970 348 1096 385 subici
1131 347 1269 384 mundi
1294 347 1536 395 potentibus,

223 426 312 450 cum
360 412 555 448 Dominus
606 409 787 447 omnium
840 421 930 444 cum
980 420 1051 444 sua
1103 405 1335 454 dignissima
1388 405 1540 441 familia

224 470 447 520 apostolica
479 470 534 507 sic
567 469 641 505 fuit
673 467 887 504 subiectus.

282 531 329 565 Et
374 537 505 576 potest
556 540 599 564 ex
650 527 725 562 hoc
770 523 975 572 evangelio
1020 521 1201 558 versucia
1252 522 1539 557 modernorum

222 587 499 635 phariseorum
524 598 613 622 cum
638 584 718 620 suis
751 581 955 630 discipulis
979 579 1237 629 deprehendi.
1261 578 1543 615 Machinantur

223 645 328 683 enim
375 644 545 682 sollicite
584 642 791 692 quomodo
830 641 965 677 fideles
1005 640 1196 675 deberent
1241 650 1285 673 ex
1326 638 1447 673 verbo
1481 637 1541 672 yel

222 716 343 752 opere
368 702 507 739 mundi
530 699 779 750 principibus
804 699 1011 743 rebellare,
1037 698 1107 733 sed
1131 705 1313 732 nostrum
1344 694 1541 742 refugium

224 771 280 798 est
313 763 361 798 ad
396 760 613 805 Christum,
648 758 855 807 quomodo
889 769 933 793 ex
967 755 1277 792 conversacione
1315 766 1386 790 sua
1426 754 1543 789 debe-

225 833 311 856 mus
358 826 589 856 constanter
636 818 781 852 docere
827 816 934 864 quod
983 813 1254 850 obediendum
1301 820 1358 848 est
1404 810 1543 847 mundi

224 876 473 926 principibus
512 885 594 912 tam
633 876 755 911 verbo
795 886 915 922 quam
955 884 1077 920 opere
1120 872 1179 919 (ut
1212 869 1393 907 Christus
1428 870 1544 905 docet

224 936 263 972 in
296 948 368 972 suo
402 935 587 983 apostolo
620 934 670 970 ad
705 934 818 968 Rom.
851 932 993 979 X1110).

282 995 357 1031 Sed
398 993 505 1030 circa
543 993 619 1028 hoc
658 989 905 1038 evangelium
941 987 1147 1024 dubitatur
1180 995 1316 1023 utrum
1349 984 1544 1034 ypocrisis

224 1052 273 1089 sit
317 1060 529 1100 peccatum
569 1048 861 1098 gravissimum,
907 1055 945 1083 et
988 1046 1145 1083 videtur
1190 1046 1298 1093 quod
1337 1043 1404 1089 sic,
1452 1043 1545 1091 quia

224 1109 411 1159 superbia
465 1110 524 1156 (ut
572 1116 682 1157 patet
731 1106 771 1143 in
823 1105 956 1154 primo
1007 1105 1165 1152 angelo)
1221 1112 1277 1140 est
1332 1110 1544 1150 peccatum

193 1178 204 1184 ⁷
224 1168 517 1217 gravissimum,
547 1167 616 1203 sed
639 1165 742 1202 inter
765 1176 904 1201 omnes
928 1163 1079 1211 species
1103 1161 1287 1210 superbie
1316 1160 1356 1196 in
1387 1159 1546 1196 malicia

224 1226 406 1276 precellit
436 1224 644 1274 ypocrisis,
690 1236 783 1271 ergo
829 1221 1048 1259 conclusio.
1082 1220 1213 1257 Minor
1245 1227 1355 1268 patet
1389 1231 1431 1254 ex
1471 1219 1546 1254 hoc

225 1286 333 1334 quod
365 1296 485 1321 omne
514 1283 623 1320 aliud
651 1290 862 1330 peccatum
893 1280 1042 1316 directe
1072 1288 1107 1315 et
1137 1278 1254 1314 unice
1283 1276 1377 1313 facit
1407 1284 1547 1312 contra

226 1342 439 1388 iusticiam,
492 1340 688 1390 ypocrisis
744 1348 877 1376 autem
929 1338 1106 1386 geminat
1151 1336 1299 1372 directe
1346 1333 1549 1371 contraria

226 1400 397 1438 veritati.
455 1399 560 1436 Dicit
604 1398 710 1435 enim
745 1397 931 1445 fingendo
978 1395 1219 1432 extrinsecus
1266 1394 1373 1442 quod
1419 1392 1549 1439 diligit

226 1459 434 1496 veritatem
485 1466 522 1494 et
572 1466 708 1493 tamen
757 1454 996 1491 intrinsecus
1046 1452 1120 1489 sibi
1170 1451 1245 1500 ipsi
1297 1450 1549 1488 contrarians

227 1518 436 1566 impugnat
466 1524 660 1565 quantum
691 1513 836 1551 sufficit
870 1512 1093 1549 veritatem.
1130 1512 1222 1547 Ideo
1261 1509 1356 1546 dicit
1379 1509 1550 1556 Chryso-

227 1585 379 1612 stomus
412 1574 481 1612 tali
515 1573 713 1622 ypocrite:
747 1572 823 1608 Aut
856 1583 1004 1621 appare
1035 1570 1136 1619 quod
1168 1582 1206 1605 es
1239 1575 1304 1604 aut
1337 1574 1415 1604 esto
1449 1567 1550 1616 qnod

225 1646 404 1684 appares.
428 1635 477 1669 Et
500 1633 575 1668 hoc
597 1631 670 1667 fuit
692 1630 869 1679 primum
893 1636 1102 1677 peccatum
1128 1625 1288 1675 dyaboli
1316 1625 1551 1674 temptantis

228 1691 432 1728 hominem
463 1699 498 1727 et
528 1690 601 1727 erit
630 1688 792 1725 indubie
815 1696 1025 1736 peccatum
1050 1684 1312 1722 novissimum
1343 1696 1413 1732 per
1442 1684 1550 1731 quod

231 1750 424 1798 dyabolus
449 1761 491 1785 ex
525 1760 684 1785 summa
707 1746 887 1783 versucia
917 1758 938 1781 a
969 1744 1106 1781 mundi
1132 1742 1294 1780 exordio
1320 1741 1551 1778 machinata

230 1810 392 1845 seducet
432 1806 656 1844 ecclesiam.
697 1806 773 1842 Sed
813 1817 903 1841 cum
944 1802 1054 1839 omni
1093 1810 1259 1850 peccato
1293 1800 1342 1836 sit
1375 1812 1551 1836 connexa

230 1866 438 1915 ypoci·isi5‚
497 1877 543 1901 eo
587 1865 693 1913 quod
734 1863 773 1899 in
824 1861 933 1899 omni
979 1869 1144 1909 peccato
1190 1867 1358 1907 apparet
1400 1859 1550 1894 bonum

230 1925 270 1961 in
311 1937 389 1973 quo
434 1932 622 1972 peccator
667 1921 861 1967 illuditur,
906 1920 1062 1956 videtur
1107 1918 1138 1955 si
1182 1916 1314 1954 omnis
1358 1915 1552 1965 ypocrisis

231 1983 280 2020 sit
312 1990 521 2031 peccatum
545 1979 823 2029 gravissimum
858 1980 966 2027 quod
1000 1990 1120 2014 omne
1153 1984 1364 2025 peccatum
1399 1974 1447 2010 sit
1480 1987 1553 2022 par

233 2041 271 2077 in
305 2039 519 2088 gravedine
553 2039 790 2087 cuicunque.

291 2100 367 2135 Sed
409 2097 472 2134 hic
512 2097 658 2134 dicitur
705 2097 762 2143 (ut
808 2096 943 2143 supra)
990 2094 1096 2142 quod
1142 2093 1295 2129 nullum
1341 2099 1550 2139 peccatum

232 2157 478 2194 intellectum
514 2154 738 2192 formaliter
769 2155 829 2190 vel
869 2154 927 2200 (ut
958 2151 1088 2188 verius
1121 2152 1279 2200 loquar)
1320 2148 1553 2185 deformiter

233 2224 290 2252 est
330 2227 446 2263 grave
487 2213 724 2262 simpliciter
762 2213 822 2248 rel
860 2210 1028 2248 alicuius
1068 2209 1177 2246 modi
1216 2209 1284 2245 sed
1323 2207 1554 2243 substancia

233 2274 300 2309 illa
338 2285 527 2321 peccans;
567 2281 603 2308 et
643 2284 733 2308 cum
772 2269 945 2319 gravitas
978 2267 1132 2317 peccati
1172 2267 1228 2303 sic
1267 2264 1457 2302 intellecti
1496 2273 1554 2301 at-

204 2331 412 2368 'tenditur
450 2343 570 2379 penes
610 2331 686 2367 hoc
725 2330 831 2378 quod
872 2329 978 2364 Deus
1018 2326 1144 2374 magis
1184 2327 1404 2361 detestatur
1448 2323 1553 2359 istud

235 2398 445 2438 peccatum
481 2397 518 2425 et
551 2388 644 2425 facit
678 2387 900 2425 subiectum
932 2384 1064 2434 puniri
1098 2383 1268 2433 gravius,
1303 2390 1412 2431 patet
1446 2382 1553 2429 quod

237 2447 373 2496 aliqua
406 2446 600 2495 ypocrisis
625 2455 661 2483 et
685 2445 877 2482 indicium
904 2443 1176 2491 cuiuscunque
1210 2440 1365 2490 generis
1398 2438 1553 2488 peccati

239 2514 296 2542 est
328 2505 368 2541 in
402 2504 556 2553 reliquo
589 2512 756 2552 peccato
789 2502 943 2551 generis
977 2501 1155 2538 eiusdem
1187 2499 1363 2548 graviusg
1397 2509 1554 2534 verum-

239 2572 375 2600 tamen
419 2563 521 2600 sicut
565 2561 606 2598 in
651 2561 829 2611 qualibet
874 2568 1059 2597 creatura
1109 2559 1329 2595 secundum
1375 2555 1552 2604 aliquam

306 2693 331 2712 2.
353 2685 391 2712 B:
413 2684 582 2711 Dominum
604 2683 755 2710 omnium.
853 2682 877 2710 5.
900 2683 943 2710 A:
965 2682 1129 2717 discipulis
1150 2681 1246 2708 deest.
1338 2678 1365 2705 6.
1388 2679 1431 2705 A:
1453 2681 1554 2704 osten-

238 2721 343 2748 derent
363 2728 414 2751 ex;
443 2719 481 2747 C:
503 2718 651 2746 auderent
671 2727 721 2746 ex:
752 2718 792 2744 ib.
815 2717 881 2745 BC:
904 2717 1016 2744 verbis.
1100 2717 1126 2743 8.
1148 2717 1195 2743 A:
1217 2719 1261 2742 est
1282 2714 1376 2741 deest.
1459 2720 1487 2743 ο.
1509 2713 1553 2739 Α;

238 2754 446 2782 obediendum
469 2758 496 2780 et
516 2754 545 2780 iu
568 2760 664 2786 marg.
723 2760 758 2779 12.
776 2753 804 2779 A
819 2752 847 2779 in
866 2760 980 2787 murga
1003 2751 1156 2778 Dubium:
1179 2750 1200 2777 B
1223 2750 1251 2776 in
1275 2756 1388 2782 marga
1411 2745 1552 2782 Questio.

238 2798 282 2818 22.
304 2790 346 2816 A:
369 2797 405 2815 an
427 2793 502 2815 esto.
575 2786 618 2814 23.
640 2787 705 2815 BC:
729 2787 785 2814 fuit
805 2787 898 2813 deest.
974 2786 1011 2813 31.
1034 2787 1062 2813 A
1083 2786 1111 2812 iu
1134 2793 1247 2819 marg:
1271 2782 1458 2818 Responsio:
1481 2781 1502 2808 B
1524 2781 1553 2808 in

240 2833 352 2857 marga
375 2823 490 2850 l‘eccati
512 2822 674 2849 distiuccio
696 2822 810 2857 pulcra.
859 2820 984 2848 32.1,·(;:
1008 2826 1038 2847 ut
1059 2828 1175 2847 verum.
1226 2817 1268 2846 33.
1286 2819 1329 2845 A:
1353 2817 1436 2844 modi
1459 2816 1553 2843 deest.

239 2859 285 2893 34.
308 2853 350 2886 Ἀῑ
378 2858 435 2885 ista
463 2865 601 2891 peccans.
712 2856 754 2884 35.
777 2856 842 2883 BC:
865 2856 949 2882 illud.
1058 2854 1104 2882 36.
1127 2855 1155 2881 A
1176 2854 1205 2880 in
1227 2861 1341 2888 marg:
1369 2852 1412 2879 l)e
1440 2851 1553 2887 peccati

238 2893 413 2930 graxediue.
486 2891 531 2920 33.
554 2891 592 2919 C:
616 2891 644 2918 in
667 2891 760 2918 deest.
835 2889 881 2926 39.
904 2890 968 2917 BC:
992 2889 1160 2917 secuudum
1183 2888 1349 2923 quandam.

1748 232 1822 268 303

1624 354 1755 382 Clu-iss>-

1596 390 1734 428 example
1755 388 1789 415 of

1568 424 1758 451 submission
1779 428 1808 449 to

1638 459 1744 486 rulers.

1573 989 1748 1027 Hypocrisy
1769 990 1818 1015 tlie

1609 1029 1703 1051 worst
1725 1032 1782 1051 5111.
