2057 3353
249 254 381 285 XXIV

460 369 662 408 Johannis
692 370 861 424 Wyclif.

338 462 532 494 Preciosius
566 463 608 494 sit
638 462 770 494 homini
803 463 896 505 quod
923 462 1076 495 Christus

246 520 470 562 spiritualiter
495 531 513 551 a
539 525 648 552 morte
674 522 807 562 peccati
837 521 951 563 ipsum
981 532 1075 552 resu-

246 579 345 610 scitet
371 590 472 620 quam
499 589 517 610 a
543 579 680 610 Christo
712 579 938 621 corporaliter
970 580 1074 611 susci-

246 641 346 668 tetur.
364 637 411 667 Et
428 641 682 678 consequenter
699 637 890 679 preciosius
909 641 961 669 est
980 638 1076 678 quod

245 695 350 726 homo
378 695 602 736 spiritualiter
626 695 717 726 vivat
741 695 777 726 in
803 695 940 727 Christo
973 706 1075 736 quam

246 753 340 793 quod
366 752 564 784 naturaliter
588 763 651 794 per
676 753 848 784 Christum
873 753 942 784 vita
968 753 1073 784 sensi-

246 809 309 840 bili
342 809 535 841 suscitetur.
572 811 618 841 Et
657 810 773 842 subdit
811 821 957 847 causam,
996 811 1074 851 quia

246 868 304 908 qui
330 868 440 899 credit
456 868 491 899 in
510 867 692 905 Christum,
720 868 919 900 adherendo
946 869 1011 899 sibi
1038 873 1074 899 ut

247 927 400 962 domino,
442 926 590 957 finaliter
631 937 692 967 per
733 936 894 964 amorem,
937 926 1074 957 eciamsi

246 987 388 1026 perante
406 987 549 1025 peccato
568 988 720 1014 mortuus
739 984 849 1021 fuerit,
875 994 945 1015 non
964 988 1073 1015 morte

244 1046 412 1084 perpetua
461 1041 571 1072 anime
620 1041 675 1072 vel
715 1041 870 1082 corporis
911 1041 1074 1073 morietur

246 1100 470 1143 spiritualiter
494 1099 530 1130 in
555 1103 709 1130 eternum
730 1125 735 1131 .
757 1125 763 1131 .
785 1123 790 1130 .
811 1124 818 1131 .

336 1229 381 1258 Et
408 1230 504 1269 patet
529 1227 730 1269 preciositas
755 1227 1021 1259 resurreccionis
1040 1232 1074 1259 et

245 1285 315 1316 vite
348 1285 534 1327 spiritualis
567 1295 669 1326 quam
695 1285 849 1316 Christus
881 1286 1013 1317 inducit
1038 1286 1073 1317 in

243 1343 419 1374 hominem
451 1353 553 1384 supra
584 1344 873 1374 resurreccionem
900 1345 947 1375 ad
968 1345 1072 1375 vitam

245 1401 460 1443 corporalem
485 1401 573 1432 adeo
599 1401 805 1433 affectatum.

338 1471 486 1512 Repetit
504 1475 617 1502 autem
631 1471 792 1511 magister
806 1472 956 1513 optimus
974 1472 1073 1503 istam

246 1528 466 1566 sentenciam,
492 1529 520 1559 si
546 1528 616 1559 eius
643 1529 811 1570 discipula
836 1529 935 1560 istam
953 1531 1073 1568 nescit,

244 1591 281 1617 ut
312 1586 339 1616 si
371 1587 459 1617 forte
491 1586 526 1617 in
559 1586 676 1627 aliquo
708 1588 773 1627 (ab)
804 1587 879 1629 ipsa
912 1588 1073 1619 defecerit

241 1644 296 1675 vel
338 1654 410 1675 eam
450 1643 661 1684 ignoraverit
708 1645 819 1686 ipsam
870 1646 1073 1687 discipulam

245 1701 429 1733 salubriter
453 1701 610 1733 instruat.

339 1771 473 1810 Credis,
498 1771 620 1812 inquit,
648 1772 729 1803 hoc:
757 1772 822 1803 Ait
846 1772 913 1804 illi:
944 1773 1071 1815 Utique

245 1829 396 1861 domine.
423 1829 502 1871 Ego
521 1829 667 1867 credidi,
687 1830 768 1872 quia
788 1835 824 1861 tu
844 1840 878 1863 es
888 1830 989 1873 filius
1003 1830 1072 1862 Dei

244 1886 320 1925 νῐνῐ,
351 1886 407 1929 qui
434 1886 467 1918 in
493 1887 584 1919 hunc
611 1887 780 1919 mundum
807 1888 946 1921 venisti.
979 1889 1070 1919 Con-

243 1943 358 1974 fitetur
384 1948 498 1975 autem
523 1944 587 1975 hec
613 1945 740 1976 femina
757 1946 793 1976 in
810 1956 879 1977 uno
899 1946 1071 1977 communi

241 2002 424 2043 principio,
443 2013 519 2033 cum
537 2003 645 2033 credit
663 2007 829 2043 quantum
848 2008 899 2035 est
916 2015 1070 2035 necessa-

242 2060 327 2090 rium
365 2061 527 2100 (credere)
565 2060 699 2092 viatori.
749 2061 943 2092 Confitetur
981 2062 1071 2093 enim

243 2116 449 2148 filiacionem
481 2118 672 2148 naturalem
704 2118 831 2149 Christi
864 2119 906 2149 ad
938 2123 1071 2161 patrem

243 2174 403 2205 celestem
431 2178 463 2205 et
489 2185 552 2216 per
576 2185 791 2216 consequens
818 2180 970 2207 eternam
996 2178 1070 2208 uni-

243 2236 347 2263 tatem
375 2232 488 2263 divine
515 2233 713 2264 substancie
739 2238 990 2275 consequenter
1016 2246 1070 2266 ex-

243 2301 374 2321 cessum
401 2290 627 2332 temporalem
653 2292 841 2323 nativitatis
868 2293 1018 2323 secunde
1037 2297 1071 2324 et

242 2358 303 2389 per
340 2358 554 2389 consequens
593 2350 764 2390 quidquid
798 2350 952 2381 Christus
986 2351 1070 2382 dixit

242 2406 275 2436 in
303 2406 482 2446 evangelio
509 2411 560 2437 est
585 2417 701 2438 verum
721 2431 727 2438 .
748 2432 754 2438 .
775 2432 781 2439 .
801 2431 808 2440 .

335 2647 413 2677 Non
443 2647 533 2677 enim
552 2648 686 2679 videtur
705 2650 796 2679 racio
817 2660 920 2691 quare
940 2652 1069 2681 mundo

244 2704 336 2734 dives
363 2708 432 2735 tam
450 2709 648 2746 sumptuose
667 2712 699 2737 et
719 2707 954 2749 sollempniter
971 2719 1068 2750 sepe-

242 2761 324 2792 litur
349 2762 413 2793 nisi
438 2763 492 2793 vel
518 2768 661 2805 propter
686 2765 893 2796 mundanam
925 2766 1068 2806 gloriam

244 2819 445 2850 servandam
476 2820 511 2850 in
543 2831 667 2860 genere
692 2821 747 2852 vel
772 2826 916 2864 propter
942 2824 1067 2855 solacia

242 2875 278 2905 in
301 2875 495 2909 viventibus
522 2879 758 2911 conservanda
777 2904 783 2911 .
805 2904 811 2911 .
831 2905 837 2911 .
860 2905 867 2912 .

914 255 1307 287 INTRODUCTION.

1393 372 1594 412 ¹Iohannis
1629 375 1734 416 Hus.

1240 487 1249 497 .
1268 489 1275 497 .
1295 489 1302 497 .
1321 489 1328 497 .
1355 466 1400 496 Et
1433 466 1513 506 quia
1543 466 1732 508 preciosius
1764 472 1814 500 est
1843 469 1976 502 homini

1149 523 1243 562 quod
1281 523 1503 564 spiritualiter
1543 535 1560 555 a
1599 529 1709 557 morte
1748 527 1882 568 peccati
1913 539 1976 570 per

1147 580 1319 612 Christum
1352 581 1533 613 suscitetur
1565 593 1667 623 quam
1692 585 1917 626 corporaliter
1943 590 1976 617 et

1146 648 1207 679 per
1225 649 1439 679 consequens
1458 640 1646 680 preciosius
1664 645 1715 672 est
1732 642 1863 673 homini
1882 644 1976 684 quod

1145 696 1237 726 vivat
1263 696 1295 726 in
1324 697 1460 728 Christo
1494 698 1717 738 spiritualiter
1749 710 1849 740 quam
1882 702 1977 741 quod

1147 764 1208 794 per
1226 753 1398 785 Christum
1417 755 1486 785 vita
1505 756 1659 786 sensibili
1678 757 1870 789 suscitetur.
1889 759 1976 790 Ideo

1146 812 1263 843 ,subdit
1289 823 1424 843 causam
1451 814 1545 853 quod
1571 814 1630 854 qui
1656 815 1802 846 credidit
1827 816 1862 847 in
1887 826 1975 854 eum,

1146 870 1365 901 adhaerendo
1415 871 1480 902 sibi
1522 871 1669 903 finaliter
1711 883 1773 914 per
1813 884 1975 912 amorem,

1146 928 1283 959 eciamsi
1309 932 1387 959 ante
1413 939 1474 970 per
1492 934 1672 970 peccatum
1690 935 1843 963 mortuus
1862 932 1975 970 fuerit,

1146 996 1216 1016 non
1247 990 1357 1017 morte
1391 991 1559 1028 perpetua
1590 987 1702 1019 anime
1733 988 1788 1019 vel
1819 990 1975 1031 corporis

1146 1043 1318 1081 morietur,
1345 1044 1407 1075 sed
1430 1045 1599 1076 liberatus
1625 1056 1643 1077 a
1669 1050 1780 1077 morte
1806 1047 1974 1089 spirituali

1145 1111 1207 1143 per
1232 1102 1380 1142 graciam
1407 1126 1439 1134 ..
1486 1127 1493 1134 .
1520 1114 1590 1135 non
1622 1104 1787 1136 morietur
1820 1106 1855 1136 in
1886 1109 1973 1138 eter-

1145 1170 1333 1191 num....

1237 1232 1283 1261 Et
1308 1234 1404 1272 patet
1429 1231 1630 1272 preciositas
1657 1233 1921 1265 resurreccionis
1941 1237 1974 1265 et

1144 1289 1212 1320 vite
1245 1289 1442 1330 spiritualis,
1474 1300 1576 1330 quam
1603 1290 1756 1321 Christus
1780 1291 1913 1322 inducit
1938 1292 1973 1323 in

1143 1348 1319 1379 hominem
1351 1358 1452 1389 supra
1483 1348 1774 1380 resurreccionem
1800 1349 1843 1380 ad
1868 1350 1974 1381 vitam

1145 1406 1360 1448 corporalem
1386 1406 1472 1437 adeo
1499 1406 1703 1438 affectatam.

1237 1476 1383 1517 Repetit
1397 1480 1509 1506 autem
1526 1476 1687 1517 magister
1705 1477 1854 1518 optimus
1872 1477 1972 1510 istam

1145 1534 1365 1571 sentenciam,
1393 1534 1420 1564 si
1446 1534 1517 1565 eius
1544 1534 1695 1576 dicipula
1721 1535 1831 1576 ipsam
1848 1537 1972 1575 noscit,

1144 1595 1181 1622 ut
1218 1591 1246 1622 si
1282 1592 1370 1623 forte
1402 1592 1445 1622 ab
1477 1592 1553 1633 ipsa
1584 1592 1619 1623 in
1651 1593 1767 1633 aliquo
1799 1593 1972 1632 deficeret,

1143 1649 1252 1690 ipsam
1279 1649 1482 1691 discipulam
1508 1650 1690 1681 salubriter
1715 1651 1870 1682 instruat.

1239 1776 1374 1815 Credis,
1400 1777 1522 1817 inquit,
1549 1778 1630 1810 hoc:
1655 1777 1719 1808 Ait
1745 1777 1811 1809 illi:
1847 1778 1972 1821 Utique

1144 1834 1296 1866 domine.
1323 1834 1398 1877 Ego
1418 1834 1563 1873 credidi,
1589 1835 1682 1877 quod
1699 1839 1733 1866 tu
1755 1845 1789 1868 es
1811 1836 1971 1868 Christus

1134 1892 1234 1935 filius
1247 1892 1318 1925 Dei
1336 1893 1416 1931 vivi,
1432 1893 1489 1932 qui
1504 1893 1536 1924 in
1551 1893 1641 1925 hunc
1654 1893 1820 1926 mundum
1838 1894 1970 1927 venisti.

1143 1950 1215 1981 Ubi
1248 1949 1431 1980 confitetur
1461 1950 1523 1980 hec
1555 1951 1681 1981 femina
1711 1951 1746 1982 in
1777 1963 1846 1983 uno
1879 1963 1970 1984 com-

1143 2008 1236 2038 muni
1274 2007 1447 2049 principio
1485 2008 1565 2038 fidei
1603 2018 1698 2039 suam
1739 2009 1852 2048 fidem,
1895 2021 1971 2041 cum

1143 2065 1252 2096 eredit
1290 2070 1455 2106 quantum
1493 2070 1542 2096 est
1575 2067 1804 2098 necessarium
1832 2069 1970 2100 credere

1141 2123 1276 2154 viatori.
1313 2124 1404 2153 Nam
1430 2123 1613 2154 confitetur
1638 2123 1846 2156 filiacionem
1872 2131 1969 2157 natu-

1143 2180 1248 2212 ralem
1275 2181 1401 2212 Christi
1433 2182 1477 2212 ad
1502 2186 1635 2223 patrem
1661 2183 1822 2215 celestem
1849 2190 1881 2215 et
1910 2196 1971 2227 per

1855 2243 1969 2274 divine

1143 2296 1307 2327 essencie.
1349 2297 1512 2328 Secundo
1550 2297 1734 2329 confitetur
1771 2310 1970 2341 processum

1143 2249 1357 2279 consequens
1413 2244 1566 2270 eternam
1626 2241 1793 2272 unitatem

1143 2354 1367 2395 temporalem
1394 2355 1581 2386 nativitatis
1608 2356 1734 2388 Christi
1759 2359 1910 2391 secunde
1936 2362 1969 2389 et

1143 2412 1190 2442 sic
1215 2412 1399 2443 confitetur
1417 2413 1590 2444 Christum
1616 2424 1689 2445 esse
1713 2425 1831 2446 verum
1856 2417 1969 2448 Deum

1142 2474 1175 2501 et
1211 2481 1328 2501 verum
1364 2471 1539 2502 hominem
1581 2478 1613 2503 et
1655 2483 1717 2514 per
1753 2483 1969 2515 consequens

1142 2528 1260 2566 credit,
1300 2529 1470 2570 quidquid
1508 2530 1662 2561 Christus
1701 2531 1834 2570 dixerit,
1873 2533 1968 2574 quod

1140 2585 1227 2616 illud
1253 2585 1304 2617 est
1329 2597 1445 2617 verum
1466 2611 1473 2618 .
1492 2611 1499 2618 .
1547 2611 1553 2618 .

1317 2679 1322 2684 .
1351 2656 1459 2686 Causa
1486 2656 1690 2688 damnabilis
1723 2662 1771 2688 est
1804 2662 1841 2688 ut
1874 2659 1968 2700 apud

1141 2714 1305 2743 mundum
1332 2724 1457 2744 nomen
1484 2714 1597 2745 divitis
1624 2715 1777 2746 defuncti
1803 2716 1965 2758 sollemp-

1140 2770 1215 2801 nius
1241 2770 1432 2802 celebretur
1450 2795 1456 2802 .
1477 2796 1483 2802 .
1504 2796 1510 2803 .
1531 2795 1537 2803 .

2027 72 2043 229 “bnassau-’s-
2024 0 2042 62 1‘11-:1
