2017 3353
143 290 218 332 2434

173 992 256 1018 Trne
278 990 389 1025 priests

188 1025 298 1052 should
321 1032 384 1050 war

189 1060 307 1095 against
328 1059 376 1085 tlie

239 1094 328 1123 dCVll.

175 2092 262 2120 Tliexv
284 2099 353 2126 may
374 2093 425 2116 not

225 2123 311 2162 ple-ad
333 2125 383 2152 tlte

192 2160 362 2200 incapacity
383 2159 417 2185 of

209 2197 287 2223 their
307 2194 396 2228 flock,

709 291 932 324 JOHANNIS
951 289 1132 322 WYCLIF
1151 289 1406 321 SERMONUM
1430 275 1581 333 [SERMO
1596 285 1733 313 XXXIX-

428 409 517 437 sunt
551 400 751 446 aufugere,
787 398 1000 433 dicendum
1040 397 1141 432 foret
1175 404 1464 443 consequenter
1504 396 1609 443 quod
1643 403 1744 431 tam-

429 471 548 506 quam
583 456 808 505 proditores
842 454 1002 490 Domini
1037 455 1181 490 debent
1219 465 1354 489 carere
1392 453 1501 489 omni
1540 452 1748 500 privilegio

429 516 660 557 christiano,
694 527 829 562 ymmo
864 514 971 561 quod
1004 521 1094 548 sunt
1126 511 1277 559 indigni
1310 511 1438 547 vivere
1472 511 1597 547 eciam
1632 522 1750 558 super

429 584 590 610 terram.
626 575 673 608 Et
705 572 803 608 sciat
837 583 928 618 pars
970 570 1037 606 illa
1076 569 1225 606 diaboli
1271 569 1362 605 licet
1407 570 1456 605 ad
1506 578 1663 616 tempus
1709 580 1751 604 ex

431 631 692 680 permissione
733 629 894 665 Domini
950 629 1167 665 abutantur
1218 627 1331 663 bonis
1384 627 1463 662 suis
1514 635 1550 662 et
1601 625 1752 662 seviant

432 699 571 727 contra
625 689 805 724 membra
850 686 1009 732 Christi,
1064 695 1198 722 tamen
1243 685 1415 722 finaliter
1454 693 1613 721 corruet
1662 696 1751 720 cum

432 748 628 797 paciendo
661 745 735 781 sibi
768 744 922 789 serviet,
957 744 1058 780 sicut
1092 744 1281 792 magister
1314 743 1396 779 eius
1421 743 1627 790 dyabolus,
1661 741 1754 778 velit

431 806 543 843 nolit.

490 867 570 900 Nec
604 863 751 899 habent
784 859 1085 897 excusacionem
1128 861 1355 896 sacerdotes
1401 859 1547 896 Christi
1589 868 1625 894 et
1670 871 1755 894 om-

434 923 527 959 nino
572 921 713 957 fratres
759 919 825 968 qui
866 918 1056 955 simulant
1100 918 1141 954 in
1185 917 1331 954 talibus
1377 919 1559 965 detegere
1605 916 1756 964 populo

434 980 669 1023 veritatem3
704 978 848 1014 debent
881 976 986 1013 enim
1020 977 1166 1012 habere
1211 984 1384 1024 quatuor
1428 975 1595 1011 virtutes
1629 973 1757 1010 cardi-

434 1039 543 1075 nales
581 1046 616 1073 et
655 1035 791 1072 omnia
831 1036 880 1071 ad
925 1047 1100 1082 pugnam
1147 1033 1375 1070 huiusmodi
1416 1032 1618 1081 requisita,
1665 1031 1758 1080 quia

437 1109 527 1133 cum
561 1095 725 1131 virtutes
759 1102 849 1129 sunt
883 1105 1056 1129 connexe
1089 1105 1161 1129 nec
1195 1093 1311 1128 debet
1327 1092 1532 1139 presbyter
1557 1091 1758 1127 celebrare

436 1154 511 1191 nisi
547 1153 748 1189 evidenter
782 1150 996 1187 crediderit
1029 1152 1137 1199 quod
1170 1150 1219 1186 sit
1252 1149 1335 1186 sine
1366 1149 1469 1186 vicio
1503 1158 1540 1185 et
1573 1161 1642 1196 per
1666 1160 1759 1184 con-

436 1224 604 1261 sequens
636 1210 848 1255 virtuosus,
891 1221 983 1256 ergo
1018 1217 1074 1245 est
1106 1208 1291 1256 indignus
1325 1208 1539 1252 celebrare,
1584 1206 1659 1242 nisi
1703 1205 1761 1241 in-

437 1270 583 1307 vaserit
640 1276 796 1317 partem
847 1266 1009 1312 diaboli,
1062 1266 1198 1303 habita
1243 1265 1413 1302 evidenti
1458 1264 1608 1302 noticia
1652 1264 1761 1312 quod

440 1337 497 1366 est
529 1326 634 1364 talis.
668 1328 715 1362 Et
749 1338 839 1362 cun]
874 1334 1084 1373 peccatum
1118 1323 1376 1362 obmissionis
1421 1326 1470 1359 sit
1502 1323 1679 1371 primum
1724 1329 1762 1357 et

441 1386 672 1430 maximum,
706 1385 853 1420 nedum
888 1385 1094 1431 presbyter
1126 1382 1216 1419 talis
1250 1381 1581 1429 estindispositus
1615 1381 1761 1416 elemo-

440 1445 544 1481 sinas
581 1456 603 1480 a
632 1443 747 1491 plebe
780 1441 970 1489 recipere,
1012 1442 1079 1477 sed
1112 1450 1320 1489 tamquam
1354 1439 1538 1488 proditor
1584 1437 1762 1474 veritatis

442 1512 498 1540 est
531 1500 717 1549 indignus
748 1499 878 1536 vivere
911 1511 1030 1546 super
1052 1507 1213 1535 terram.
1249 1499 1363 1535 Unde
1396 1498 1435 1533 in
1469 1499 1632 1533 Canone
1676 1497 1761 1541 XIO,

443 1576 479 1609 q.
515 1563 576 1597 ΙΙΙ.
612 1559 921 1606 Chrysostomus
956 1569 1042 1605 cap.
1078 1557 1206 1592 Nolite
1237 1556 1394 1592 timere:
1425 1556 1511 1591 Non
1543 1554 1666 1591 solum
1701 1553 1765 1589 ille

444 1627 499 1656 est
544 1617 729 1668 proditor
781 1615 955 1652 veritatis
1003 1615 1067 1663 qui
1109 1614 1403 1664 transgrediens
1448 1613 1646 1649 veritatem
1687 1623 1764 1661 pro

448 1676 607 1713 veritate
634 1675 767 1724 palam
808 1673 977 1722 quuitur
1020 1673 1273 1717 mendacium,
1317 1673 1385 1708 sed
1432 1671 1549 1707 eciam
1595 1670 1659 1706 ille
1705 1669 1769 1718 qui

447 1748 518 1771 non
553 1735 670 1770 libere
703 1732 902 1768 veritatem
932 1731 1166 1780 pronunciat
1197 1743 1309 1779 quam
1350 1730 1467 1765 libere
1504 1728 1768 1778 pronunciare

447 1799 610 1843 oportet,
657 1798 722 1826 aut
768 1802 840 1825 non
874 1789 1045 1838 defendit
1089 1789 1206 1825 libere
1250 1788 1448 1824 veritatem
1495 1799 1606 1836 quam
1651 1785 1769 1822 libere

450 1851 658 1900 defendere
691 1848 863 1884 convenit
905 1847 1090 1897 proditor
1133 1854 1188 1882 est
1233 1846 1416 1882 veritatis.
1481 1846 1581 1881 Cum
1634 1852 1767 1880 autem

449 1910 589 1945 fratres
622 1906 849 1955 specialiter
881 1905 1110 1952 obligantur
1142 1906 1190 1941 ad
1231 1903 1501 1940 defensionem
1534 1901 1659 1950 partis
1692 1903 1771 1937 Do-

452 1966 548 2003 mini
583 1965 838 2013 expurgando
870 1963 973 2000 vicia
1007 1972 1043 1999 et
1076 1962 1347 2010 imprimendo
1368 1961 1533 1998 virtutes
1557 1960 1597 1996 in
1620 1959 1771 2007 populo

451 2034 494 2061 ut
526 2024 734 2072 prophete,
769 2030 878 2070 patet
912 2022 1019 2069 quod
1053 2020 1261 2057 manifeste
1293 2028 1384 2055 sunt
1431 2019 1529 2055 tales
1576 2025 1770 2066 apostate.

453 2085 535 2119 Nec
559 2089 717 2118 excusat
740 2079 985 2127 incapacitas
1009 2078 1212 2121 auditorii,
1236 2087 1320 2113 tum
1345 2076 1438 2125 quia
1462 2075 1613 2112 desidia
1637 2083 1773 2111 nostra

455 2149 511 2177 est
545 2152 665 2176 causa
697 2150 820 2186 quare
853 2136 1098 2174 auditorium
1133 2145 1189 2172 est
1222 2136 1403 2183 incapax,
1428 2143 1510 2170 tum
1529 2133 1655 2170 eciam
1681 2132 1774 2181 quia

456 2211 536 2235 non
581 2209 719 2233 sumus
759 2197 860 2232 adeo
894 2194 965 2231 Dei
1007 2193 1225 2231 consiliarii
1269 2202 1311 2229 ut
1350 2192 1522 2229 sciamus
1567 2191 1773 2239 quomodo

457 2256 541 2304 ipse
585 2267 665 2291 non
708 2254 791 2290 vult
838 2253 995 2289 mollire
1040 2253 1162 2288 corda
1207 2250 1345 2299 populi
1390 2259 1426 2286 et
1465 2249 1644 2297 graciose
1683 2260 1774 2284 suos

458 2313 603 2350 milites
636 2311 837 2348 adiuvare.
873 2313 965 2347 Ideo
1000 2323 1089 2346 cum
1124 2309 1163 2345 in
1196 2310 1271 2345 hoc
1316 2307 1531 2344 mentimur
1579 2319 1622 2343 ex
1659 2304 1775 2342 nobis

1776 930 1814 950 IO

1781 1207 1817 1239 15

1780 1507 1822 1528 20

1787 1786 1825 1818 25

1790 2075 1832 2108 30

459 2371 581 2407 dubio
615 2379 651 2406 et
685 2382 865 2417 agressus
898 2369 1098 2405 virtuosus
1132 2368 1233 2403 foret
1265 2366 1523 2414 undiquaque
1548 2363 1775 2401 meritorius
1791 2365 1832 2397 35

460 2438 496 2466 et
537 2427 677 2464 mortis
720 2426 852 2475 passio
892 2427 993 2463 foret
1031 2424 1146 2461 nobis
1191 2424 1368 2460 securior
1412 2436 1458 2460 ac
1503 2421 1778 2459 delectabilior

460 2500 581 2536 quarn
614 2484 878 2530 taciturnitas,
913 2492 1021 2532 patet
1054 2484 1161 2531 quod
1195 2482 1375 2530 eligendo
1408 2490 1563 2530 partem
1596 2489 1679 2517 tam
1713 2480 1777 2515 de-

531 2607 552 2625 1.
573 2598 616 2625 A:
639 2596 720 2624 aliud
741 2596 828 2623 foret.
902 2594 927 2622 3.
950 2593 1015 2621 BC:
1038 2594 1132 2620 eciam
1155 2594 1247 2620 deest.
1322 2592 1345 2620 5.
1367 2593 1411 2619 A:
1435 2592 1545 2624 seviat;
1574 2590 1614 2618 C:
1637 2589 1777 2617 seminat.

463 2642 491 2666 o.
512 2634 541 2661 A
561 2632 591 2659 in
613 2639 727 2665 marg:
755 2629 870 2657 Contra
892 2629 1110 2656 Mendicantes.
1194 2636 1233 2655 10.
1255 2628 1292 2654 B:
1316 2627 1467 2655 similant:
1500 2626 1539 2653 ib.
1562 2626 1588 2652 A
1610 2626 1639 2652 in
1661 2633 1700 2659 po
1727 2623 1776 2650 nlo

464 2667 612 2703 detegere.
683 2674 723 2699 14.
745 2665 789 2692 A:
812 2664 849 2691 sit
870 2664 933 2690 sine
955 2663 1086 2690 mortali.
1158 2662 1195 2690 13.
1216 2664 1260 2689 A:
1281 2667 1325 2688 est
1347 2661 1560 2696 indispositns.
1637 2660 1676 2686 ιδ’.
1746 2657 1775 2685 in

465 2711 578 2737 marg:
606 2702 765 2728 Peccatum
787 2698 968 2725 omissionis
989 2703 1031 2724 est
1054 2698 1188 2732 primum
1210 2702 1237 2724 et
1259 2696 1438 2723 maximnm.
1524 2703 1568 2721 20.
1586 2695 1624 2721 13:
1645 2693 1779 2721 Unde—

465 2742 510 2764 est
530 2736 666 2763 veritatis
687 2735 724 2768 (in
747 2742 860 2768 marga
882 2733 946 2765 inf.)
967 2732 1037 2759 AC:
1061 2733 1147 2759 Unde
1168 2732 1197 2758 in
1224 2748 1256 2751 -—
1283 2736 1326 2758 est
1347 2730 1483 2757 veritatis
1505 2729 1597 2756 deest.
1671 2727 1716 2754 30.
1739 2727 1776 2753 13:

467 2771 592 2799 dislidia.
701 2768 743 2796 35.
767 2768 806 2795 C:
829 2767 993 2794 meritorie.
1101 2766 1146 2794 30.
1171 2767 1191 2793 B
1213 2766 1242 2793 in
1266 2774 1378 2800 marg:
1401 2764 1509 2792 Melior
1529 2768 1557 2790 et
1578 2762 1713 2790 securior
1735 2765 1779 2787 est

468 2806 571 2841 passio
592 2813 647 2840 pro
669 2804 794 2831 Christo
815 2811 907 2837 qnam
929 2801 1130 2829 taciturnitas.

537 2876 588 2900 21.
615 2865 714 2896 Decr.
741 2873 809 2896 sec.
837 2873 928 2906 parS,
955 2872 1058 2894 causa
1083 2862 1137 2901 Xl‚
1166 2871 1199 2903 q.
1227 2860 1280 2899 111,
1309 2870 1381 2902 cap.
1412 2858 1590 2890 LXXXVI.
1641 2855 1691 2888 Cf.
1726 2854 1778 2885 De

466 2911 619 2944 Ecclesia
644 2921 721 2954 pag.
749 2920 828 2953 429,
852 2908 932 2951 430.
