2017 3353
104 319 176 353 190

95 833 161 860 The
181 832 322 867 teaching
338 832 372 859 of

95 869 132 895 all
150 868 232 894 truth
248 868 317 894 isto
334 867 368 893 be

164 902 300 937 gradual.

145 1817 241 1845 What
262 1825 319 1844 one

123 1860 234 1887 person
255 1852 290 1878 ot*
305 1852 354 1878 the

98 1886 219 1922 Trinity
246 1886 319 1913 does
346 1886 371 1913 is

133 1922 212 1948 done
234 1921 271 1957 by
292 1921 339 1948 all.

661 312 885 345 „IOHANNIS
905 312 1089 345 wvcmr
1109 312 1368 345 sERMonuu
1391 299 1542 356 [SERMO
1558 308 1697 337 xxvm.

385 422 490 456 Luce
521 421 606 455 XIX
641 428 677 455 et
717 421 744 454 lI
780 420 829 454 ad
852 417 1192 466 Thessalonicos).
1247 419 1432 454 Secundo
1471 419 1518 453 de
1557 418 1697 454 eodem

382 477 629 514 Antichristo
663 484 876 524 aggregato
910 475 1005 512 dicit
1028 476 1244 525 Apostolus
1269 477 1375 524 quod
1400 476 1506 511 illum
1531 476 1697 524 iniquum

382 536 447 584 qui
476 543 563 571 tunc
596 534 830 571 revelabitur
852 534 1042 570 Dominus
1077 534 1188 570 Jesus
1221 534 1421 584 interficiet
1451 533 1588 582 spiritu
1621 534 1701 569 oris

382 594 451 629 sui.
486 596 567 629 Nec
601 601 657 628 est
689 591 1016 640 parvipendenda
1039 591 1210 640 Spiritus
1234 591 1349 627 huius
1373 591 1570 634 doctrina,
1607 604 1696 627 cum

384 652 530 687 docebit
576 650 771 700 apostolos
809 662 956 685 onmem
997 650 1195 686 veritatem
1236 658 1272 686 et
1309 649 1365 685 sic
1405 649 1589 686 veritates
1634 650 1734 685 ali-5

383 709 585 745 sconditas
618 721 716 756 quas
749 708 953 756 hucusque
986 708 1103 744 rudes
1135 720 1216 743 non
1239 707 1394 744 fuerant
1418 719 1585 755 capaces
1609 719 1701 742 con-

384 767 535 815 cipere3
569 775 605 803 et
629 765 684 801 sic
707 778 783 813 pax
805 778 875 813 per
898 774 1025 802 totam
1048 764 1287 801 Trinitatem
1320 765 1360 801 in
1393 765 1585 813 apostolis
1609 777 1701 801 con-

385 825 543 861 firmata
583 833 619 860 et
653 823 837 860 doctrina
869 835 940 871 per
972 824 1187 860 adventum
1222 823 1393 871 Spiritus
1428 823 1481 859 eis
1515 824 1608 859 data
1641 834 1701 859 ex-

383 890 545 930 superat
583 894 744 918 omnem
783 893 943 917 sensum
983 889 1020 917 et
1063 893 1225 917 omnem
1270 880 1535 917 donacionem
1581 893 1701 929 quam

384 940 493 988 prius
534 941 768 976 habuerant.
810 941 890 976 Nec
929 939 1032 975 valet
1069 938 1338 987 sophistarum
1385 938 1581 975 instancia
1625 950 1762 986 quaio

384 998 573 1035 invehunt
614 999 721 1046 quod
755 996 927 1045 Spiritus
966 998 1136 1034 Sanctus
1175 1009 1255 1033 non
1294 996 1452 1033 docebit
1498 997 1704 1044 apostolos

383 1068 544 1092 omnem
583 1055 805 1101 veritatem,
852 1067 942 1091 cum
983 1055 1109 1091 multa
1146 1063 1236 1103 post
1280 1056 1493 1091 adventum
1534 1053 1705 1102 Spiritus

384 1113 519 1150 Sancti
544 1113 799 1161 ignorarunt3
825 1122 867 1149 ut
891 1121 1000 1161 patet
1024 1114 1071 1149 de
1095 1112 1295 1149 eleccione
1318 1112 1486 1149 Matthie
1509 1120 1546 1149 et
1570 1111 1705 1148 multis

384 1171 592 1208 similibus.
618 1174 719 1208 Nam
737 1174 841 1208 Deus
865 1172 1082 1219 prudenter
1106 1170 1200 1207 dicit
1224 1172 1331 1219 quod
1353 1171 1522 1219 Spiritus
1543 1171 1707 1206 Sanctus

386 1230 531 1266 docebit
555 1230 642 1265 illos
663 1229 859 1278 apostolos
889 1229 1084 1279 singulam
1109 1229 1322 1275 veritatem,
1356 1228 1448 1276 quia
1471 1228 1511 1263 in
1533 1229 1706 1264 adventu
1725 1233 1760 1264 15

385 1287 556 1336 Spiritus
596 1286 732 1324 Sancti
771 1300 874 1323 novo
914 1288 1035 1323 modo
1074 1286 1129 1323 eis
1173 1287 1402 1323 ostenderat
1445 1285 1590 1322 librum
1630 1285 1707 1322 vite

385 1345 496 1382 cuius
541 1346 799 1393 alphabetum
846 1345 1149 1393 quodammodo
1194 1353 1359 1393 perante
1392 1343 1634 1388 didicerant3
1670 1351 1706 1379 et

385 1403 498 1439 illum
538 1403 683 1439 librum
723 1416 803 1439 non
843 1411 969 1440 cessat
1008 1415 1074 1439 eos
1114 1403 1270 1447 docere,
1311 1414 1519 1450 quousque
1559 1401 1705 1438 fuerint

385 1463 500 1509 plene
545 1461 670 1504 beati;
724 1470 760 1497 et
805 1473 875 1509 per
920 1473 1166 1509 consequens
1210 1460 1316 1496 iuxta
1350 1459 1520 1507 logicam
1556 1459 1703 1496 dictam

385 1519 544 1556 docebit
584 1532 650 1556 eos
689 1531 849 1556 omnem
889 1518 1097 1555 veritatem
1132 1518 1333 1564 continue,
1374 1530 1463 1554 cum
1504 1516 1705 1565 paulative
1723 1531 1764 1552 20

385 1577 503 1613 fuerit
536 1577 575 1613 in
609 1578 804 1613 docendo.
839 1579 941 1613 Nam
974 1576 1040 1612 ille
1073 1576 1172 1612 liber
1204 1576 1423 1612 secundum
1457 1584 1616 1612 sanctos
1649 1584 1706 1611 est

385 1635 560 1684 quelibet
604 1634 748 1672 veritas
792 1634 1044 1682 assignanda,
1091 1643 1127 1670 et
1173 1634 1228 1670 sic
1267 1633 1439 1682 Spiritus
1472 1635 1641 1670 Sanctus
1685 1645 1707 1669 a

385 1702 567 1741 tempore
624 1694 815 1730 adventus
873 1692 935 1728 die
981 1694 1232 1728 Pentecostes
1288 1704 1413 1740 usque
1473 1692 1522 1728 ad
1567 1703 1705 1728 eorum

387 1752 547 1799 plenam
582 1750 872 1787 beatitudinem
905 1749 1011 1787 venit
1045 1749 1232 1786 continue
1266 1759 1384 1798 atque
1418 1750 1547 1786 docet.

444 1812 524 1845 Nec
557 1808 736 1857 sequitur
760 1821 803 1845 ex
829 1808 902 1845 ista
925 1807 1142 1844 efficaciori
1172 1807 1355 1844 doctrina
1378 1806 1548 1855 Spiritus
1571 1806 1707 1843 Sancti
1724 1811 1763 1843 25

388 1867 426 1902 in
472 1866 619 1903 Christi
658 1867 876 1915 apostolos,
919 1867 1027 1914 quod
1068 1865 1248 1902 Christus
1286 1865 1336 1902 sit
1379 1864 1453 1901 sibi
1498 1864 1705 1913 inequalis‚

388 1938 477 1961 cum
512 1937 635 1973 opera
667 1924 795 1961 tocius
827 1923 1035 1960 Trinitatis
1074 1923 1151 1959 sint
1191 1923 1372 1970 indivisa,
1405 1923 1461 1959 sic
1494 1924 1602 1971 quod
1634 1922 1707 1958 im-

387 1983 577 2031 possibile
600 1991 656 2019 est
680 1982 857 2031 aliquam
881 1995 1093 2030 personam
1112 1980 1321 2018 Trinitatis
1344 1980 1565 2030 quidquam
1589 1992 1705 2028 agere

388 2041 462 2077 nisi
496 2050 580 2077 tota
602 2040 778 2077 Trinitas
811 2040 930 2076 faciat
963 2040 1061 2076 illud
1094 2039 1212 2076 idem.
1249 2040 1341 2076 Ideo
1374 2038 1576 2087 signanter
1609 2037 1704 2074 dicit

388 2108 515 2135 textus
554 2100 661 2147 quod
714 2098 884 2146 Spiritus
924 2100 1091 2134 Sanctus
1130 2110 1202 2133 non
1242 2098 1418 2146 loquetur
1451 2110 1472 2132 a
1504 2096 1705 2145 semetipso
1723 2100 1764 2132 30

387 2157 456 2193 sed
486 2169 702 2205 quecunque
733 2156 861 2192 audiet
894 2156 1071 2204 loquetur
1101 2163 1135 2192 et
1167 2167 1237 2203 que
1268 2162 1428 2190 ventura
1451 2162 1538 2191 sunt
1559 2167 1704 2190 annun-

387 2216 500 2250 ciabit
532 2215 647 2250 vobis.
683 2217 783 2250 Nam
817 2213 947 2250 omnis
979 2213 1128 2249 noticia
1161 2212 1332 2261 Spiritus
1355 2212 1490 2248 Sancti
1524 2211 1706 2260 procedit

388 2286 409 2308 a
449 2281 561 2320 patre
601 2281 637 2308 et
677 2272 758 2308 filio
798 2280 834 2308 et
874 2270 1065 2320 quicquid
1098 2270 1269 2319 Spiritus
1302 2272 1471 2306 Sanctus
1510 2271 1558 2306 ad
1598 2278 1706 2306 extra

457 2429 481 2457 3.
505 2429 526 2456 B
547 2429 575 2456 iu
598 2438 711 2461 marga
733 2429 944 2456 Antichristus
965 2427 1162 2455 interficietur
1183 2427 1292 2462 spiritu
1312 2427 1376 2454 oris
1397 2426 1523 2454 Christi.
1609 2425 1637 2453 6.
1658 2426 1702 2452 A:

389 2465 446 2491 hoc
467 2473 579 2498 usque:
602 2464 640 2491 ib.
658 2458 724 2490 EC:
746 2464 874 2490 fuerant.
935 2471 962 2502 7.
984 2464 1028 2490 A:
1051 2471 1103 2497 per
1124 2467 1218 2489 totam
1241 2462 1334 2489 deest.
1400 2463 1426 2487 S.
1450 2461 1515 2488 BC:
1537 2460 1602 2499 eius
1622 2460 1701 2499 data.

390 2508 430 2526 10.
452 2500 497 2526 A:
525 2500 593 2534 plus
615 2499 799 2529 imbuerant:
828 2498 867 2525 ib.
892 2498 912 2524 B
934 2506 962 2524 iu
985 2506 1098 2531 marg:
1120 2497 1209 2524 Nota.
1285 2505 1326 2527 10,
1349 2504 1382 2523 Π.
1404 2497 1448 2523 A:
1470 2504 1530 2532 qua
1550 2499 1701 2530 inquiunt.

390 2543 423 2561 ιι.
447 2534 468 2560 B
489 2534 517 2560 in
540 2542 651 2567 marga
675 2533 836 2565 Obieccim
868 2533 907 2560 ib.
929 2533 973 2559 A:
1002 2532 1122 2559 docebit
1143 2536 1215 2564 etc:
1247 2531 1312 2558 BC:
1342 2531 1458 2558 doceat.
1567 2538 1607 2566 ¹4:
1630 2530 1652 2556 B
1673 2530 1701 2556 iu

390 2577 502 2604 marga
525 2568 659 2595 Solueio.
753 2567 789 2594 15.
811 2569 854 2594 A:
883 2567 1041 2602 apostolos
1063 2567 1163 2597 deest:
1194 2566 1233 2593 ib.
1255 2567 1298 2593 A:
1327 2566 1480 2592 virtutem.
1572 2568 1613 2591 ιο.
1636 2563 1702 2590 BC:

390 2603 491 2630 Sancti
514 2603 613 2634 deest:
636 2603 675 2629 ib.
697 2604 740 2629 A:
769 2602 941 2628 ostendant.
1025 2610 1062 2640 17.
1086 2601 1151 2628 BC:
1173 2601 1342 2635 quomodo.
1427 2608 1472 2627 20.
1496 2599 1561 2626 BC:
1583 2599 1701 2626 docebit

392 2647 461 2667 vos:
489 2638 528 2664 ib.
550 2638 593 2664 A:
616 2638 758 2664 continue
780 2636 872 2663 deest.
930 2644 968 2663 21.
990 2637 1018 2663 A
1038 2644 1068 2663 in
1090 2644 1202 2670 marg:
1224 2635 1316 2662 Liber
1335 2635 1410 2668 vite;
1432 2635 1471 2661 ib.
1495 2634 1516 2661 B
1537 2634 1566 2660 in
1588 2641 1701 2667 marg:

392 2673 473 2706 Quid
497 2672 534 2699 sit
555 2672 630 2699 liber
651 2672 680 2698 in
702 2680 762 2707 quo
784 2671 915 2705 apostoli
938 2671 1129 2697 studuerunt.
1164 2670 1268 2705 Quare
1295 2669 1479 2696 attendenda
1500 2673 1544 2695 est
1565 2668 1702 2694 doctrina

389 2708 602 2742 apostolorum
624 2711 651 2733 et
672 2706 848 2743 sequacium
870 2713 986 2732 eorum.
1042 2713 1086 2735 22,
1108 2704 1149 2731 23.
1172 2706 1215 2732 A:
1238 2705 1333 2731 sancti
1354 2704 1512 2731 adventus.
1568 2710 1614 2736 24.
1637 2702 1702 2728 BC:

392 2744 512 2776 plenam
535 2741 628 2768 deest.
684 2744 731 2768 20.
752 2741 796 2767 A:
819 2740 961 2767 Christus
982 2740 1081 2771 deest;
1104 2739 1170 2766 BC:
1193 2739 1335 2766 Christus
1357 2746 1417 2765 nou
1439 2738 1476 2765 sit
1498 2737 1554 2764 sibi
1575 2745 1589 2763 e
1617 2736 1702 2763 ualis.

391 2785 437 2812 29.
459 2778 501 2803 A:
523 2776 602 2803 tacit.
676 2775 720 2802 30.
744 2775 808 2802 BC:
832 2776 961 2801 Sanctus
982 2775 1075 2801 deest.
1130 2773 1169 2801 31.
1190 2775 1235 2801 A:
1256 2781 1436 2809 quecunque
1456 2777 1510 2799 etc.
1573 2771 1615 2798 3‘.
1637 2770 1702 2798 BC:

391 2815 523 2838 Sanctus
544 2811 637 2838 deest.

468 2941 492 2961 ι.
518 2929 543 2961 11
572 2930 624 2960 Ad
651 2927 987 2960 Thessalonicenses
1015 2928 1054 2967 11,
1080 2927 1110 2958 8,
1210 2927 1261 2958 31.
1289 2925 1366 2958 Joh.
1394 2925 1483 2966 XVI,
1516 2924 1562 2956 13.
