2017 3353
220 278 296 312 358

802 281 1026 314 ionANMs
1047 280 1229 312 WYCLIF
1249 279 1509 311 SERMONL'M
1564 266 1713 322 [SERMO
1735 275 1814 303 mv.

505 388 766 437 predestinati
799 389 849 424 ad
873 396 1030 434 tempus
1054 386 1154 434 lapsi
1188 398 1306 434 quem
1340 385 1413 422 scit
1446 384 1591 421 servire
1615 384 1689 420 sibi
1723 384 1818 421 fide-

215 456 282 484 Tne
303 456 482 482 soreknown
504 447 593 483 liter
636 459 762 495 usque
806 447 857 482 ad
902 454 1094 490 mortem3
1139 443 1229 480 ideo
1274 443 1430 479 videtur
1468 443 1576 491 quod
1621 442 1732 490 prior
1769 442 1819 478 sit

246 499 296 517 ure
316 490 452 525 forgiven

259 525 441 554 ,secundum

268 559 362 595 quid',
384 559 434 586 the

251 594 454 629 predestinata

261 629 441 664 absolutely.

255 1438 310 1473 W>
320 1438 374 1464 elit*
392 1437 449 1464 will

282 1473 354 1503 ltcen
377 1472 424 1498 his

265 1508 400 1534 l'rcedom
423 1507 457 1533 of

246 1542 426 1576 expression
448 1542 476 1568 in

290 1576 367 1611 spite
388 1576 422 1602 ot'

273 1611 440 1638 l'hurisees.

504 504 687 541 remissio
732 505 951 540 secundum
998 502 1095 551 quid
1133 511 1170 538 et
1209 501 1287 538 alia
1326 500 1508 537 remissio
1553 513 1633 536 non
1677 499 1819 536 recidi-

503 562 631 600 vantis
669 563 709 599 in
747 570 950 610 posterum
992 559 1174 596 remissio
1213 558 1461 607 simpliciter,
1502 567 1538 594 et
1571 558 1820 594 contrahitur

507 622 649 657 modus
706 618 897 668 loquendi
957 618 1019 655 cui
1072 617 1253 654 Christus
1312 616 1596 653 condescendit
1651 615 1852 652 infirmis5

506 678 774 726 compaciens,
809 690 899 713 cum
931 676 1117 712 dominus
1155 675 1388 723 temporalis
1427 674 1615 722 ignorans
1653 673 1820 710 remittit

506 749 618 773 servo
672 734 933 772 forisfacienti
991 733 1117 770 eciam
1175 733 1332 781 gravius
1382 732 1423 768 in
1465 733 1644 768 futurum
1697 740 1733 768 et
1777 740 1820 767 ut

507 793 632 831 credit
672 805 771 842 eque
804 791 972 828 remittit
1010 791 1085 827 sibi
1123 791 1225 827 sicut
1263 803 1376 827 servo
1414 789 1675 826 forisfacienti
1714 789 1820 826 fideli

507 860 864 900 quantumcunque
911 849 985 885 sibi
1030 849 1243 898 proficeret
1287 848 1327 884 in
1371 849 1563 886 futurum.
1620 849 1696 884 Sed
1739 860 1821 884 non

507 909 672 946 dubium
714 908 809 957 quin
848 906 1022 944 stulticia
1060 908 1121 943 vel
1158 906 1391 954 ignorancia
1428 907 1529 942 foret
1569 919 1687 942 causa
1725 905 1878 942 factito

507 967 750 1012 huiusmodi,
805 979 881 1014 que
932 978 1012 1001 non
1065 973 1231 1012 possunt
1283 966 1367 1000 Deo
1421 973 1661 1012 competere.
1727 965 1819 1000 Ideo

508 1025 720 1061 dicendum
780 1025 936 1061 videtur
996 1022 1257 1060 conformiter
1309 1023 1358 1058 ad
1411 1022 1658 1069 evangelium
1712 1023 1820 1070 quod

508 1083 690 1120 Christus
729 1083 948 1118 secundum
993 1080 1089 1129 quid
1128 1080 1295 1117 remittit
1334 1079 1507 1128 prescito
1551 1079 1737 1115 iniuriam
1784 1089 1820 1115 et

509 1143 633 1178 donat
670 1140 846 1188 graciam
887 1139 961 1176 sibi
1000 1139 1265 1187 temporalem
1300 1150 1372 1186 pro
1406 1136 1574 1174 servicio
1608 1139 1714 1185 quod
1748 1137 1821 1173 im-

510 1198 647 1247 pendit
686 1200 906 1234 secundum
947 1206 1170 1246 presentem
1211 1195 1424 1241 iusticiam,
1465 1204 1502 1231 et
1534 1195 1601 1232 illa
1641 1194 1877 1231 dimissio15

510 1258 679 1293 multum
715 1256 867 1292 excedit
901 1254 1176 1291 dimissionem
1202 1253 1540 1298 condicionatam,
1574 1266 1654 1289 non
1687 1261 1822 1289 tamen

508 1314 667 1362 attingit
700 1313 972 1350 dimissionem
1007 1312 1256 1360 simpliciter,
1291 1325 1381 1348 cum
1415 1311 1609 1359 prescitus
1642 1324 1714 1359 pro
1752 1310 1818 1347 tali

509 1372 676 1409 crimine
711 1371 955 1408 cruciabitur
988 1371 1027 1407 in
1061 1379 1255 1406 eternum.

566 1433 730 1466 Detecta
775 1442 868 1477 ergo
914 1428 1224 1477 equivocacione
1269 1428 1546 1464 condescendo
1599 1426 1821 1475 cuicunque

510 1489 631 1524 modo
684 1487 873 1535 loquendi
929 1487 995 1535 qui
1049 1486 1164 1522 fuerit
1210 1488 1293 1521 Deo
1346 1485 1575 1533 placencior
1628 1494 1664 1521 et
1716 1498 1879 1521 nunczo

509 1547 653 1594 loquor
693 1558 772 1581 uno
806 1546 928 1581 modo
965 1557 1069 1580 nunc
1105 1543 1195 1581 alio.
1231 1544 1321 1580 licet
1353 1543 1564 1579 videantur
1597 1543 1821 1579 contradic—

509 1603 601 1640 torii
640 1603 846 1651 phariseis.
889 1604 1031 1639 Utrum
1068 1601 1071 1652 Ι
1107 1610 1240 1638 autem
1281 1601 1353 1637 fuit
1392 1600 1481 1637 talis
1520 1613 1584 1637 rex
1628 1610 1821 1646 terrenus,
1841 1581 1919 1658 igi*

510 1671 551 1698 ut
603 1661 758 1698 videtur
810 1673 952 1697 sonare
1006 1659 1267 1707 evangelium,
1321 1660 1380 1695 vel
1425 1667 1552 1695 totum
1598 1658 1647 1694 sit
1691 1659 1823 1706 primo
1888 1652 1902 1657 ³

511 1720 761 1756 referendum
803 1720 851 1754 ad
892 1731 1023 1766 regem
1059 1718 1234 1754 celorum
1270 1716 1486 1755 Christum.
1527 1718 1656 1753 adhuc
1689 1716 1823 1753 nescio

511 1777 696 1822 diffinire,
731 1776 858 1813 sciens
893 1778 1000 1824 quod
1032 1777 1106 1812 hoc
1141 1775 1386 1822 evangelium
1421 1774 1523 1811 sicut
1556 1776 1881 1823 quodcunque25

510 1835 618 1872 aliud
651 1844 707 1871 est
740 1847 875 1871 verum
911 1835 957 1870 de
991 1834 1135 1870 virtute
1168 1833 1363 1869 sermonis
1402 1833 1485 1869 sine
1526 1833 1679 1869 macula
1721 1831 1825 1868 falsi-

511 1893 616 1930 tatis.
651 1895 699 1928 Et
733 1905 1012 1941 quemcunque
1045 1891 1193 1928 Christi
1225 1891 1417 1927 vicarium
1452 1890 1534 1927 scio
1568 1890 1751 1938 ignorare
1775 1891 1825 1926 ad

512 1963 629 2000 quem
663 1963 822 1987 sensum
856 1951 916 1986 vel
949 1958 1143 1998 quantum
1175 1951 1279 1985 Deus
1313 1948 1479 1985 remittit
1513 1948 1663 1985 crimen
1697 1947 1825 1984 homi-

512 2009 571 2045 nis
604 2009 664 2046 vel
696 2008 877 2053 absolvit,
903 2008 978 2044 nisi
1003 2009 1077 2044 hoc
1100 2006 1217 2043 fuerit
1241 2006 1466 2055 specialiter
1489 2006 1562 2042 sihi
1586 2007 1823 2052 revelatum3

512 2067 594 2103 scio
646 2066 790 2102 iterum
844 2074 885 2102 ut
938 2066 1056 2102 fidem
1111 2066 1217 2113 quod
1262 2065 1391 2100 nullus
1435 2065 1610 2112 prelatus
1661 2063 1824 2100 ecclesie
1841 2067 1882 2099 30

514 2124 721 2161 militantis
754 2136 843 2160 vere
876 2123 1043 2160 remittit
1076 2123 1227 2159 crimen
1260 2122 1407 2158 subditi
1445 2123 1506 2158 vel
1543 2121 1712 2158 absolvit
1750 2121 1825 2157 nisi

514 2184 561 2219 de
607 2191 758 2231 quanto
799 2183 903 2218 Deus
948 2182 1079 2230 ipsum
1125 2181 1234 2229 prius
1280 2179 1488 2225 remiserit,
1535 2179 1625 2216 ideo
1670 2179 1825 2215 videtur

514 2241 748 2288 blasphema
780 2239 1035 2288 presumpcio
1073 2240 1179 2288 quod
1211 2238 1296 2287 quis
1329 2238 1508 2274 absolvat
1541 2237 1613 2273 sihi
1648 2237 1825 2285 incogni-

514 2307 597 2333 tum
637 2299 697 2333 vel
738 2299 860 2334 donat
898 2297 971 2333 sibi
1012 2296 1285 2345 indulgencias
1324 2308 1421 2344 quas
1461 2295 1629 2343 ignorat.
1670 2296 1746 2331 Sed
1786 2294 1826 2330 in

515 2355 700 2391 omnibus
739 2355 894 2391 videtur
934 2355 1030 2390 mihi
1069 2363 1275 2402 tamquam
1316 2355 1550 2389 theoreuma
1589 2353 1823 2401 precipuum
1843 2357 1881 2389 35

516 2414 623 2461 quod
667 2412 798 2449 omnis
844 2412 1082 2449 christianus
1128 2413 1244 2448 debet
1294 2413 1339 2447 ad
1394 2411 1743 2447 conversacionem
1789 2418 1826 2446 et

516 2470 838 2519 predicacionem
873 2469 1020 2506 Christi
1055 2471 1260 2506 attendere
1301 2478 1336 2505 et
1375 2478 1567 2517 quantum
1608 2468 1754 2504 sufficit
1786 2479 1825 2504 se

587 2669 612 2688 2.
635 2662 662 2688 A
682 2661 712 2688 in
735 2669 848 2696 marga
871 2660 1052 2695 Responsio.
1135 2659 1160 2687 3.
1181 2661 1225 2688 A:
1250 2661 1391 2688 remissio
1411 2661 1505 2687 deest.
1596 2669 1622 2695 7.
1645 2660 1708 2687 nC:
1730 2659 1825 2687 eciam

518 2697 612 2723 deest.
671 2704 699 2731 9.
723 2694 762 2722 C:
784 2700 1004 2729 quantumque.
1062 2703 1095 2722 11.
1119 2695 1138 2721 l}
1161 2695 1188 2721 in
1212 2703 1325 2727 marga
1347 2695 1482 2723 Solucio.
1505 2694 1648 2722 Christus
1668 2694 1826 2724 quomodo

519 2731 653 2765 prescito
676 2730 803 2757 remittit
822 2729 965 2756 iniuriam
989 2734 1016 2756 et
1036 2731 1194 2764 quomodo
1216 2724 1433 2761 predestinata
1552 2729 1588 2756 15.
1604 2730 1638 2756 ,A
1658 2729 1687 2755 in
1711 2737 1824 2763 marg:

521 2765 679 2792 lnmissio.
753 2772 792 2791 21.
809 2765 846 2791 13:
869 2765 968 2791 licent.
1042 2772 1084 2790 22.
1106 2765 1134 2791 A
1156 2764 1182 2789 iu
1206 2773 1318 2798 marta:
1340 2764 1430 2791 Nota.
1504 2766 1548 2791 28.
1570 2765 1598 2790 A
1619 2764 1646 2789 in
1671 2772 1782 2797 mai·,‘.:.:
1806 2771 1825 2790 1.

519 2800 565 2827 250.
587 2801 615 2826 A
635 2799 664 2826 in
688 2807 800 2833 marga
823 2807 854 2828 2:
885 2799 906 2826 Β
935 2799 964 2826 111
995 2807 1107 2833 marg:
1139 2799 1290 2825 Rcmissio
1312 2804 1506 2833 peccatorum
1528 2798 1631 2825 vicarii
1653 2797 1767 2825 Christi
1789 2797 1825 2824 ad

520 2838 667 2872 quantum
690 2842 721 2860 se
741 2834 885 2860 extendit.
967 2832 1006 2860 31.
1027 2834 1070 2860 A:
1093 2833 1206 2859 crimen
1230 2833 1374 2860 hominis.
1457 2832 1502 2866 34.
1525 2833 1546 2859 Β
1567 2833 1595 2859 111
1619 2840 1731 2867 marg:
1755 2832 1826 2858 Pro-

521 2877 638 2907 pos1cio
666 2876 713 2894 1131·
735 2877 765 2894 se
787 2873 868 2894 nota.
909 2868 1020 2901 Regula
1042 2868 1099 2894 rite
1121 2868 1286 2894 christiane
1307 2876 1364 2902 que
1385 2872 1439 2894 est.
1513 2866 1554 2894 35.
1579 2867 1614 2894 B:
1647 2867 1824 2899 tlioreumass.

521 2903 561 2930 1b.
582 2902 621 2930 B:
644 2877 707 2930 tilo.
