2017 3353
249 607 265 639 5

194 654 267 703 Fol.

195 711 200 731 ι
212 703 268 744 09⁰

282 263 417 291 sumto
435 249 601 306 xxxvii]
800 261 940 294 PRIMA
969 261 1094 293 PARS.

282 385 401 421 quam
436 371 563 408 fuerat
596 369 837 406 incarnatus,
870 367 1015 405 Tercio
1050 369 1126 404 due
1158 380 1277 404 naves
1310 377 1399 404 sunt
1434 368 1601 405 ecclesia

281 432 499 467 judeorum
553 437 590 465 et
641 426 823 475 gencium
879 438 955 475 que
1007 427 1057 462 ad
1096 425 1167 462 Dei
1212 425 1457 474 sapienciam
1510 439 1598 462 cum

283 489 434 536 impetu
468 486 755 523 confluxerunt.
791 487 945 531 Quarto
979 485 1191 520 descensus
1207 483 1355 521 Christi
1388 483 1427 520 in
1460 496 1600 520 navem

284 546 387 583 Petri
433 554 489 581 est
522 543 669 581 Christi
716 542 947 579 incarnacio
993 554 1036 578 ex
1080 554 1224 590 genere
1267 543 1507 587 Judeorum3
1554 543 1601 578 de

283 617 362 653 qua
403 615 501 640 nave
540 601 680 650 quinto
723 600 859 637 docuit
897 601 1038 637 sedens
1079 600 1117 636 in
1157 599 1370 636 virtutibus
1410 599 1602 648 predesti-

282 670 397 699 natos
436 670 644 708 tamquam
675 655 679 712 ι
708 667 857 696 stantes
898 658 937 694 in
977 667 1095 694 terra.
1130 659 1247 694 Sexto
1287 657 1463 706 piscacio
1497 657 1601 694 Petri

284 719 410 768 ruptis
451 718 601 755 retibus
641 726 698 753 est
738 715 1004 765 congregacio
1044 715 1222 752 fidelium
1263 715 1303 752 in
1335 716 1420 763 lege
1454 715 1601 752 Christi

283 790 455 826 quorum
495 775 619 824 aliqui
659 775 849 812 exierunt.
891 773 1072 822 Septimo
1111 774 1275 810 alterius
1314 773 1425 810 navis
1463 773 1603 810 suffra-

283 836 391 884 gium
426 843 483 871 est
516 833 681 871 ecclesie
713 832 897 881 gencium
922 832 1227 869 adminiculum.
1257 833 1410 869 Octavo
1432 831 1604 880 indigni-

229 893 376 930 1otatis
418 892 521 929 Petri
567 891 764 929 confessio
809 891 1017 928 assistente
1055 891 1238 927 Johanne
1283 899 1319 927 et
1357 891 1508 927 Jacobo
1547 898 1604 926 est

231 1187 267 1220 15

227 1488 270 1510 20

229 1767 269 1799 25

284 961 379 988 nota
412 964 434 988 a
458 953 542 987 Deo
575 949 745 987 faciente
777 961 901 998 opera
925 948 1147 996 elongacio,
1183 961 1259 997 que
1282 947 1432 984 noticia
1454 949 1602 984 nedum

284 1019 341 1046 est
386 1009 425 1045 in
471 1007 698 1045 christianis
741 1008 810 1044 sed
855 1007 894 1043 in
939 1006 1118 1055 paganis,
1164 1016 1206 1042 ut
1244 1006 1284 1043 in
1323 1005 1524 1043 saracenis
1568 1015 1605 1042 et

284 1067 478 1105 barbaris.
519 1069 635 1103 Nono
675 1064 851 1114 piscacio
885 1064 990 1101 Petri
1025 1077 1208 1113 expressa
1247 1066 1298 1101 ad
1331 1063 1513 1100 homines
1547 1073 1603 1100 est

283 1125 539 1175 prepositura
587 1124 669 1161 eius
713 1136 833 1172 super
877 1122 1100 1169 ecclesiam,
1154 1131 1191 1159 et
1242 1122 1399 1159 decimo
1444 1121 1605 1159 reliccio

285 1184 378 1221 retis
414 1183 519 1220 Petri
557 1182 669 1219 navis
709 1191 746 1218 et
785 1181 967 1218 omnium
1008 1193 1083 1229 que
1130 1180 1308 1229 possedit
1360 1189 1417 1217 est
1461 1193 1605 1217 renun-

285 1241 412 1280 ciacio
445 1240 518 1277 viri
551 1239 764 1289 apostolici
798 1240 931 1289 quoad
964 1240 1186 1276 secularem
1223 1240 1389 1275 modum
1430 1237 1603 1275 habendi

286 1300 353 1350 qui
386 1300 468 1336 vult
500 1299 541 1335 in
574 1307 811 1347 paupertate
844 1297 1072 1345 evangelica
1105 1296 1217 1345 sequi
1251 1297 1469 1334 Christum.

343 1357 561 1406 Supposito
595 1358 671 1393 hoc
703 1369 820 1392 sensu
853 1355 1071 1404 allegorico
1101 1356 1330 1392 accedendo
1364 1357 1413 1392 ad
1446 1367 1605 1391 sensum

285 1415 596 1465 tropologicum,
630 1415 855 1451 notandum
884 1415 992 1462 quod
1025 1413 1168 1462 triplex
1203 1422 1260 1450 est
1294 1422 1390 1459 rete,
1429 1412 1605 1461 primum

285 1484 343 1512 est
375 1483 457 1511 rete
491 1472 639 1511 Christi
672 1474 781 1522 quod
816 1481 873 1509 est
908 1471 1102 1508 connexio
1130 1471 1323 1507 virtutum
1352 1471 1392 1508 in
1416 1470 1607 1519 religione

1806 264 1884 301 247

1689 377 1820 404 Fun-ther

1669 411 1839 450 allegorica!

1661 451 1844 481 exposmon.

1620 1349 1888 1386 Trtmologically:

1620 1384 1722 1413 There
1742 1394 1792 1412 arc
1813 1385 1896 1413 three

1718 1425 1800 1447 nets:

1658 1464 1678 1483 1.
1699 1455 1733 1482 of
1751 1454 1866 1486 Christ,

285 1532 433 1571 Christi
479 1544 656 1569 connexa
695 1532 802 1567 nodo
843 1529 1097 1579 quadruplici
1137 1529 1329 1566 caritatis.
1376 1530 1606 1566 Secundum
1630 1533 1656 1552 2·
1679 1524 1778 1552 0¹³¹]ss
1799 1524 1889 1555 dex-il,

286 1600 343 1628 est
382 1599 464 1627 rete
509 1589 658 1626 diaboli
693 1590 800 1638 quod
834 1597 892 1625 est
937 1587 1131 1625 connexio
1163 1587 1359 1625 viciorum
1401 1587 1441 1624 in
1479 1599 1607 1624 exem-

285 1648 470 1698 placione
510 1647 660 1685 diaboli
700 1648 909 1695 complexa
948 1645 1161 1694 multiplici
1199 1659 1300 1683 nexu
1340 1645 1499 1691 invidie,
1538 1646 1607 1681 sed

285 1706 454 1744 tercium
500 1715 558 1742 est
602 1714 684 1742 rete
731 1705 853 1742 seculi
898 1706 1007 1753 quod
1053 1714 1109 1741 est
1155 1703 1347 1741 connexio
1394 1716 1606 1741 causarum
1622 1710 1647 1739 3.
1669 1712 1699 1739 01
1720 1711 1770 1738 the
1788 1710 1897 1738 world.

285 1765 407 1802 seculi
447 1765 666 1801 secundum
707 1764 812 1811 leges
846 1764 1042 1800 humanas
1076 1771 1272 1799 contexta.
1313 1764 1360 1798 Et
1406 1763 1481 1798 hoc
1526 1770 1608 1798 rete

286 1823 387 1860 sicut
432 1831 514 1859 rete
553 1821 684 1859 carnis
724 1830 780 1858 est
820 1822 899 1858 tela
944 1833 1101 1865 aranee,
1155 1834 1230 1869 que
1275 1820 1349 1856 nisi
1395 1819 1512 1856 fuerit
1550 1819 1608 1855 in-

286 1883 435 1927 voluta,
469 1881 547 1917 tela
581 1879 731 1917 diaboli
769 1879 940 1916 faciliter
976 1888 1107 1927 potest
1146 1878 1291 1927 rumpi.
1338 1880 1434 1915 Rete
1474 1886 1607 1914 autem

289 1939 437 1977 Christi
482 1938 705 1975 contexitur
750 1938 817 1974 filo
860 1936 1040 1974 veritatis
1078 1936 1331 1977 invincibilis,
1373 1946 1413 1972 ut
1447 1935 1607 1978 Christi,

289 1998 328 2034 in
361 1996 642 2046 predestinatis
675 1997 894 2033 secundum
934 2008 998 2032 sex
1032 1994 1283 2032 differencias
1322 1994 1539 2043 posicionis
1573 2002 1610 2030 et

231 2060 246 2069 ''
289 2065 517 2093 contextum
572 2054 796 2091 extenditur
849 2055 899 2091 ad
949 2055 1077 2090 Deum
1132 2062 1168 2090 et
1220 2052 1399 2089 subiecto
1456 2051 1610 2089 homini

289 2115 508 2151 secundum
549 2112 730 2161 superius
771 2121 807 2149 et
846 2111 1021 2157 inferius⁷
1061 2113 1110 2148 ad
1151 2110 1303 2148 amicos
1344 2120 1380 2147 et
1425 2110 1610 2146 inimicos

289 2173 508 2209 secundum
544 2173 724 2208 dextrum
759 2180 796 2208 et
829 2169 1048 2215 sinistrum,
1083 2171 1132 2206 ad
1156 2178 1289 2218 patres
1323 2178 1359 2205 et
1393 2169 1546 2217 priores
1574 2177 1611 2204 et

289 2239 499 2279 sequentes
545 2231 765 2266 secundum
811 2237 902 2266 ante
948 2237 984 2265 et
1029 2236 1149 2273 retro,
1198 2228 1416 2264 secundum
1464 2226 1610 2262 limites

291 2288 488 2333 caritatis:
529 2287 671 2336 recipit
710 2296 844 2324 autem
886 2288 961 2324 hoc
995 2294 1078 2323 rete
1112 2287 1204 2322 dum
1240 2287 1395 2323 laxatur
1428 2285 1467 2320 in
1501 2297 1610 2321 mare

233 2350 248 2360 ⁶
290 2346 413 2384 seculi
458 2359 529 2395 per
573 2345 774 2383 foramina
818 2358 943 2394 aquas
982 2344 1259 2381 tribulacionis
1302 2344 1503 2380 mundane
1542 2344 1610 2380 sed

363 2595 382 2614 1.
403 2587 432 2614 A
452 2586 482 2613 in
504 2594 617 2621 marg:
639 2584 663 2613 3.
745 2585 769 2623 3.-
790 2587 819 2613 A
839 2586 868 2613 in
891 2593 1004 2621 marg:
1025 2594 1054 2619 4.
1135 2584 1159 2612 5.
1181 2585 1209 2611 A
1230 2584 1260 2611 in
1283 2593 1396 2619 marg:
1419 2584 1442 2611 5.
1518 2583 1545 2611 ὁ.
1567 2584 1610 2611 A:

293 2627 424 2650 terram:
452 2621 492 2648 ib.
513 2622 542 2648 A
562 2621 592 2648 in
614 2629 727 2655 marg:
750 2624 778 2647 o.
877 2620 903 2648 8.
925 2621 955 2648 A
974 2620 1005 2647 in
1026 2628 1139 2654 marg:
1162 2628 1187 2654 7.
1279 2628 1308 2655 9.
1331 2619 1371 2646 C:
1393 2618 1612 2646 ammicnlum:

294 2656 332 2683 ib.
348 2657 375 2683 A
391 2656 419 2683 in
443 2664 557 2691 marg:
578 2655 604 2681 8.
681 2663 717 2682 12.
739 2655 804 2682 BC:
826 2655 856 2683 in
877 2655 1125 2682 christianismo:
1147 2654 1185 2681 ib.
1202 2654 1245 2680 A:
1268 2654 1297 2681 in
1319 2654 1419 2681 deest:
1441 2653 1480 2680 ib.
1495 2653 1560 2680 BC:
1581 2658 1612 2679 ut

293 2691 386 2718 deest.
462 2689 499 2718 13.
521 2691 549 2717 A
570 2690 598 2717 in
622 2698 736 2725 marg:
781 2712 786 2717 .
862 2699 902 2724 14-
925 2689 991 2717 BC:
1013 2689 1050 2717 ad
1071 2689 1250 2717 ecclc-siam:
1272 2689 1311 2715 ib.
1334 2689 1361 2715 A
1382 2688 1412 2715 in
1435 2696 1547 2722 marg:
1571 2696 1610 2715 ιο.

295 2726 331 2753 15.
354 2725 420 2752 BC:
450 2725 597 2760 possidet.
690 2725 729 2752 18.
805 2725 835 2752 in
864 2733 977 2760 marg:
1008 2723 1124 2752 Sensus
1155 2723 1375 2758 tropologicus.
1468 2730 1512 2749 20.
1534 2723 1562 2749 A
1582 2722 1611 2749 in

294 2769 407 2793 marg:
432 2769 457 2788 1:
488 2760 528 2786 ib.
552 2759 617 2787 BC:
641 2759 831 2798 religionem.
947 2767 985 2786 21.
1008 2760 1036 2786 A
1057 2759 1086 2785 in
1110 2767 1222 2792 marg:
1245 2766 1270 2785 2,
1386 2765 1429 2786 22.
1452 2756 1494 2784 23.
1516 2757 1560 2784 A:
1582 2757 1610 2783 in

294 2794 496 2821 extractione.
581 2802 627 2828 24.
649 2795 676 2821 A
698 2803 727 2821 m
750 2803 862 2829 marg:
884 2793 908 2821 3.
995 2794 1041 2821 26.
1063 2794 1106 2820 A:
1131 2798 1189 2820 rete
1211 2792 1336 2821 caricis:
1364 2792 1404 2819 ib.
1426 2792 1471 2822 A:
1493 2792 1611 2818 aranie:

294 2830 333 2857 ib.
355 2831 398 2858 A:
421 2829 479 2856 nisi
501 2830 584 2856 fiunt.
676 2837 719 2864 27.
741 2830 769 2856 A
789 2829 818 2855 in
841 2837 954 2864 marg:
976 2834 1036 2855 rete
1058 2828 1184 2855 Christi.
1276 2827 1319 2854 28.
1341 2828 1385 2854 A:
1408 2826 1611 2854 invincibilis.

295 2870 354 2891 rete
375 2869 475 2891 antem
498 2864 630 2892 Christi:
652 2864 691 2891 C:
713 2863 899 2890 invincibilis
920 2863 1056 2890 caritatis
1077 2862 1190 2889 Christi
1215 2862 1254 2888 in.
1336 2869 1382 2892 20-
1404 2862 1447 2888 A:
1470 2866 1497 2888 et
1518 2861 1611 2888 deest.

293 2898 339 2927 30.
363 2898 427 2926 BC:
451 2899 594 2926 subiecta.
669 2898 711 2926 33.
732 2899 775 2926 A:
797 2903 824 2925 et
845 2899 1024 2925 secundnm.
1098 2896 1144 2931 34.
1167 2898 1209 2924 A:
1232 2901 1331 2923 autem
1355 2894 1447 2923 deest.
