2017 3353
152 292 224 326 136
732 302 962 334 JOHANNIS
988 302 1172 334 wvcmr
1199 303 1457 336 sERMONUM
1513 291 1663 348 [SERMO
1687 303 1749 330 xx·

1767 397 1827 428 Fol

1771 442 1848 475 155R

144 400 249 462 annUf'
271 405 376 462 sstgk‘l'ssff
393 435 419 461 is
435 407 579 443 atrium
605 421 698 444 vero
722 421 836 444 suum
862 418 918 445 est
944 408 1062 445 miser
1086 422 1204 457 quem
1228 409 1437 456 inhabitat,
1468 407 1472 464 Ι
1501 412 1568 447 sed
1591 412 1752 460 forcior

169 470 217 496 the
239 470 349 497 wrctch
372 469 404 508 in,
434 466 605 501 demone
639 475 696 502 est
730 466 917 502 dominus
950 476 1086 503 noster
1117 469 1226 503 Jesus
1261 468 1441 505 Christus
1480 470 1751 518 superveniens

146 504 416 567 uhognbitdheesucxil
436 523 493 569 (ut
517 524 635 571 plane
659 532 767 571 patet
790 524 830 560 in
853 529 1006 572 opere),
1031 524 1098 573 qui
1123 538 1235 561 arma
1258 538 1340 571 sua,
1375 527 1450 563 hoc
1474 535 1543 572 est,
1576 528 1750 564 cautelas

431 581 654 629 temptandi
689 582 864 627 abstulit,
902 584 959 629 (ut
992 591 1100 631 patet
1134 583 1300 619 Matthei
1331 586 1379 620 IV
1413 593 1449 620 et
1481 597 1602 633 supra
1634 598 1751 633 expo-

430 638 538 674 nitur
577 640 771 676 Sermone
809 641 983 688 XV1110>.
1030 643 1130 677 Nam
1176 640 1216 676 in
1255 641 1331 677 illis
1370 642 1534 679 cautelis
1580 643 1750 680 maxime
1790 645 1806 678 5

431 697 670 742 confidebat,
705 706 741 733 et
774 697 954 734 Christus
995 698 1103 735 dedit
1142 699 1305 735 ecclesie
1343 700 1564 736 remedium
1611 710 1751 738 contra

431 754 517 791 illas
557 764 593 791 et
632 755 760 803 spolia
799 755 948 792 diaboli
981 756 1172 793 membris
1204 757 1284 793 suis
1329 758 1542 805 distribuit,
1588 761 1750 807 quando

431 814 633 849 naturales
678 813 885 861 potencias
930 823 966 850 et
1009 814 1174 850 virtutes
1219 828 1317 863 quas
1361 816 1543 853 diabolus
1587 817 1749 854 abstulit

432 870 596 907 ecclesie
636 871 819 917 restituit,
860 881 896 908 et
938 873 997 919 (ut
1037 874 1154 909 habet
1193 874 1440 921 evangelium
1481 875 1663 923 Matthei)
1710 875 1749 912 in

433 929 594 965 homine
618 931 780 965 obsesso
803 938 845 965 ut
869 931 991 966 domo
1015 930 1164 967 diaboli
1189 940 1281 967 sunt
1303 945 1409 978 vasa,
1434 933 1473 969 id
1497 941 1566 979 est,
1583 943 1807 981 peccatam

431 987 470 1022 in
503 986 646 1035 quibus
679 987 867 1036 propinat
900 989 1050 1025 scelera
1083 989 1291 1037 operandi.
1316 992 1405 1038 Ipsa
1427 1000 1559 1027 autem
1585 1000 1749 1040 peccata

431 1045 534 1081 tollit
568 1044 763 1081 Dominus
799 1046 857 1093 (ut
890 1055 999 1094 patet
1027 1047 1114 1082 Joh.
1149 1048 1202 1095 10)
1239 1057 1275 1084 et
1306 1047 1470 1085 virtutes
1494 1049 1631 1086 inserit
1654 1049 1749 1098 ipsis

430 1102 532 1139 vasis
566 1103 787 1140 contrarias
832 1104 1044 1153 ipsumque
1088 1105 1237 1153 alligat,
1278 1107 1372 1142 dum
1407 1108 1592 1144 cohercet
1630 1116 1749 1156 atque

432 1160 619 1197 diminuit
652 1174 765 1198 suam
800 1162 1030 1210 potenciam
1063 1163 1293 1200 seducendi.

489 1218 639 1264 Quinto
689 1219 820 1268 arguit
865 1220 1045 1257 Christus
1096 1233 1138 1257 ex
1189 1222 1472 1259 contrarietate
1521 1222 1580 1259 sui
1630 1224 1805 1271 atque15

431 1276 581 1313 diaboli
625 1279 733 1325 quod
777 1277 816 1314 in
859 1278 1003 1315 virtute
1047 1291 1117 1315 sua
1160 1292 1241 1316 non
1284 1280 1378 1316 facit
1416 1280 1491 1317 ista
1535 1280 1748 1318 miracula:

437 1335 524 1380 Qui,
557 1334 698 1383 inquit,
733 1348 804 1372 non
828 1344 884 1372 est
914 1349 1060 1373 mecum
1093 1338 1299 1374 adversum
1334 1351 1392 1374 me
1423 1346 1490 1383 est,
1523 1347 1558 1375 et
1589 1339 1749 1388 quinon

432 1393 581 1443 colligit
605 1405 765 1441 mecum,
799 1394 1001 1445 dispergit.
1027 1395 1104 1431 Sed
1129 1395 1312 1432 diabolus
1337 1405 1393 1433 est
1418 1396 1458 1433 in
1481 1396 1564 1433 istis
1588 1397 1747 1433 Christo

432 1463 587 1487 summe
632 1451 869 1498 contrarius,
916 1465 1008 1500 ergo
1052 1466 1133 1489 non
1173 1453 1212 1489 in
1251 1453 1335 1490 istis
1373 1454 1596 1491 virtualiter
1640 1455 1747 1491 iuvat

432 1508 649 1545 Christum.
684 1509 876 1546 Diabolus
911 1510 1014 1546 enim
1054 1524 1126 1547 non
1165 1512 1314 1562 colligit
1353 1525 1442 1548 cum
1483 1512 1642 1549 Christo
1675 1513 1746 1549 Dei
1763 1524 1805 1546 20

433 1566 534 1602 filios
573 1566 612 1602 in
653 1568 818 1603 domum
858 1568 1035 1614 ecclesie,
1080 1570 1148 1605 sed
1186 1569 1388 1620 dispergit,
1428 1570 1611 1607 faciendo
1650 1571 1746 1607 divi-

432 1624 585 1660 sionem
620 1637 690 1672 per
722 1635 888 1673 peccata
911 1627 961 1662 ad
984 1639 1060 1674 que
1083 1626 1231 1663 viribus
1255 1628 1334 1664 suis
1359 1637 1540 1676 temptat.
1567 1628 1747 1665 Christus

433 1682 538 1718 enim
573 1683 709 1719 docuit
739 1684 1020 1730 humilitatem,
1056 1686 1298 1722 destruendo
1321 1686 1564 1734 superbiam,
1600 1686 1748 1735 cupivit

432 1753 565 1776 veram
606 1753 760 1788 pacem,
802 1742 1044 1778 destruendo
1084 1742 1327 1780 discordiam
1363 1753 1398 1780 et
1431 1744 1640 1781 liberando
1679 1746 1748 1781 ob-

432 1810 559 1834 sessos
598 1811 620 1835 a
660 1799 848 1835 demonio
888 1808 930 1835 ut
964 1802 1047 1836 Deo
1086 1800 1291 1847 servirent,
1332 1810 1369 1838 et
1408 1802 1601 1850 quidlibet
1641 1802 1804 1839 aliud25

432 1858 638 1903 operando
688 1856 760 1892 fuit
818 1857 1055 1894 demonibus
1106 1858 1200 1906 ipsis
1251 1859 1487 1896 contrarius
1534 1862 1749 1906 Quomodo

433 1927 525 1961 ergo
559 1914 632 1962 ipsi
666 1915 893 1962 potenciam
928 1915 1010 1952 eius
1044 1916 1238 1964 operandi
1270 1917 1522 1965 vigorarent?
1561 1920 1608 1954 Et
1647 1918 1749 1955 inter

433 1971 511 2007 alia
545 1972 725 2008 Christus
759 1973 933 2009 inculcat
967 1974 1087 2010 tacite
1119 1987 1234 2010 suum
1269 1975 1490 2012 universale
1524 1975 1746 2012 dominium

432 2031 539 2077 quod
578 2030 650 2067 soli
691 2032 774 2066 Deo
814 2040 944 2078 potest
983 2041 1224 2080 competere.
1270 2033 1357 2079 Qui,
1397 2033 1537 2081 inquit,
1578 2046 1649 2069 non
1694 2042 1748 2070 est

432 2099 577 2123 mecum
623 2089 829 2124 adversum
870 2102 928 2125 me
966 2097 1041 2134 est,·
1084 2091 1191 2138 quod
1231 2090 1270 2126 in
1317 2090 1530 2127 mundanis
1574 2091 1747 2128 dominis
1764 2093 1806 2124 30

432 2158 512 2180 non
556 2154 727 2193 oportet,
774 2159 863 2182 cum
903 2156 980 2183 stat
1021 2148 1166 2183 multos
1206 2148 1344 2184 mundi
1384 2149 1569 2185 dominos
1608 2162 1745 2185 eorum

434 2202 596 2239 cuilibet
630 2216 712 2239 esse
745 2213 921 2240 neutros.
956 2205 1032 2241 Sed
1067 2205 1250 2242 diabolus
1283 2219 1400 2254 quem
1434 2206 1613 2243 Christus
1645 2208 1747 2253 (Joh.

432 2262 553 2305 X1V0,
591 2261 655 2308 30>
686 2271 802 2297 vocat
832 2263 1047 2312 principem
1071 2263 1182 2299 huius
1204 2264 1337 2299 mundi
1357 2264 1551 2312 presumit
1575 2264 1749 2301 dividere

434 2317 656 2355 universale
702 2331 791 2355 cum
838 2320 997 2356 Christo
1044 2320 1281 2357 dominium.
1334 2322 1410 2358 Sed
1461 2330 1590 2358 totum
1641 2324 1747 2370 quod

434 2385 604 2423 occupat
644 2377 761 2412 habet
800 2377 995 2414 tirannice
1035 2387 1071 2414 et
1109 2378 1266 2415 iniuste.
1311 2381 1358 2415 Et
1403 2381 1473 2416 hec
1518 2379 1749 2428 quintuplex
1766 2381 1805 2414 35

436 2433 544 2470 racio
560 2434 706 2469 Christi
731 2436 950 2471 destrueret
974 2436 1323 2484 presumpcionem
1349 2439 1559 2485 superbam
1587 2437 1747 2474 diaboli.

493 2492 568 2527 Sed
603 2501 711 2527 sexto
744 2492 782 2527 in
816 2493 1066 2540 perfeccione
1097 2494 1332 2530 humilitatis
1356 2495 1535 2531 Christus
1559 2497 1748 2532 excedens

435 2549 639 2585 diabolum
680 2549 853 2586 inculcat
891 2551 974 2587 sine
1013 2552 1258 2599 argumentis
1301 2562 1459 2589 acutam
1504 2553 1747 2589 sentenciam

435 2616 576 2643 contra
609 2607 754 2655 ipsum.
790 2608 899 2654 Cum,
932 2609 1073 2657 inquit,
1107 2610 1312 2646 inmundus
1342 2611 1501 2660 spiritus
1532 2611 1671 2647 exierit
1702 2611 1748 2647 ab

212 1212 267 1238 llis
289 1212 350 1238 risui

195 1251 363 1279 argument.

144 1385 220 1412 How
234 1385 282 1411 the
298 1385 375 1412 dexil
392 1385 416 1411 is

155 1419 272 1454 against
293 1419 407 1447 Christ.

205 2482 260 2509 His
282 2482 359 2509 sixth

199 2522 368 2551 argument.

505 2725 524 2743 1.
546 2717 590 2743 A:
612 2721 656 2743 est
677 2717 823 2752 inquam:
846 2718 885 2745 ib.
902 2720 946 2745 A:
969 2719 1082 2746 sorcior
1096 2720 1229 2747 diabolo,
1268 2727 1293 2747 2.
1310 2720 1348 2747 B:
1370 2725 1413 2747 est
1435 2736 1463 2740 —
1486 2720 1627 2748 Christus
1647 2721 1746 2750 deest:

435 2750 474 2777 C:
497 2756 600 2777 noster
619 2751 712 2779 deest.
786 2751 810 2779 3.
831 2753 875 2780 A:
898 2754 986 2788 plane
1008 2759 1054 2785 ut:
1085 2754 1124 2781 B:
1148 2763 1239 2790 opere
1259 2759 1303 2781 est
1323 2755 1468 2782 dominus
1486 2755 1574 2782 Jesus
1594 2755 1745 2782 Christus.

434 2794 459 2819 7.
483 2785 521 2811 C:
545 2786 622 2812 illos.
716 2795 756 2813 10.
778 2788 822 2814 A:
845 2787 990 2816 absesso:
1020 2788 1059 2815 ib.
1076 2789 1119 2817 A:
1142 2798 1213 2816 vasa
1234 2793 1261 2816 et
1282 2794 1413 2824 peccata.
1505 2798 1538 2817 11.
1560 2790 1603 2816 A:
1626 2795 1747 2824 peccata

435 2820 527 2846 deest.
620 2819 656 2847 13.
679 2821 722 2848 A:
746 2822 863 2856 allegat.
962 2823 1003 2850 15.
1024 2824 1051 2850 A
1073 2823 1101 2850 iu
1124 2832 1237 2858 marga
1260 2823 1284 2851 5.
1375 2832 1414 2853 21,
1436 2832 1479 2851 22.
1502 2823 1541 2851 C:
1563 2823 1745 2851 divisionem

435 2854 597 2888 perfectam
621 2860 720 2890 utque.
767 2855 806 2883 31.
828 2856 896 2883 BC:
920 2857 1017 2884 multi.
1066 2857 1108 2886 35.
1125 2859 1168 2886 A:
1191 2857 1369 2894 quintiplex.
1417 2857 1460 2894 37.
1482 2860 1510 2887 A
1530 2858 1559 2886 iu
1581 2867 1694 2895 marg:
1717 2858 1744 2886 6.

503 2923 534 2958 9.
563 2913 681 2947 Matth.
710 2915 781 2955 XII,
810 2926 862 2961 29.
