2017 3353
221 240 357 270 SERMO
379 230 464 289 xv]
735 245 873 278 pfflMA
895 247 1022 279 PARS.
1745 254 1754 278 i
1767 243 1816 279 05

221 350 311 387 liter
355 352 516 399 quando
561 350 747 387 ociantur
791 351 831 388 in
876 365 996 400 opere
1044 353 1176 390 minus
1223 354 1417 391 laudabili
1472 357 1530 392 in-

221 417 373 445 stanter
416 409 690 445 intenderent?
743 411 959 455 Quomodo
1004 423 1084 447 non
1130 412 1231 448 foret
1275 421 1380 449 terra
1428 426 1532 450 nunc

221 466 366 503 sterilis
411 467 536 515 magis
582 468 753 504 herbosa
797 481 842 505 ac
886 469 1151 516 produccioni
1196 478 1396 507 astrorum
1445 472 1533 519 plus

220 525 535 572 proporcionata
569 534 605 561 et
637 525 814 573 undique
836 526 1000 563 utilitati
1026 527 1192 564 ecclesie
1221 528 1310 575 plus
1333 530 1533 566 consona?

187 584 332 619 §Tunc
381 582 485 619 enim
532 592 638 620 terra
682 596 759 632 que
806 584 886 621 iam
933 593 990 622 est
1034 585 1123 633 plus
1163 586 1308 623 sterilis
1363 587 1452 635 plus
1493 587 1532 623 in

219 640 509 689 vegetabilibus
542 641 757 679 salubriter
789 643 1020 691 exspiraret.
1066 646 1115 680 Et
1147 643 1202 681 ita
1235 644 1341 681 iuxta
1373 654 1532 682 senten-

219 699 322 736 ciam
353 699 499 736 Christi
540 699 646 736 Luce
685 701 748 740 XI,
788 700 919 737 omnis
966 701 1223 749 superfluitas
1256 702 1295 739 in
1329 703 1532 740 alimentis

123 786 184 817 FO,
217 758 277 793 vel
312 757 552 805 tegumentis
585 757 760 795 hominis
788 758 882 796 facit
904 758 1161 796 influenciam
1187 760 1373 797 celestem
1401 761 1532 798 minus

128 810 391 864 ¹5221validam
435 824 472 852 et
506 827 577 863 per
620 828 870 865 consequens
913 826 1038 854 totam
1088 817 1091 864 Ι
1133 819 1394 856 habitabilem
1437 832 1531 856 con-

166 889 203 910 10
219 873 374 909 fusione
413 873 572 921 plenam
616 883 653 910 et
691 887 810 912 unam
842 883 1000 924 gentem
1035 875 1163 923 bellis,
1198 876 1458 928 pestilenciis,
1494 887 1532 914 et

218 930 306 968 aliis
340 940 442 968 terre
476 932 652 969 motibus
685 933 852 970 alteram
877 934 1227 981 comprimentem.
1262 938 1312 972 Et
1341 936 1399 972 sic
1422 943 1532 984 patet

218 990 423 1037 quomodo
457 990 624 1026 tercium
661 993 898 1028 mandatum
933 991 1062 1039 prime
1095 993 1231 1030 tabule
1263 993 1407 1030 alludit
1438 994 1530 1031 huic

218 1047 430 1084 sentencie.
477 1049 579 1085 Nam
627 1049 752 1086 Exodi
786 1051 888 1096 XX⁰‚
931 1051 953 1086 8
999 1050 1204 1088 scribitur:
1253 1053 1447 1089 AIemento
1492 1060 1532 1089 ut
1559 1061 1601 1090 3m
1622 1062 1807 1090 commend-

218 1107 316 1142 diem
355 1106 514 1142 sabbati
549 1108 774 1158 sanctifices.
821 1109 894 1145 Sex
932 1108 1039 1145 enim
1079 1109 1219 1146 diebus
1260 1111 1310 1147 ad
1344 1109 1531 1147 similitu-
1558 1097 1804 1161 nssssng'bsfffiyedt?

164 1170 200 1202 15
218 1164 351 1200 dinem
378 1164 633 1212 operacionis
657 1165 789 1203 divine
812 1166 904 1203 licet
928 1166 1083 1203 homini
1107 1167 1342 1205 seculariter
1357 1169 1529 1217 operari,

217 1223 286 1259 sed
330 1222 502 1270 septimo
541 1222 605 1260 die
645 1224 762 1260 debet
800 1225 850 1261 ad
890 1224 1196 1262 similitudinem
1237 1226 1308 1263 Dei
1352 1235 1531 1263 contem-

217 1280 393 1328 placioni
426 1280 646 1327 intendere,
681 1282 982 1319 conversacioni
1016 1283 1215 1331 spirituali
1239 1286 1289 1321 ad
1312 1284 1529 1322 utilitatem

219 1337 382 1386 spiritus
407 1339 597 1387 precipue
620 1341 800 1388 operari3
833 1353 905 1377 nec
938 1341 1085 1378 sufficit
1117 1342 1272 1386 homini
1297 1342 1335 1379 in
1359 1356 1530 1391 persona

218 1410 289 1433 sua
322 1397 428 1433 istud
462 1397 660 1434 monitum
695 1399 907 1436 observare
940 1398 1016 1436 nisi
1050 1399 1089 1436 in
1122 1400 1213 1437 filiis
1247 1411 1283 1437 et
1314 1401 1352 1437 in
1377 1401 1530 1438 familia

161 1471 201 1493 20
219 1464 255 1491 et
299 1454 339 1490 in
384 1455 472 1492 aliis
511 1468 587 1504 que
629 1465 720 1493 sunt
759 1459 830 1494 sub
869 1470 942 1494 suo
984 1457 1175 1505 regimine
1220 1460 1295 1496 hoc
1329 1461 1528 1497 observet.

217 1513 433 1561 Supposita
467 1522 600 1550 autem
636 1515 801 1552 veritate
834 1515 980 1563 quietis
1015 1517 1086 1553 Dei
1126 1529 1202 1564 que
1234 1530 1315 1554 non
1349 1519 1467 1555 debet
1490 1518 1530 1554 in

216 1580 302 1607 toto
341 1571 525 1619 regimini
565 1573 740 1610 hominis
779 1574 1037 1621 conformari,
1078 1584 1173 1611 nota
1212 1576 1378 1612 ulterius
1422 1577 1530 1625 quod

217 1629 320 1666 sicut
365 1630 480 1666 Judei
520 1631 623 1667 diem
665 1631 882 1679 septimum
930 1645 1002 1680 pro
1043 1635 1212 1670 sabbato
1250 1635 1527 1681 observarunt,
1562 1648 1691 1684 Cnange
1711 1650 1791 1678 from

217 1687 272 1724 sic
324 1687 527 1725 christiani
584 1688 688 1725 diem
745 1698 932 1727 octavum
989 1691 1049 1727 vel
1101 1691 1206 1728 diem
1263 1692 1527 1730 dominicum.
1580 1685 1784 1756 sastgffigff

159 1752 198 1784 25
217 1746 387 1793 Oportet
431 1746 536 1782 enim
586 1747 625 1783 in
672 1748 744 1784 hac
797 1748 1018 1786 cerimonia
1057 1750 1311 1787 christicolas
1359 1751 1526 1797 variare,

217 1803 447 1851 specialiter
479 1817 569 1841 cum
604 1805 796 1854 precipua
829 1819 950 1843 causa
990 1807 1136 1855 quietis
1177 1808 1216 1844 in
1255 1810 1424 1845 sabbato
1457 1809 1530 1845 fuit

216 1862 327 1910 quies
359 1862 514 1899 domini
549 1863 587 1899 in
620 1865 817 1911 sepulcro.
854 1866 939 1910 Que
973 1878 1063 1901 cum
1098 1867 1277 1914 preteriit
1311 1880 1383 1903 nec
1405 1867 1527 1904 alium

218 1929 508 1968 exspectamus,
542 1933 703 1958 necesse
736 1931 795 1959 est
817 1932 860 1958 ut
882 1922 1001 1960 aliam
1037 1924 1192 1961 sabbati
1225 1925 1527 1962 observanciam

217 1978 367 2015 variata
401 1979 620 2016 cerimonia
653 1982 924 2020 observemus,
970 1983 1047 2018 Sed
1081 1995 1171 2018 cum
1215 1983 1277 2020 die
1324 1985 1530 2020 dominico

159 2044 201 2076 30
217 2049 293 2084 que
326 2037 398 2073 fuit
430 2037 561 2085 prima
595 2038 677 2075 dies
711 2051 790 2086 qua
822 2041 929 2076 Deus
964 2041 1158 2077 mundum
1194 2042 1376 2078 condidit
1400 2055 1529 2078 resur-

218 2095 314 2131 rexit
353 2104 390 2131 et
430 2095 614 2143 spiritum
651 2106 834 2134 sanctum
878 2098 999 2144 misit,
1041 2098 1245 2147 signanter
1283 2100 1322 2136 in
1363 2099 1431 2136 illo
1466 2100 1530 2137 die

217 2162 274 2189 est
318 2154 589 2191 sabbatizacio
634 2155 873 2192 christicolis
918 2156 1112 2196 facienda.
1158 2160 1206 2194 Et
1249 2168 1394 2205 quarto
1438 2171 1528 2194 cum

217 2210 287 2247 illo
321 2211 383 2248 die
415 2215 473 2258 (ut
505 2212 676 2249 fideliter
697 2213 875 2250 creditur
907 2227 950 2251 ex
983 2215 1196 2263 scriptura)
1220 2218 1325 2253 Deus
1350 2217 1528 2253 seculum

217 2269 411 2306 iudicabit
450 2279 487 2307 et
524 2283 664 2308 omnes
703 2271 992 2309 beatificandos
1032 2273 1070 2309 in
1109 2274 1269 2311 sedibus
1315 2275 1529 2312 celestibus

160 2335 199 2367 35
217 2327 444 2365 collocabit.
499 2331 586 2376 Ipsa
634 2329 737 2366 enim
789 2330 863 2366 erit
910 2332 1183 2369 sabbatizacio
1237 2332 1275 2368 in
1321 2346 1399 2381 qua
1446 2342 1529 2369 tota

218 2385 385 2422 ecclesia
430 2386 602 2423 finaliter
645 2388 870 2435 requiescit.
930 2390 1076 2426 Habito
1123 2390 1258 2438 itaque
1305 2392 1412 2439 quod
1457 2391 1531 2427 erit

217 2443 486 2482 sabbatizacio
521 2445 648 2482 fidelis
683 2446 722 2482 in
755 2447 829 2483 hac
853 2446 916 2483 die
939 2448 1156 2495 dominica,
1192 2458 1374 2497 superest
1396 2449 1529 2485 videre

216 2503 420 2549 quomodo
465 2503 539 2539 erit
582 2503 658 2541 ista
697 2504 969 2542 sabbatizacio
1009 2519 1031 2543 a
1076 2506 1258 2544 fidelibus
1303 2508 1527 2544 observata.

283 2670 308 2709 ᾗ.
328 2671 372 2698 Α;
395 2672 463 2706 plus
485 2672 579 2699 deest.
645 2673 673 2700 6.
694 2672 759 2701 BCt
782 2674 957 2710 extirparet.
1048 2684 1073 2710 7.
1097 2676 1162 2705 BC:
1184 2677 1265 2705 Luce
1285 2677 1372 2709 XXI:
1395 2678 1435 2704 ib.
1458 2677 1528 2704 BC:

215 2711 242 2732 et
257 2705 424 2739 aliinentis;
446 2706 468 2733 B
488 2714 570 2734 corr.
591 2715 628 2734 ex
647 2708 811 2736 alimentis.
939 2718 973 2737 ιι.
993 2712 1038 2738 A:
1070 2711 1219 2745 metibus;
1247 2713 1286 2739 ib.
1309 2713 1336 2739 A
1357 2712 1386 2739 in
1409 2720 1526 2746 marg:

214 2741 342 2778 tercium
385 2742 581 2779 mandatum;
620 2742 641 2768 B
672 2743 702 2770 in
738 2751 853 2779 marg:
891 2743 1059 2780 Exposicio
1095 2747 1232 2774 mandati
1267 2747 1347 2774 tertii
1375 2747 1526 2785 decalogi.

213 2781 256 2816 ¹9:
272 2776 315 2802 A:
337 2776 390 2803 sed
411 2778 824 2812 septimo—operarideest.
887 2779 928 2806 18.
945 2781 986 2807 A:
1006 2780 1055 2807 hic
1078 2781 1247 2817 sufficimp.
1321 2783 1367 2808 A:
1396 2781 1463 2808 filiis
1485 2789 1526 2809 in.

212 2816 256 2847 ²³:
277 2810 322 2836 A:
344 2811 509 2843 septimam
525 2832 531 2838 .
548 2832 554 2837 .
571 2831 578 2838 .
593 2817 735 2840 octavam
751 2833 757 2840 .
775 2833 781 2839 .
797 2814 1002 2841 dominicum.
1057 2815 1096 2842 25.
1117 2817 1162 2843 A:
1184 2816 1243 2844 Sed
1265 2816 1356 2843 enim.
1413 2817 1458 2842 25.
1480 2817 1523 2843 A:

213 2844 305 2880 aliam
331 2845 449 2872 sabbati
476 2847 584 2878 aliam:
618 2846 659 2873 ib.
683 2847 703 2873 Β
731 2849 761 2874 in
789 2856 905 2882 marg:
967 2857 1002 2876 ue
1031 2849 1111 2876 Deus
1139 2851 1187 2877 die
1216 2851 1376 2879 dominico
1406 2851 1477 2877 fecit
1497 2856 1525 2878 et

213 2878 295 2906 factt.
315 2886 362 2914 29.
383 2882 411 2907 Α
431 2881 461 2907 in
481 2888 595 2915 marg.;
618 2881 709 2910 Nota.
781 2882 827 2911 36.
849 2882 916 2911 BC:
960 2884 1068 2912 naliter
1088 2884 1198 2913 deest-¹
