2017 3353
245 268 322 313 340
824 272 1052 305 JOHANle
1072 272 1256 305 wchF
1275 271 1536 304 SERMONUM
1623 255 1774 314 [SERMO
1795 267 1843 316 Li.

529 386 584 414 est
617 391 780 428 regnum
813 379 982 414 celorum
1016 390 1144 428 grano
1177 378 1339 428 synapis
1371 377 1473 425 quod
1503 383 1698 425 acceptum
1733 375 1844 410 homo

529 436 632 472 misit
664 437 699 471 in
733 444 859 471 ortum
898 449 1007 472 suum
1041 443 1077 472 et
1107 436 1228 472 crevit
1260 443 1295 471 et
1315 436 1472 483 factum
1511 442 1565 470 est
1597 435 1632 469 in
1665 434 1844 469 arborem

531 507 714 544 magnam
767 502 802 530 et
854 494 1029 529 volucres
1073 494 1145 530 celi
1187 494 1455 542 requieverunt
1505 492 1540 527 in
1586 492 1705 527 ramis
1754 491 1843 526 eius.

532 554 664 600 Ipsum
699 560 833 588 autem
868 563 1003 587 semen
1044 551 1084 587 in
1114 552 1238 587 Judea
1278 560 1336 587 est
1371 550 1582 586 minimum
1617 549 1718 585 inter
1752 547 1846 583 seri-

534 609 627 646 bilia
667 618 703 645 et
742 619 877 645 tamen
923 609 1056 645 statim
1099 609 1240 645 crescit
1281 608 1319 644 in
1358 609 1444 643 olus
1479 609 1603 644 latum
1639 616 1674 642 et
1708 610 1880 654 posteafi

534 668 573 704 in
606 669 827 709 arbustum,
869 667 969 703 sicut
1009 676 1067 703 est
1106 668 1153 703 de
1193 666 1332 703 malvis
1373 675 1408 702 et
1449 665 1584 701 multis
1617 664 1706 701 aliis
1746 673 1848 700 terre

534 726 804 763 nascentibus.

247 791 520 821 Thefflmrchlikc
594 785 966 831 Correspondenter
1000 782 1167 819 ecclesia
1191 796 1212 819 a
1237 795 1409 831 persona
1432 783 1546 817 beate
1578 779 1740 828 virginis
1775 791 1850 827 que

269 825 498 895 ῃῇξῇῗῖῇξᾶξῗὲξῗ
538 852 595 878 est
629 841 760 878 unitas
795 841 1062 877 multitudinis
1096 840 1217 876 crevit
1250 842 1299 876 ad
1334 839 1630 876 multitudinem
1663 850 1851 874 numero-

317 891 451 933 grou-fh.
540 913 638 945 sam,
675 900 730 935 sic
764 901 869 947 quod
909 898 1037 947 angeli
1078 898 1144 946 qui
1183 898 1458 945 intelliguntur
1490 898 1671 934 volucres
1706 895 1777 932 celi
1812 895 1850 930 in
1872 910 1909 931 ιο

541 958 674 994 multis
720 957 842 993 ramis
887 956 1053 993 ecclesie
1096 956 1371 1004 requiescunt:
1424 964 1460 992 et
1510 955 1565 991 sic
1616 953 1851 1001 accipiendo

539 1017 657 1052 fidem
691 1028 764 1063 pro
797 1015 874 1051 fide
906 1014 1059 1051 credita
1090 1015 1165 1050 hoc
1198 1027 1365 1062 granum
1400 1012 1560 1061 synapis
1594 1021 1651 1048 est
1685 1010 1852 1048 ecclesia

540 1082 677 1110 sancta
711 1072 922 1109 catholica.
964 1072 1074 1109 Sicut
1113 1081 1245 1108 autem
1281 1073 1355 1107 hoc
1394 1084 1562 1119 granum
1597 1071 1644 1106 ad
1684 1069 1761 1106 alia
1795 1077 1852 1104 est

540 1132 579 1167 in
618 1131 841 1180 quantitate
881 1131 1085 1166 modicum
1126 1131 1193 1166 sed
1232 1130 1377 1166 virtute
1416 1141 1619 1176 magnum,
1660 1127 1715 1163 sic
1757 1127 1853 1162 fides

540 1202 616 1237 que
650 1189 824 1225 creditur
848 1197 884 1224 et
909 1189 1005 1224 fides
1040 1200 1117 1236 qua
1150 1187 1337 1233 creditur,
1372 1196 1408 1223 et
1432 1187 1533 1223 sicut
1568 1185 1727 1233 synapis
1762 1187 1911 1220 eon-15

541 1247 634 1283 trita
667 1247 705 1283 in
739 1246 949 1294 synapium
985 1246 1165 1282 dissolvit
1199 1247 1386 1281 humores
1420 1244 1596 1280 lubricos
1631 1252 1666 1279 ct
1701 1242 1855 1290 mitigat

543 1304 696 1341 humidi
729 1304 951 1353 appetitum
987 1313 1022 1340 et
1055 1313 1215 1351 gustum
1240 1316 1286 1340 ac
1309 1316 1504 1351 organum
1539 1302 1709 1339 olfactus
1743 1309 1857 1336 acute

543 1365 698 1408 alterat,
724 1363 1087 1410 correspondentes
1106 1362 1202 1397 fides
1222 1362 1394 1397 formata
1414 1359 1706 1397 fluxibilitatem
1724 1371 1855 1394 rerum

543 1420 828 1468 temporalium
863 1420 956 1456 serit
988 1419 1245 1468 pauperibus,
1286 1431 1377 1455 cum
1409 1418 1501 1455 fecit
1533 1418 1740 1466 apostolos
1773 1429 1858 1452 om-

543 1479 610 1515 nia
649 1491 720 1514 sua
758 1478 984 1526 relinquere
1023 1486 1060 1513 et
1092 1490 1163 1525 per
1196 1489 1446 1525 consequens
1480 1475 1670 1523 extinguit
1703 1483 1858 1522 tempo-
1876 1487 1917 1508 20

545 1537 689 1573 ralium
728 1535 951 1584 appetitum
992 1544 1028 1571 et
1067 1535 1191 1571 tercio
1230 1535 1323 1571 facit
1363 1534 1499 1570 fideles
1539 1542 1699 1582 gustare
1738 1544 1858 1580 quam

546 1594 678 1631 suavis
723 1603 781 1630 est
814 1593 1010 1629 Dominus
1057 1602 1093 1629 et
1137 1594 1245 1641 quod
1283 1593 1356 1629 sint
1394 1605 1478 1628 cum
1513 1591 1696 1641 Apostolo
1742 1591 1861 1625 bonus

547 1654 645 1688 odor
666 1653 762 1688 Deo.
797 1652 874 1687 Sed
906 1651 1025 1687 istam
1059 1651 1179 1686 fidem
1213 1650 1373 1698 synapis
1406 1658 1566 1698 oportet
1599 1661 1688 1685 cum
1713 1646 1861 1684 Christi

547 1710 757 1758 penalibus
791 1709 1066 1754 commiscere,
1101 1708 1194 1757 quia
1217 1708 1341 1744 nichil
1372 1709 1461 1756 plus
1496 1709 1705 1744 roboraret
1733 1704 1861 1741 homi-

547 1781 638 1805 nem
690 1767 731 1804 in
781 1768 855 1803 hac
900 1767 977 1802 fide
1021 1779 1141 1815 quam
1193 1765 1487 1802 considerando
1536 1765 1741 1814 quomodo
1787 1764 1862 1799 hoc
1879 1768 1918 1800 25

548 1839 717 1874 granum
751 1824 940 1861 frumenti
974 1826 1082 1872 quod
1115 1833 1173 1860 est
1197 1826 1303 1860 Deus
1338 1833 1374 1860 et
1407 1824 1529 1859 homo
1562 1832 1644 1858 tam
1677 1822 1860 1870 penalem

550 1893 587 1920 et
618 1895 837 1932 pauperem
870 1882 991 1918 vitam
1027 1881 1146 1918 duxit.
1174 1881 1443 1918 Conversacio
1476 1880 1611 1929 itaque
1644 1892 1715 1916 sua
1748 1880 1863 1915 debet

551 1954 636 1978 esse
669 1941 852 1977 fidelibus
893 1941 1181 1977 salsamentum
1215 1948 1297 1976 tam
1331 1941 1380 1976 ad
1413 1939 1587 1987 perfecte
1620 1938 1863 1974 credendum

551 2012 671 2048 quam
712 1999 839 2035 eciam
879 1999 928 2034 ad
968 1997 1171 2034 meritorie
1215 1999 1479 2046 operandum.
1524 1999 1572 2032 Et
1616 2004 1724 2044 patet
1768 2007 1865 2042 quo-

552 2059 674 2093 modo
706 2065 845 2104 pastus
879 2056 1011 2092 anime
1041 2057 1173 2104 quoad
1207 2055 1339 2091 cibum
1375 2062 1412 2091 et
1442 2063 1583 2102 potum
1618 2066 1707 2089 cum
1742 2053 1863 2089 salsa-
1883 2056 1923 2088 30
1974 2062 1978 2065 ·

553 2115 697 2151 mentis
726 2116 843 2150 debet
872 2114 1037 2150 omnino
1069 2112 1217 2160 suscipi
1248 2113 1444 2149 onlinate.
1470 2114 1571 2148 Nam
1601 2124 1692 2147 caro
1722 2110 1869 2146 Christi

554 2185 643 2209 vere
685 2180 740 2209 est
783 2172 887 2208 cibus
930 2179 965 2207 et
992 2167 996 2225 Ι
1025 2172 1185 2221 sangnis
1229 2171 1307 2207 eius
1348 2183 1435 2206 vere
1472 2177 1527 2206 est
1566 2177 1683 2218 potus
1720 2167 1865 2205 anime.
1885 2160 1965 2220 [ΓΜ-ῃ

554 2230 610 2267 sic
643 2231 751 2278 quod
784 2229 889 2266 acies
924 2229 1109 2265 dencium
1150 2229 1190 2264 in
1225 2227 1422 2276 superiori
1456 2227 1689 2263 mandibula
1722 2227 1866 2261 debent
1889 2206 1949 2238 ¹8⁰

555 2290 625 2324 has
650 2297 783 2336 partes
807 2286 955 2324 Christi
981 2287 1196 2322 efficaciter
1220 2285 1436 2322 memorari
1470 2294 1506 2320 et
1541 2285 1646 2321 acies
1680 2283 1866 2319 dencium

555 2346 595 2382 in
648 2345 825 2381 inferiori
878 2344 1111 2380 mandibula
1164 2345 1307 2379 debent
1361 2344 1410 2379 ad
1463 2343 1580 2379 istam
1627 2341 1866 2378 memoriam
1885 2344 1924 2376 35

556 2403 759 2439 meritorie
791 2402 963 2450 operari.

340 2468 472 2507 ‹up-ists
615 2461 800 2497 Secundo
843 2459 976 2495 notari
1027 2467 1159 2507 potest
1206 2471 1248 2494 ex
1293 2459 1368 2494 hoc
1414 2457 1618 2505 evangelio
1664 2457 1869 2505 quomodo

305 2508 505 2537 ¹¹¹¹*³”'¹V“¹¹⁶⁵⁵'
558 2518 740 2556 Christus
786 2517 975 2565 equivoce
1019 2516 1060 2552 in
1103 2515 1414 2563 comparacione
1457 2517 1506 2552 ad
1554 2514 1653 2551 alios
1704 2513 1871 2551 remittit

627 2651 653 2679 3.
674 2653 719 2679 A:
741 2658 905 2686 magnum:
926 2650 966 2676 ib.
990 2649 1030 2677 C:
1053 2648 1274 2684 requieverant.
1348 2658 1378 2683 4,
1400 2648 1424 2676 5.
1447 2648 1514 2676 BC:
1536 2647 1703 2675 sensibilia.
1777 2646 1804 2673 0.
1826 2647 1870 2673 A:

560 2686 805 2714 arbuscentibus.
899 2684 927 2716 6,
950 2692 975 2719 7.
997 2685 1041 2711 A:
1064 2684 1141 2710 sicut
1160 2699 1193 2702 —
1215 2683 1410 2710 nascentibus
1431 2683 1525 2710 deest.
1611 2691 1639 2718 9.
1661 2683 1704 2709 A:
1726 2681 1870 2715 multipli-

560 2721 706 2749 caciouis.
781 2728 810 2756 9,
834 2728 873 2746 10.
895 2720 939 2746 A:
962 2726 1102 2745 numerO.
1177 2727 1217 2745 10.
1238 2719 1283 2746 A:
1305 2718 1347 2745 sic
1366 2733 1400 2736 —
1419 2718 1473 2744 celi
1495 2717 1588 2744 deest.
1658 2716 1694 2751 13,
1718 2725 1758 2750 14.
1778 2720 1823 2742 A:
1843 2719 1871 2741 et

561 2756 617 2783 alia
639 2760 709 2782 suut
730 2776 736 2782 .
754 2777 759 2782 .
777 2777 782 2782 .
805 2754 926 2781 modica
947 2775 953 2781 .
971 2775 977 2780 .
995 2775 1000 2780 .
1024 2761 1144 2787 magna.
1280 2761 1322 2786 14.
1345 2752 1384 2779 C:
1412 2752 1442 2778 in
1463 2752 1557 2778 deest.
1693 2751 1730 2778 15.
1752 2751 1796 2777 A:
1818 2749 1870 2776 sic.

563 2799 600 2825 17-
623 2791 668 2817 A:
698 2788 893 2817 huiusmodi:
923 2788 963 2815 ib.
985 2789 1010 2815 Α
1038 2787 1067 2814 iu
1095 2796 1208 2822 murga
1239 2788 1282 2814 De
1313 2787 1443 2822 sinapio.
1558 2786 1597 2812 ιδ’.
1620 2787 1662 2813 A:
1693 2785 1869 2812 ssuxitatcm.

562 2833 601 2855 21,
623 2833 666 2851 22.
689 2825 728 2851 C:
751 2823 897 2859 quoniam
920 2823 1033 2849 suavis.
1097 2822 1142 2849 26.
1165 2824 1208 2849 A:
1230 2822 1311 2857 quod
1334 2826 1377 2848 est
1398 2821 1491 2848 deest.
1553 2820 1595 2847 35.
1617 2822 1659 2847 A:
1683 2818 1870 2846 mandubila.

562 2859 605 2895 37.
621 2861 649 2887 A
670 2859 700 2886 iu
723 2867 835 2893 marg:
858 2857 889 2884 B.
913 2857 991 2884 Nota
1012 2857 1049 2883 de
1070 2857 1251 2883 remiss-ioue
1273 2861 1486 2891 peccatorum:
1510 2855 1529 2881 Ι),
1546 2855 1574 2881 iu
1593 2863 1704 2889 marg:
1727 2853 1871 2880 Christus

562 2893 719 2929 quomodo
741 2892 865 2920 remittit
887 2896 1009 2926 peccata
1029 2896 1056 2918 et
1077 2892 1235 2926 quomodo
1257 2890 1412 2917 sacerdos.
