2017 3353
211 1341 294 1368 since
315 1341 384 1377 they

183 1377 343 1410 proscribe
363 1383 412 1404 the

235 1413 353 1445 gospeh

155 2033 287 2062 Various
298 2044 425 2064 reasons

154 2070 216 2096 that
239 2071 284 2098 led
302 2079 371 2098 men
397 2077 425 2099 to

166 2103 270 2132 follow
293 2105 407 2134 Christ.

736 316 958 350 JOHANNIS
978 319 1161 352 WYCLIF
1190 321 1447 355 SERMONUM
1522 310 1675 368 [SERMO
1701 322 1765 350 XII.

453 419 564 456 sibus
599 430 808 470 tamquam
844 424 1010 461 heretici
1035 435 1127 462 sunt
1151 427 1358 474 culpandi.
1394 429 1622 467 Defendunt
1657 430 1761 467 enim

454 489 549 514 suos
582 490 736 516 errores
771 490 851 517 tarn
886 483 1133 529 speculative
1156 497 1277 532 quam
1304 487 1499 534 practice3
1532 489 1764 536 speculative

454 534 493 570 in
526 536 645 573 scolis
670 546 707 573 et
734 538 830 574 alibi
856 549 997 577 contra
1021 540 1156 577 fideles
1180 542 1274 579 licet
1299 543 1474 581 inaniter
1497 546 1762 593 blaterantes;

447 595 622 641 practice
674 605 809 632 autem
864 598 1148 635 continuantes
1203 600 1243 636 in
1290 614 1362 638 sua
1406 603 1576 650 perfidia
1623 614 1763 641 contra

452 651 578 699 legem
615 653 769 690 domini
803 664 840 691 et
873 654 1082 692 inferiores
1115 670 1211 694 suos
1245 659 1427 697 subditos
1451 662 1500 697 ad
1524 664 1794 710 conceptam5

452 709 655 746 maliciam
702 712 972 753 exhortantes,
1018 716 1066 751 Et
1100 725 1298 764 quantum
1334 719 1383 754 ad
1417 721 1639 756 secundum
1673 733 1760 768 gra-

451 767 546 803 dum
582 780 802 806 consensus
835 780 945 818 patet
986 773 1094 820 quod
1141 773 1314 811 maiores
1354 788 1494 812 eorum
1540 790 1761 815 venenosas

450 825 697 863 tradiciones
742 829 920 865 crebrius
964 830 1230 878 auctorizant,
1277 842 1314 869 et
1360 833 1570 871 inferiores
1620 849 1760 872 omnes

449 883 508 918 vel
541 883 707 930 plurimi
741 898 784 922 ex
816 887 1003 924 vecordia
1035 889 1093 925 vel
1127 888 1361 937 ignorancia
1393 893 1547 929 seducti
1593 906 1760 930 consen-

449 940 573 978 ciunt.
627 944 675 979 Et
709 954 905 991 quantum
941 946 990 981 ad
1024 947 1192 983 tercium
1226 950 1396 996 gradum
1427 963 1644 989 consensus
1677 965 1758 1001 quo
1779 963 1818 984 10

448 998 646 1036 omittunt
687 1003 978 1048 reprehendere
1021 1005 1079 1041 vel
1130 1005 1279 1053 iuvare,
1332 1018 1443 1055 patet
1488 1011 1597 1058 quod
1641 1009 1760 1046 nimis

448 1056 689 1102 generaliter
721 1060 984 1098 consenciunt
1018 1072 1057 1099 et
1081 1063 1137 1099 sic
1161 1076 1344 1102 summus
1369 1065 1487 1103 iudex
1510 1068 1759 1105 consciencie

448 1124 632 1152 scrutans
660 1118 782 1154 corda
816 1118 874 1154 vel
908 1120 1064 1156 nullum
1099 1121 1159 1158 vel
1192 1135 1344 1169 paucos
1378 1125 1425 1161 de
1448 1124 1533 1162 istis
1559 1126 1759 1174 religiosis

448 1171 583 1209 fideles
610 1173 798 1212 inveniet.
824 1178 904 1213 Nec
927 1177 967 1212 in
992 1177 1070 1215 isto
1095 1189 1261 1226 peccato
1285 1194 1425 1218 sumus
1449 1196 1522 1219 nos
1547 1184 1757 1229 seculares,

446 1229 537 1266 licet
590 1233 761 1280 exempti
815 1247 836 1270 a
889 1235 1183 1274 tradicionibus
1228 1240 1478 1287 pharisaicis,
1521 1242 1815 1289 simpliciter15

446 1290 667 1341 expurgati,
714 1291 945 1338 specialiter
977 1294 1016 1329 in
1049 1295 1123 1331 hoc
1157 1298 1265 1343 quod
1299 1310 1343 1334 ex
1374 1299 1573 1345 vecordia,
1620 1313 1759 1336 amore

444 1345 504 1380 vel
528 1346 676 1384 timore
709 1349 939 1387 amissionis
978 1354 1266 1399 temporalium
1301 1356 1529 1393 omittimus
1564 1358 1603 1393 in
1637 1371 1759 1394 causa

445 1403 516 1439 Dei
549 1405 758 1443 veritatem
793 1410 1004 1446 ostendere
1038 1420 1074 1447 et
1113 1412 1254 1449 fratres
1294 1424 1454 1451 nostros
1488 1416 1536 1452 ab
1570 1415 1757 1453 indurato

445 1461 614 1499 crimine
659 1477 739 1512 quo
779 1467 974 1504 sordescit
1016 1469 1185 1506 ecclesia
1225 1473 1453 1509 emendare.
1516 1476 1565 1510 Et
1598 1474 1654 1510 sic
1688 1487 1759 1521 per

445 1529 652 1558 terrestres
686 1524 885 1561 hereticos
910 1525 1013 1562 intra
1038 1528 1248 1565 ecclesiam
1272 1530 1328 1566 sic
1352 1531 1547 1578 spissatos
1573 1533 1758 1568 turbatur
1774 1543 1815 1564 20

444 1590 549 1626 aqua
583 1580 766 1617 doctrine
800 1583 977 1629 ecclesie,
1024 1586 1131 1635 quod
1178 1588 1363 1624 doctrina
1406 1590 1634 1637 evangelica
1679 1603 1755 1638 que

444 1636 568 1673 currit
603 1650 693 1674 cum
728 1639 894 1677 silencio
928 1651 985 1678 est
1019 1644 1259 1692 proscripta.

933 1826 1126 1866 SERMO
1159 1827 1246 1869 XII.

503 1924 598 1962 Cum
647 1928 899 1966 descendisset
943 1932 1055 1968 Jesus
1099 1933 1145 1968 de
1189 1942 1326 1979 monte,
1373 1943 1500 1972 secute
1542 1944 1628 1973 sunt
1668 1949 1751 1974 eum

440 1984 551 2019 turbe
582 1985 711 2022 multe.
746 1988 915 2024 Matthei
947 1990 1067 2037 Vt110‚
1109 2003 1140 2029 1.
1769 1998 1808 2030 25

499 2042 540 2076 In
573 2042 648 2079 hoc
681 2046 889 2093 evangelio
923 2058 1112 2085 narratur
1144 2049 1429 2087 instructivum
1465 2061 1502 2088 et
1528 2053 1751 2090 doctrinale

442 2098 683 2137 miraculum
738 2104 788 2139 ad
851 2104 1122 2142 edificandum
1175 2107 1399 2145 ecclesiam.
1470 2111 1553 2146 Hec
1615 2121 1749 2148 autem

441 2158 684 2203 potestativa
718 2161 902 2198 doctrina
935 2163 1174 2201 confirmata
1207 2165 1414 2202 miraculis
1439 2177 1497 2204 est
1521 2168 1751 2205 evidencior

441 2215 594 2261 populo
628 2229 750 2264 quam
775 2219 876 2256 foret
901 2221 1203 2259 demonstracio
1228 2224 1467 2261 doctrinalis
1489 2227 1748 2274 geometrica.

440 2273 723 2319 Sequebantur
769 2286 903 2314 autem
951 2280 1155 2317 Christum
1203 2281 1344 2329 populi
1398 2293 1565 2330 propter
1609 2297 1748 2321 causas
1766 2286 1806 2318 30

441 2330 698 2378 multiplices,
733 2343 776 2371 ut
810 2335 865 2370 hii
901 2348 943 2372 ex
976 2338 1198 2375 devocione
1231 2339 1456 2387 germinata
1479 2353 1521 2377 ex
1545 2341 1630 2378 eius
1649 2355 1748 2379 con-

439 2388 669 2425 versacione
714 2402 866 2439 sancta,
910 2394 965 2430 hii
1004 2405 1047 2432 ut
1087 2395 1324 2433 edificentur
1356 2411 1399 2435 ex
1432 2398 1515 2435 eius
1550 2401 1745 2449 doctrina,

439 2444 495 2480 hii
527 2457 694 2494 propter
726 2450 1003 2489 curiositatem
1041 2454 1233 2491 audiendi
1257 2468 1359 2492 nova
1383 2465 1420 2493 et
1442 2456 1602 2494 videndi
1628 2459 1747 2495 mira-

439 2503 542 2549 cula,
561 2505 738 2551 pharisei
769 2505 773 2560 Ι
801 2518 844 2545 ut
868 2509 1111 2548 insidientur
1133 2513 1387 2561 imponentes
1412 2514 1542 2552 verbis
1566 2526 1603 2553 et
1627 2516 1745 2554 factis
1762 2500 1835 2531 FOl‘

1766 2546 1845 2578 150a

506 2625 530 2654 3.
551 2627 596 2655 A:
623 2635 682 2663 qua
696 2629 817 2663 fideles;
849 2631 889 2658 ib.
915 2634 960 2660 A:
992 2633 1212 2669 blacterantes;
1244 2636 1313 2664 BC:
1345 2637 1567 2673 platernantes3
1597 2639 1636 2665 ib.
1667 2638 1687 2665 Β
1714 2640 1745 2666 in

437 2670 550 2697 marg:
573 2670 634 2689 non
657 2668 700 2690 est
721 2665 832 2700 latyna.
935 2677 964 2700 4.
987 2669 1031 2695 A:
1053 2670 1196 2702 presidia.
1305 2680 1347 2699 ιο.
1369 2672 1436 2700 ssC:
1459 2681 1629 2700 consensus
1650 2674 1745 2701 deest.

437 2705 478 2729 ¹4·
502 2696 566 2724 BC:
582 2699 737 2725 seculares
758 2702 852 2727 deest.
912 2709 951 2736 17.
974 2703 1013 2729 κε
1035 2704 1161 2731 timore:
1183 2706 1316 2734 correxit
1334 2707 1465 2735 timoris,
1521 2716 1566 2743 29.
1589 2708 1654 2736 BC:
1675 2716 1744 2743 geo-

437 2732 560 2759 metrica
582 2732 677 2759 deest.
739 2734 784 2761 30.
806 2737 850 2762 A:
872 2738 979 2771 populi
1001 2738 1104 2771 deest;
1121 2739 1161 2765 ib.
1185 2740 1206 2767 B
1229 2741 1257 2767 in
1281 2749 1396 2775 marga
1419 2742 1536 2769 niverst
1558 2743 1688 2770 diversis
1709 2751 1745 2769 ex

436 2767 538 2793 causis
559 2766 717 2795 Christum
739 2770 960 2803 sequebantur.
1089 2774 1126 2800 31.
1152 2774 1172 2800 l}
1191 2783 1197 2800 τ
1219 2777 1382 2809 geminata.
1498 2775 1540 2803 32.
1562 2777 1628 2805 BC:
1652 2777 1692 2804 hii
1713 2793 1745 2797 ——

437 2802 573 2828 doctrina
608 2802 702 2831 deest.
844 2803 886 2832 33.
917 2805 988 2833 BC:
1022 2807 1201 2836 videndum.
1345 2819 1393 2847 31.
1415 2812 1461 2838 A:
1488 2817 1516 2838 et
1536 2812 1743 2847 imponentes.

530 2908 584 2940 25.
611 2909 662 2940 Cf.
690 2910 850 2952 Wyclis’s
877 2912 1043 2943 Sermons
1071 2915 1123 2945 ed.
1153 2917 1294 2947 Arnold.
1325 2917 1347 2956 Ι,
1373 2916 1518 2961 89—92.
