2017 3353
183 579 199 611 5

162 881 200 902 10

163 1161 199 1193 15

159 1461 201 1484 20

161 1755 200 1776 23

160 2034 203 2067 30

215 230 355 258 samio
375 219 414 277 1.]
724 231 864 263 PRIMA
895 230 1019 262 PARS.
1789 221 1809 259 3

217 339 397 375 Christus
421 337 489 384 qui
514 338 631 373 debet
654 348 739 372 esse
764 348 902 372 eorum
928 348 992 371 rex
1016 344 1075 371 est
1098 336 1324 371 secundum
1350 336 1521 372 formam

216 407 435 444 pauperem
469 394 524 431 eis
559 393 799 430 dissimilem
834 402 1107 430 conversatus.
1155 395 1205 429 Et
1238 393 1295 429 illi
1331 394 1410 429 duo
1445 394 1523 429 dis-

216 453 337 501 cipuli
365 453 510 489 debent
535 451 667 499 primo
703 451 875 487 insidere
902 451 1013 498 pullo
1042 451 1165 497 asine,
1191 452 1267 487 hoc
1297 459 1367 497 est,
1394 451 1522 487 iunio-

216 511 324 548 ribus
360 510 651 558 temporalibus
687 509 874 552 dominis,
911 517 948 545 et
975 509 1153 545 secundo
1186 508 1309 555 asine,
1346 510 1422 545 hoc
1450 518 1520 554 est,

215 568 543 617 proveccioribus
579 567 754 603 dominis
790 566 856 614 qui
892 566 1011 603 stulte
1044 567 1310 614 paciebantur
1344 579 1416 603 sua
1450 567 1520 602 do-

216 627 340 663 minia
368 626 594 674 depredari.
630 627 712 662 Nec
740 625 907 661 dubium
936 625 1032 672 quin
1067 624 1344 661 assistentibus
1378 624 1521 672 pannis
1542 620 1813 683 Vggefiniihyiissiian

214 684 406 721 virtutum
445 683 627 720 Christus
664 695 731 720 rex
767 683 945 719 celorum
981 682 1035 719 eis
1073 682 1243 729 insidet;
1280 682 1343 719 cui
1379 681 1525 719 castel·
1628 665 1646 693 y
1777 677 1785 685 ⁹

215 742 296 779 lani
330 741 502 790 predicti
535 753 618 777 non
647 742 854 777 audebunt
887 739 1087 777 resistere:
1122 753 1217 777 nam
1240 739 1417 777 veterani
1453 740 1526 776 mi-

216 799 304 837 lites
337 800 431 836 licet
465 800 515 836 ad
550 808 709 847 tempus
744 798 824 835 sint
857 798 1012 835 seducti
1048 811 1120 846 per
1140 798 1449 844 Antichristum,
1486 797 1526 833 in

215 858 291 894 fine
340 867 475 895 tamen
524 866 618 894 sunt
671 856 841 894 subiecti
890 856 982 904 iugo
1033 856 1186 893 domini
1243 865 1281 893 et
1329 856 1384 893 sic
1434 864 1528 892 sunt

214 925 258 953 ut
284 929 355 953 sua
382 915 594 965 generacio
622 915 863 963 subiugales.
899 914 1123 962 Tripartita
1150 923 1208 951 est
1246 923 1381 951 autem
1410 915 1526 950 turba

215 987 291 1022 que
310 976 359 1011 ad
378 976 480 1011 hanc
497 973 779 1010 reduccionem
800 972 1039 1009 humilitatis
1055 972 1222 1009 ecclesie
1241 973 1525 1021 congauderet,

214 1042 258 1068 ut
281 1032 401 1080 primi
420 1032 674 1080 potenciores
689 1031 927 1068 vestimenta
947 1043 1020 1067 sua
1039 1031 1079 1067 in
1094 1031 1156 1067 via
1175 1040 1410 1077 sternerent,
1432 1030 1526 1078 quia

216 1092 321 1127 bona
353 1103 425 1127 sua
452 1090 492 1126 in
526 1103 603 1138 que
627 1090 755 1127 clerus
785 1089 905 1126 stulte
937 1089 1185 1126 hereditatus
1221 1098 1279 1126 est
1305 1090 1355 1125 ad
1382 1101 1526 1136 paran-

216 1149 309 1186 dam
343 1149 449 1185 viam
485 1148 639 1184 domini
675 1147 797 1195 gratis
833 1157 1074 1194 sternerent3
1112 1147 1180 1184 alii
1215 1155 1351 1184 autem
1387 1146 1428 1182 in
1463 1159 1524 1183 se-

217 1207 350 1244 cundo
393 1207 521 1255 gradu
564 1219 699 1242 ramos
735 1206 928 1242 virtutum
965 1206 1013 1242 de
1048 1205 1279 1242 horninibus
1314 1214 1521 1253 tamquam

217 1265 426 1302 arboribus
470 1265 670 1311 cederent,
714 1273 758 1300 ut
791 1263 897 1300 viam
934 1264 1081 1300 Christi
1117 1263 1242 1300 lacius
1286 1272 1524 1311 preparent:

217 1324 285 1360 sed
309 1322 601 1371 simplicissimi
625 1331 663 1359 et
691 1321 833 1369 infimi,
870 1321 937 1370 qui
961 1330 1227 1370 sequerentur
1247 1322 1353 1358 viam
1379 1321 1526 1358 Christi

217 1381 388 1428 facilius,
429 1381 729 1429 proclamarent
764 1381 941 1426 Osanna,
977 1381 1053 1416 hoc
1089 1389 1158 1427 est,
1195 1381 1364 1425 obsecro,
1398 1380 1530 1424 salva,-

217 1449 255 1476 et
297 1439 352 1476 ita
395 1448 546 1478 sectam
583 1439 845 1476 christianam
883 1438 1072 1475 devocius
1115 1446 1387 1486 acceptarent,
1433 1437 1528 1486 quia

217 1497 405 1546 superbia
447 1498 703 1534 sacerdotum
747 1497 815 1545 qui
867 1497 1122 1533 immansuete
1164 1497 1448 1544 blasphemant
1488 1495 1529 1532 in

217 1556 421 1593 Christum
466 1556 623 1592 videtur
669 1568 790 1592 causa
836 1555 1041 1603 precipua,
1098 1567 1221 1603 quare
1268 1553 1332 1591 via
1376 1554 1529 1591 domini

216 1613 318 1652 adeo
342 1623 402 1651 est
419 1622 665 1661 contempta.
688 1616 738 1650 Et
760 1622 894 1650 tamen
918 1626 1060 1661 parare
1084 1613 1195 1649 illam
1214 1613 1320 1650 viam
1344 1621 1531 1650 tenentur

217 1681 294 1709 tres
330 1682 462 1720 partes
499 1684 636 1709 eorum
675 1680 712 1708 et
747 1673 869 1708 modo
905 1684 977 1708 suo
1012 1671 1158 1720 singuli
1191 1670 1414 1708 christiani.
1449 1670 1528 1707 Alii

187 1740 350 1768 ’autem
386 1743 525 1767 sensus
561 1730 734 1767 morales
771 1730 902 1778 aptari
939 1738 1119 1779 possunt,
1161 1730 1230 1766 sed
1264 1730 1337 1766 iste
1371 1729 1529 1766 videtur

218 1788 481 1826 necessarior.

277 1846 393 1883 Circa
425 1847 500 1882 hoc
536 1845 785 1894 evangelium
810 1845 1017 1882 dubitatur
1051 1854 1186 1882 utrum
1214 1844 1398 1883 Christus
1421 1844 1529 1881 venit
1544 1851 1818 1881 DidChristcome

219 1904 408 1941 divinitus
444 1904 483 1940 in
518 1905 624 1940 hunc
659 1904 870 1950 mundum,
908 1912 945 1939 et
970 1904 1002 1940 si
1038 1903 1107 1950 sic,
1144 1913 1280 1940 utrum
1318 1902 1528 1940 creacione
1543 1888 1818 1959 ffffiugffinvffirss}

218 1962 442 1999 successiva
475 1962 536 1998 vel
579 1962 711 1999 subita
755 1961 811 1998 ita
845 1961 966 1999 venit.
1021 1964 1069 1998 Et
1112 1972 1203 1998 sunt
1248 1962 1376 1998 multa
1420 1959 1820 2021 dictassiffilcpessaesffiffig

218 2030 450 2058 sanctorum
485 2032 561 2068 que
594 2019 780 2057 videntur
823 2019 863 2056 in
898 2021 1074 2057 secunda
1120 2029 1233 2068 parte
1269 2019 1384 2056 istius
1418 2019 1528 2055 dubii
1544 2037 1628 2056 seem
1662 2033 1693 2067 to
1728 2029 1764 2054 be
1792 2033 1821 2055 at

219 2092 302 2116 esse
339 2079 556 2124 contraria,
592 2087 637 2114 ut
671 2080 922 2127 Augustinus
958 2086 996 2115 et
1030 2078 1091 2115 sui
1128 2091 1320 2126 sequaces
1343 2077 1532 2114 videntur
1606 2071 1761 2091 variance.

218 2137 349 2174 dicere
371 2139 479 2186 quod
500 2139 607 2173 Deus
630 2136 763 2173 subito
786 2136 934 2173 creavit
963 2145 1089 2173 totam
1115 2137 1255 2173 mundi
1279 2135 1530 2182 machinam;

218 2204 256 2232 et
289 2196 377 2233 aliis
400 2195 558 2232 videtur
594 2196 702 2243 quod
737 2207 808 2243 per
842 2207 906 2231 sex
930 2194 1012 2231 dies
1054 2195 1250 2243 temporis
1277 2195 1352 2231 fuit
1379 2194 1419 2230 in
1443 2206 1530 2242 pre-

284 2316 314 2341 4.
347 2306 393 2334 B:
427 2307 653 2342 temporalibus
685 2307 875 2334 iunioribus.
1007 2305 1035 2335 8.
1068 2307 1113 2335 A:
1144 2308 1277 2340 resisse;
1309 2306 1356 2333 B:
1390 2306 1533 2333 resistere

218 2349 299 2370 corr.
321 2351 373 2370 ex:
397 2342 563 2377 insistere;
596 2341 640 2370 C:
667 2342 820 2369 insistere.
913 2350 943 2378 9.
964 2343 1007 2370 A:
1043 2342 1161 2370 seducti
1181 2342 1429 2374 Antichristum3
1464 2339 1530 2367 BC:

215 2377 444 2405 Antichristum
466 2377 552 2405 asine
573 2383 647 2404 sunt
666 2377 796 2405 subiecti
817 2377 891 2411 iugo
912 2378 1043 2406 domini.
1185 2386 1218 2405 11.
1240 2380 1284 2405 A:
1316 2385 1371 2404 sua
1391 2375 1531 2403 omitted.

217 2420 249 2439 ιι.
271 2413 315 2439 A:
337 2418 441 2440 autem
462 2413 601 2440 omitted.
743 2419 780 2439 12.
819 2414 863 2440 A:
898 2413 1120 2441 reduccionem
1141 2413 1208 2439 eius
1230 2411 1431 2445 humilitatis:
1452 2411 1482 2438 A
1501 2410 1531 2437 in

216 2454 335 2481 marg.:
359 2455 380 2474 1.
489 2446 527 2475 13.
548 2449 594 2475 A:
616 2451 859 2482 prosternerent.
974 2457 1018 2482 14.
1039 2449 1086 2475 A:
1115 2455 1170 2474 sua
1190 2455 1261 2483 que.
1372 2446 1411 2474 15.
1444 2448 1472 2473 A
1501 2445 1532 2472 in

216 2490 336 2514 marg.:
367 2489 392 2509 2.
536 2491 578 2518 17.
608 2482 674 2510 BC:
705 2487 733 2509 et
762 2483 854 2510 viam.
1017 2482 1058 2511 18.
1088 2484 1135 2510 A:
1165 2486 1218 2518 qui
1248 2482 1481 2517 proclamarent
1501 2480 1531 2506 in

216 2524 314 2550 marg.
458 2525 500 2552 19.
522 2517 561 2544 B:
583 2517 720 2545 salvifica
742 2518 771 2545 A
790 2519 819 2544 in
843 2525 960 2553 marg:
982 2517 1007 2545 3.
1123 2525 1162 2544 21.
1185 2520 1230 2544 A:
1251 2517 1305 2553 qui
1331 2517 1362 2544 in
1383 2517 1432 2543 via
1452 2516 1531 2542 ficte.

216 2559 259 2579 22.
281 2552 303 2579 B
323 2552 353 2579 in
372 2560 470 2588 marg.
493 2561 579 2587 sup.:
602 2552 707 2587 Quare
727 2554 774 2580 via
796 2553 915 2580 domini
935 2552 1102 2581 intantum
1125 2553 1371 2587 contempnitur.
1428 2549 1470 2577 23.
1492 2549 1531 2575 B:

217 2587 312 2621 adeo;
334 2588 584 2623 superscriptum
605 2592 667 2614 est:
689 2587 719 2614 in
742 2592 873 2615 tantum.
1017 2587 1060 2615 23.
1082 2587 1121 2614 B:
1144 2587 1181 2614 Et
1201 2595 1284 2614 curn.
1421 2594 1468 2619 24.
1490 2584 1531 2611 B:

217 2628 320 2657 partes
340 2622 478 2650 ecclesie.
597 2622 641 2650 25.
663 2622 733 2650 BC:
763 2624 817 2650 sed
844 2638 878 2643 —
905 2624 1102 2651 necessarior
1123 2622 1261 2649 omitted.
1388 2629 1432 2655 27.
1454 2621 1483 2646 A
1503 2619 1532 2646 in

217 2665 334 2691 marga
359 2658 515 2692 Dubium3
537 2657 558 2684 B
581 2657 611 2684 in
633 2665 753 2692 marg:
776 2658 920 2692 Questio.
1038 2657 1093 2685 28:
1116 2657 1185 2686 BC:
1206 2657 1242 2685 ad
1264 2657 1344 2684 hunc
1366 2655 1530 2683 mundum.

216 2692 256 2720 31.
276 2694 320 2720 A:
342 2697 369 2720 et
389 2693 487 2720 sancti
509 2700 676 2728 sequaces:
698 2694 728 2720 in
749 2701 867 2726 marg.:
888 2694 1098 2728 Augustinus.

289 2788 342 2821 31.
357 2788 409 2820 Cf.
426 2788 610 2830 Augustini
630 2789 681 2820 De
697 2788 784 2820 Gen.
806 2788 864 2821 lib.
881 2789 921 2829 V,
937 2799 1010 2832 cap.
1027 2789 1067 2821 Ill
1087 2796 1118 2819 et
1138 2798 1240 2831 seqq.
1268 2787 1360 2829 Opp.
1375 2792 1460 2817 tom.
1478 2785 1531 2823 ΙΙΙ,

217 2845 251 2877 p.
277 2835 301 2875 Ι,
326 2845 404 2877 pag.
435 2833 623 2867 183-—186.

1497 2890 1534 2923 13!-
