2017 3353
254 260 389 290 SERMO
412 248 461 307 L.]
764 264 902 297 emm
933 266 1058 298 PARS.
1783 263 1827 298 33
1846 276 1852 297 1

254 372 329 408 Sed
365 372 550 408 doctores
583 371 701 408 hodie
734 381 824 408 sunt
857 372 1031 420 perversi
1056 376 1163 422 quod
1187 375 1432 423 negligenter
1463 376 1571 423 igno-

253 438 342 466 rant
371 431 562 466 mandata
591 429 753 466 Domini
783 438 820 466 et
848 430 1139 469 tradicionibus
1169 432 1379 469 hominum
1409 442 1572 481 propter

254 487 447 524 maiorem
491 487 707 524 avariciam
752 487 990 526 innituntur.
1041 491 1134 527 Ideo
1176 490 1302 528 tercio
1347 493 1570 528 notandum

253 547 360 595 quod
394 547 504 582 Jesus
537 554 618 582 tam
652 559 725 594 pro
759 546 826 582 illo
861 559 981 595 quam
1021 561 1094 595 pro
1133 548 1299 586 ecclesia
1339 549 1573 586 instruenda

221 604 392 652 §parate
426 603 631 653 respondit
664 603 946 641 humiliterac
979 605 1199 654 sapienter:
1233 607 1401 658 Diliges,
1430 607 1573 656 inquit,
1606 616 1707 643 1.T11e
1727 617 1795 643 lox-c
1815 618 1844 644 (Α

253 662 462 698 Dominum
496 663 621 699 Deum
655 670 759 698 tuum
794 675 844 699 ex
875 671 953 699 toto
986 665 1104 701 corde
1137 673 1213 711 tuo,
1252 678 1303 702 ex
1335 673 1412 701 tota
1446 666 1573 702 anima
1686 650 1766 678 ⁶⁰³·

253 728 316 756 tua
350 728 385 757 et
413 719 449 756 in
483 728 561 757 tota
598 728 721 757 mente
749 728 826 757 tua.
857 723 905 757 Et
934 721 1025 758 licet
1058 722 1125 759 illa
1154 723 1232 760 sint
1261 723 1337 760 tria
1368 725 1572 769 mandata,

253 787 389 815 tamen
412 778 564 826 logicus
588 778 831 816 omnisciens
854 791 944 816 vere
969 779 1065 816 dicit
1095 783 1202 830 quod
1233 782 1304 818 hoc
1327 789 1383 818 est
1399 782 1572 831 primum

253 844 288 873 et
319 837 532 873 maximum
563 837 799 874 mandatum.
825 839 893 874 Est
916 846 1049 874 autem
1074 848 1189 876 tenor
1212 841 1425 877 verborum
1450 840 1574 889 scrip-

200 903 339 931 10ture
372 895 512 943 plenus
545 895 760 943 sapiencia,
796 908 885 932 curn
920 896 1088 934 dileccio
1121 911 1191 947 que
1222 899 1442 935 secundum
1467 900 1573 947 Apo-

252 953 399 990 stolum
439 954 489 989 ad
522 955 635 989 Rom.
670 955 754 989 XIII
795 962 850 990 est
882 955 1082 1003 plenitudo
1116 957 1216 1007 legis
1248 956 1572 1005 pretermittitur.

252 1012 371 1056 Quod
404 1020 537 1047 autem
572 1011 796 1059 diligendus
829 1011 878 1048 sit
911 1013 1098 1050 dominus
1123 1016 1241 1061 Deus,
1276 1023 1454 1051 moveret
1478 1015 1573 1051 fide-

252 1069 329 1105 lem
370 1070 419 1105 ad
466 1069 575 1105 illam
616 1069 879 1107 dileccionem
922 1070 1186 1119 implendum.
1234 1074 1307 1109 Per
1353 1074 1428 1110 hoc
1468 1073 1571 1109 enim

252 1128 360 1175 quod
394 1136 451 1164 est
483 1127 692 1174 Dominus,
735 1129 851 1165 debet
890 1128 1022 1166 timeri
1062 1139 1099 1166 et
1139 1132 1374 1167 mandatum
1415 1130 1498 1167 eius
1537 1140 1573 1167 et

200 1185 236 1219 15
251 1184 478 1233 specialiter
501 1185 676 1234 primum
702 1195 738 1223 et
762 1187 980 1224 maximum
1004 1188 1175 1236 impleri.
1200 1191 1302 1226 Nam
1326 1189 1380 1226 ita
1405 1202 1573 1237 magnus

251 1252 385 1292 posset
408 1256 492 1280 esse
514 1252 694 1281 terrenus
718 1245 904 1282 dominus
938 1254 974 1282 et
1007 1255 1087 1283 tam
1123 1246 1327 1295 signanter
1359 1260 1472 1284 servo
1501 1261 1573 1284 suo

251 1301 458 1350 precipere
491 1303 598 1351 quod
637 1316 763 1351 usque
801 1305 850 1340 ad
891 1313 1062 1340 mortem
1103 1314 1301 1353 satageret
1336 1307 1571 1342 mandatum

161 1347 433 1412 F—Olgimplere.
485 1362 563 1397 Sed
610 1360 698 1409 quis
743 1361 872 1398 maior
900 1357 905 1416 Ι
935 1362 1122 1399 dominus
1166 1376 1287 1411 quam
1335 1372 1392 1400 est
1442 1365 1573 1400 Deus?

162 1405 221 1439 ¹s9
252 1419 326 1454 Per
359 1418 434 1455 hoc
469 1418 573 1455 enim
609 1420 715 1467 quod
751 1428 807 1455 est
840 1422 946 1456 Deus
977 1421 1037 1456 vel
1070 1422 1203 1458 Theos
1237 1431 1381 1458 cuncta
1413 1421 1573 1458 intuens

194 1476 368 1513 zodebet
411 1489 546 1513 servus
590 1478 639 1514 ad
684 1477 864 1514 mandati
909 1477 969 1514 sui
1013 1479 1315 1517 observanciam
1367 1479 1573 1531 inclinari3

252 1533 487 1583 diligencius
511 1534 617 1571 enim
652 1535 695 1572 fit
726 1535 936 1573 servicium
969 1537 1242 1587 cuiuscunque
1274 1538 1441 1585 domini,
1477 1539 1571 1575 dum

251 1592 428 1629 intuetur
451 1605 613 1641 presens
638 1593 904 1630 ministerium
930 1595 1150 1643 servientis⁷
1175 1598 1243 1633 sed
1267 1596 1365 1633 fides
1388 1595 1427 1633 in
1451 1596 1573 1633 servis

253 1650 400 1688 Christi
439 1651 573 1688 deficit
611 1652 671 1688 vel
709 1652 888 1700 tepescit.
937 1654 1004 1690 Ille
1038 1663 1171 1691 autem
1206 1654 1334 1703 diligit
1367 1656 1494 1691 Deum
1529 1667 1573 1691 ex
1630 1651 1703 1679 with
1726 1652 1810 1680 heart

251 1717 337 1746 toto
377 1711 510 1755 corde,
550 1709 617 1758 qui
658 1712 1021 1758 correspondentes
1065 1714 1113 1748 ad
1161 1714 1288 1749 Deum
1329 1722 1486 1761 patrem
1528 1725 1571 1749 ex

196 1766 457 1804 25intellectu
503 1780 574 1804 suo
615 1768 741 1804 credit
781 1770 907 1805 Deum
948 1769 1110 1806 unicum
1152 1779 1188 1807 et
1228 1783 1309 1807 non
1349 1773 1492 1808 adorat
1530 1780 1573 1807 ut

251 1827 378 1862 Deum
403 1825 578 1874 aliquam
605 1835 844 1863 creaturam.
869 1830 969 1863 Nam
991 1829 1149 1865 Psalmo
1164 1829 1320 1876 XLIVO,
1353 1839 1373 1865 2
1407 1829 1571 1866 dicitur:

249 1884 456 1920 Eructavit
487 1896 556 1920 cor
593 1897 716 1921 meum
751 1886 908 1921 verbum
941 1887 1097 1929 bonum:
1133 1888 1226 1923 dum
1261 1896 1407 1924 natura
1439 1887 1572 1924 divina

250 1950 419 1978 testatur
466 1944 573 1991 quod
612 1944 717 1979 Deus
756 1952 869 1991 pater
910 1944 975 1992 qui
1023 1953 1079 1981 est
1124 1944 1369 1994 principium
1409 1957 1453 1982 ex
1492 1959 1571 1994 quo

250 2008 341 2036 sunt
364 2000 501 2037 omnia
524 2001 711 2049 produxit
734 2001 963 2038 eternaliter
985 2003 1149 2039 verbum
1175 2016 1304 2040 suum.
1324 2006 1373 2040 Et
1396 2005 1571 2041 secunda

191 2059 234 2092 30
250 2058 447 2108 particula
477 2060 795 2108 correspondens
825 2062 909 2096 Deo
939 2060 1021 2097 filio
1053 2061 1119 2109 qui
1150 2071 1206 2098 est
1240 2061 1321 2099 vita
1349 2061 1571 2099 viventibus

250 2116 485 2165 exprimitur
518 2117 602 2153 istis
635 2117 784 2154 verbis:
820 2119 860 2153 In
893 2126 971 2154 tota
1005 2120 1131 2155 anima
1166 2128 1242 2156 tua.
1284 2121 1325 2156 In
1358 2121 1439 2170 ipso
1473 2121 1569 2157 enim
1640 2117 1711 2145 with
1734 2118 1812 2154 soul,

250 2175 423 2222 vivimus,
462 2187 662 2211 movemur
693 2183 728 2212 et
759 2188 891 2212 sumus
930 2180 986 2221 (ut
1020 2177 1115 2214 dicit
1147 2179 1364 2226 Apostolus
1396 2180 1569 2215 Actuum

247 2234 386 2279 XV110,
423 2234 504 2281 28).
550 2235 598 2270 Et
636 2233 725 2270 ideo
764 2247 845 2270 non
890 2236 1081 2272 debemus
1119 2236 1268 2273 nomen
1306 2237 1367 2273 vel
1404 2237 1569 2273 verbum

249 2291 320 2327 Dei
349 2291 389 2327 in
416 2305 563 2328 vanum
589 2291 784 2340 accipere.
809 2294 858 2329 Et
881 2293 1004 2330 tercia
1028 2294 1225 2342 particula
1250 2295 1366 2332 huius
1390 2294 1569 2332 mandati

190 2350 232 2384 35
248 2348 411 2385 maximi
456 2349 511 2386 sic
559 2350 811 2398 exprimitur:
858 2351 1014 2402 Diliges
1058 2353 1253 2389 dominum
1292 2354 1418 2390 Deum
1464 2361 1569 2389 tumn
1627 2362 1699 2390 with
1721 2362 1817 2392 mind.

249 2407 285 2443 in
310 2414 388 2443 tota
411 2415 534 2444 mente
563 2415 641 2455 tua,
671 2417 707 2445 et
736 2421 806 2457 per
837 2408 946 2446 illam
978 2419 1153 2447 mentem
1185 2424 1261 2460 que
1291 2420 1348 2448 est
1373 2411 1570 2448 memoria

249 2464 429 2513 signatur
468 2465 640 2514 Spiritus
681 2467 851 2503 Sanctus
891 2476 927 2504 et
967 2468 1160 2505 alluditur
1198 2470 1323 2507 tercio
1377 2471 1568 2506 mandato

248 2522 288 2559 in
329 2536 408 2572 quo
449 2523 687 2572 precipitur:
727 2525 920 2562 Memento
960 2534 1000 2562 ut
1033 2527 1131 2564 diem
1164 2528 1314 2564 sabbati
1342 2528 1567 2578 sanctifices.

319 2701 338 2719 1.
359 2694 403 2720 A:
424 2694 469 2720 vel
492 2693 689 2727 necligenter.
763 2693 788 2722 3.
809 2695 854 2722 A:
877 2696 1030 2727 nituntur:
1053 2696 1093 2723 ib.
1115 2697 1143 2723 A
1165 2696 1194 2723 iu
1218 2704 1330 2731 marg:
1352 2695 1377 2724 3.
1445 2706 1474 2731 4.
1498 2698 1563 2725 ssC:

246 2733 307 2755 tem
335 2736 386 2754 ore
408 2727 509 2763 primo
530 2714 582 2755 illo
603 2734 751 2763 quantum
775 2738 848 2764 pro:
879 2730 919 2758 ib.
941 2731 980 2757 B:
1011 2730 1136 2758 ecclesia
1165 2731 1224 2757 illa.
1318 2739 1343 2765 7.
1365 2732 1408 2758 A:
1438 2737 1464 2758 et
1486 2736 1565 2761 tota:

247 2763 287 2789 ib.
310 2736 451 2789 sszsunt.
535 2763 562 2790 8.
587 2763 651 2790 BC:
674 2764 732 2790 hoc
753 2764 846 2791 deest.
932 2774 972 2792 ιο.
997 2766 1035 2792 Ιὲε
1056 2765 1179 2804 plenius·
1202 2765 1350 2798 scienciam
1377 2766 1418 2793 C:
1442 2767 1564 2801 plenum

247 2797 386 2824 sciencie.
433 2806 465 2824 11.
482 2798 526 2825 A:
549 2798 586 2824 ad
607 2798 694 2825 Rom.
710 2798 780 2826 XIII
801 2800 894 2827 deest.
953 2809 994 2835 19.
1014 2801 1033 2827 Ι),
1055 2809 1084 2827 m
1108 2808 1222 2833 marga
1247 2800 1329 2835 Quid
1351 2805 1396 2827 est
1410 2801 1508 2828 Deum
1531 2811 1564 2829 ex

244 2836 308 2859 toto
329 2832 420 2859 corde
441 2832 576 2867 diligere.
633 2840 680 2860 20.
702 2833 741 2860 ss:
764 2835 917 2862 mandata.
974 2835 1018 2862 25.
1040 2836 1084 2862 A:
1107 2835 1257 2861 adoravit.
1316 2835 1363 2863 26.
1381 2835 1480 2863 Codd.
1497 2836 1559 2864 XL.

243 2865 289 2894 30.
310 2867 354 2894 A:
375 2871 419 2894 est
441 2866 626 2902 principium
647 2867 830 2895 viventibus.
913 2868 960 2896 36.
984 2871 1026 2897 A:
1049 2874 1074 2896 et
1096 2869 1146 2896 illa
1169 2874 1279 2896 mente.
1365 2869 1409 2906 37.
1431 2871 1476 2898 A:
1499 2872 1559 2906 sig-

244 2901 398 2936 nificatur3
421 2901 460 2929 ib.
483 2901 550 2930 BC:
574 2901 691 2930 alludit.
