2017 3353
200 907 238 930 10

201 1187 236 1219 15

164 1281 237 1312 [³01.

161 1326 237 1369 167⁰

195 1488 235 1510 20

195 1772 233 1802 25

194 2352 233 2386 35

257 263 394 291 sicano
411 251 564 309 xxxlv]
763 265 902 296 PRtMA
932 265 1056 296 pARg,
1781 268 1859 305 229

258 372 417 409 Domini
453 380 646 421 perpetuo
681 380 795 408 erunt
829 371 976 412 refecti,
1019 380 1055 408 et
1089 371 1174 419 ipsa
1209 383 1305 408 cena
1338 380 1394 408 est
1429 385 1573 419 magna
1597 380 1646 418 1119
1667 389 1780 416 supper
1802 381 1850 408 ihc

258 440 420 479 propter
453 429 768 478 magnitudinem
803 429 964 466 Domini
1009 429 1190 471 cibantis,
1230 438 1395 478 propter
1432 430 1573 466 valitu-
1603 414 1847 477 blisssoprtelpgired

257 489 388 525 dinem
424 488 561 536 populi
595 487 852 527 convivantis.
888 496 1052 536 propter
1082 487 1379 536 preciositatem
1415 488 1573 536 prandii
1620 484 1833 519 predestinatc.

257 546 460 595 preparati
506 555 542 583 et
587 555 752 595 propter
797 545 1101 582 diuturnitatem
1156 545 1325 582 convivii
1378 554 1573 594 perpetuo

256 604 489 642 continuati.
520 604 674 641 Vocavit
698 613 831 641 autem
856 604 1009 649 multos,
1043 603 1136 652 quia
1169 603 1463 652 predestinatos
1496 603 1573 640 sin-

254 664 367 711 gulos
412 671 448 699 et
492 662 699 711 prescitos.
744 664 804 699 Ad
855 671 1011 699 tantum
1066 661 1170 698 enim
1216 664 1321 699 Deus
1372 661 1572 698 illuminat

255 733 415 757 omnem
462 720 666 757 hominem
710 720 935 758 venientem
981 720 1021 757 in
1066 721 1170 757 hunc
1219 721 1416 758 mundum
1464 721 1571 769 quod

256 780 322 816 dat
339 778 371 815 ei
395 778 628 815 instinctum
654 780 869 828 quemdam
896 780 945 816 ad
969 778 1259 815 beatitudinem
1284 779 1570 827 appetendum.
1621 786 1669 814 ΑΗ
1693 794 1759 813 men
1783 794 1832 813 are

255 839 301 873 Et
339 846 433 874 tunc
471 846 587 874 vocat
626 849 691 874 eos
732 839 781 874 ad
821 850 959 874 cenam
1000 836 1237 885 predictam.
1283 837 1396 873 Illam
1436 844 1570 873 autem
1673 821 1779 848 caued.

253 894 511 932 vocacionem
546 897 765 932 secundum
800 904 923 932 etates
955 895 1063 932 varie
1096 894 1275 943 replicat.
1299 895 1413 931 Hora
1437 903 1570 932 autem

253 966 341 990 cene
373 962 504 1002 potest
537 953 703 1002 intelligi
725 963 883 1002 tempus
906 953 1200 990 incarnacionis
1224 952 1263 989 in
1288 966 1366 1002 quo
1402 953 1571 990 dulcedo
1588 960 1631 993 Βγ
1656 961 1706 988 the
1732 960 1805 988 time
1831 962 1865 988 of

254 1011 407 1048 celestis
467 1012 724 1049 beatitudinis
777 1021 943 1061 paratur
996 1011 1262 1060 propinquius
1322 1020 1358 1048 et
1418 1011 1571 1048 avidius
1587 992 1859 1064 lffssffipessgtg‘ffd

253 1069 473 1106 affectatur.
515 1071 660 1107 Servus
695 1078 821 1107 autem
861 1071 999 1107 missus
1031 1070 1127 1105 hora
1161 1082 1249 1106 cene
1286 1070 1338 1105 ad
1370 1070 1569 1106 dicendum
1586 1062 1862 1128 thfissiarffiafflnthe

253 1129 420 1164 invitatis
453 1136 492 1164 ut
525 1129 676 1165 veniant
707 1130 756 1165 ad
790 1130 892 1165 hanc
932 1141 1070 1165 cenam
1110 1127 1183 1164 fuit
1224 1127 1440 1164 multitudo
1480 1141 1571 1176 pro-
1821 1121 1827 1127 ’

254 1187 464 1234 phetarum
500 1195 536 1223 et
576 1188 853 1235 apostolorum
899 1196 935 1223 et
980 1185 1207 1234 specialiter
1240 1185 1432 1234 Baptista,
1478 1185 1572 1235 quia

252 1244 331 1281 iam
372 1244 601 1282 incarnatus
643 1254 699 1281 est
731 1244 925 1286 Christus,
967 1254 1003 1281 et
1047 1244 1103 1281 sic
1141 1253 1223 1280 tam
1263 1243 1346 1280 eius
1386 1243 1571 1281 divinitas

253 1315 372 1351 quam
426 1302 509 1339 eius
563 1303 792 1340 humanitas
846 1311 902 1340 est
937 1299 942 1356 Ι
976 1311 1130 1351 parata,
1191 1301 1381 1350 deditque
1443 1303 1569 1351 legem

250 1360 509 1398 novissimam
561 1371 651 1410 post
701 1374 820 1410 quam
865 1373 947 1398 non
996 1362 1112 1397 debet
1157 1361 1216 1397 lex
1267 1360 1571 1398 antichristiana

252 1421 477 1456 succedere.
512 1422 598 1468 Ipse
631 1428 763 1457 autem
805 1428 862 1456 est
900 1419 1026 1456 onznia
1065 1419 1101 1455 in
1140 1419 1312 1455 omnibus
1350 1420 1568 1456 secundum

251 1478 376 1526 legem
410 1477 789 1515 sufficientissimam
824 1479 873 1515 ad
906 1477 1253 1514 beatificacionem
1277 1476 1451 1514 hominis
1483 1490 1571 1526 pre-

250 1545 427 1584 paratus.
462 1537 514 1572 Et
552 1544 734 1586 ceperunt
771 1537 887 1573 simul
924 1536 1050 1572 omnia
1088 1548 1235 1586 genera
1274 1535 1468 1572 hominum
1502 1548 1570 1572 ex-

251 1607 400 1639 cusare,
445 1604 481 1631 et
521 1608 610 1631 cum
650 1594 721 1631 fuit
767 1594 974 1631 excusacio
1015 1594 1053 1630 in
1093 1603 1273 1642 peccatO,
1313 1602 1423 1642 patet
1462 1595 1569 1643 quod
1614 1601 1682 1641 The
1701 1610 1828 1629 excuses

251 1654 470 1689 secundum
516 1653 657 1701 triplex
701 1665 823 1701 genus
868 1651 1022 1701 peccati
1067 1651 1279 1700 tripliciter
1319 1661 1568 1689 excusarunt.
1601 1637 1842 1699 ffiffffstgftgffi?

251 1712 407 1747 Primus
441 1711 560 1747 dixit.-
596 1712 733 1747 Villam
768 1712 853 1755 emi,
886 1720 922 1747 et
956 1710 1190 1758 intelligitur
1229 1710 1458 1759 quicunque
1490 1723 1570 1747 ser-

250 1782 320 1805 vus
352 1769 464 1817 piger
497 1778 663 1818 peccato
698 1768 848 1806 diaboli
882 1770 989 1817 quod
1023 1777 1080 1805 est
1113 1768 1300 1816 superbia
1323 1770 1568 1815 retardatum

250 1841 342 1864 nam
379 1827 535 1876 empcio
567 1827 657 1864 ville
691 1840 767 1876 que
800 1835 856 1864 est
889 1829 937 1864 ad
972 1826 1298 1863 dominacionem
1323 1828 1567 1864 mundanam

251 1885 449 1934 aspiracio
493 1894 606 1922 notat
650 1885 901 1934 superbiam:
947 1884 1036 1922 talis
1081 1893 1212 1921 autem
1260 1897 1410 1922 necesse
1459 1886 1571 1922 habet
1655 1889 1674 1909 ¹·
1696 1881 1784 1917 pride

251 1944 361 1980 exire
394 1957 415 1980 a
446 1943 509 1980 via
533 1943 694 1980 Domini
735 1951 770 1980 et
802 1944 934 1980 videre
965 1942 1135 1980 sollicite
1168 1955 1244 1992 que
1276 1944 1326 1980 ad
1360 1943 1569 1980 continua-

251 2001 406 2039 cionem
433 2001 725 2039 dominacionis
749 2001 980 2038 huiusmodi
1004 2001 1274 2050 requiruntur.
1298 2002 1351 2037 Et
1382 2003 1571 2038 secundus
1638 2016 1662 2035 2.
1685 2008 1804 2036 avarice

194 2062 209 2072 ‘'
252 2060 351 2096 dixit
383 2060 544 2110 quinque
582 2061 674 2111 iuga
715 2060 825 2097 houm
865 2073 905 2097 se
943 2060 1090 2104 emisse,
1129 2072 1200 2108 per
1237 2072 1356 2108 quem
1390 2059 1570 2108 signatur

250 2119 422 2167 populus
462 2118 681 2166 cupiditate
719 2118 839 2155 seculi
879 2118 1062 2155 eviratus.
1099 2120 1223 2155 Boves
1259 2117 1365 2154 enim
1402 2118 1564 2155 racione

250 2176 399 2214 laboris
433 2186 469 2213 et
502 2176 663 2213 racione
696 2176 880 2214 utilitatis
914 2176 1147 2225 multiplicis
1181 2177 1229 2213 de
1261 2189 1333 2213 suo
1374 2176 1569 2214 laboricio

250 2234 503 2284 procedentis
546 2244 688 2272 notant
733 2235 986 2272 affluenciam
1034 2236 1346 2277 mundanorum,
1393 2244 1429 2271 et
1480 2234 1569 2271 ideo

251 2293 347 2330 dicit
380 2293 556 2341 sapiens:
603 2294 666 2329 uhi
707 2306 780 2329 non
824 2301 911 2330 sunt
950 2294 1063 2330 boves
1096 2305 1261 2343 presepe
1300 2306 1460 2330 vacuum
1501 2301 1568 2330 est.

252 2353 327 2388 Sed
373 2351 466 2400 quia
511 2360 763 2388 terrenorum
809 2351 1063 2388 affiuenciam
1111 2351 1330 2388 comitatur
1367 2351 1567 2400 superbia,

250 2409 340 2446 ideo
384 2409 586 2457 signanter
637 2409 782 2446 dicitur
828 2411 935 2459 quod
986 2409 1153 2458 cupidus
1199 2418 1349 2446 emerat
1394 2410 1570 2458 quinque

250 2467 341 2515 iuga
385 2468 520 2503 boum.
567 2467 783 2513 Quinarius
828 2468 933 2505 enim
980 2467 1228 2505 circulariter
1272 2467 1312 2504 in
1352 2480 1392 2505 se
1436 2468 1566 2516 ipsum

250 2525 407 2562 rediens
430 2534 597 2562 vocatur
627 2539 818 2562 numerus
851 2527 1058 2575 superbus,
1094 2535 1130 2563 et
1163 2526 1299 2574 iugum
1334 2525 1478 2563 binarii
1511 2526 1568 2562 in-

250 2584 366 2621 famis
405 2583 533 2631 signat
579 2586 784 2632 quomodo
825 2584 958 2633 cupidi
998 2593 1089 2621 sunt
1122 2584 1213 2633 iugo
1246 2597 1388 2633 aspero
1428 2584 1566 2620 mundi

320 2718 344 2746 3.
366 2720 410 2746 A:
431 2719 595 2746 convivati.
662 2718 690 2746 6.
711 2719 751 2746 B:
772 2719 936 2747 Dominus.
1001 2721 1028 2747 ὃ.
1050 2722 1094 2748 A:
1116 2720 1168 2747 eis.
1239 2728 1267 2757 9.
1291 2720 1356 2747 BC:
1377 2720 1462 2747 Illam
1484 2723 1565 2746 tunc.

252 2763 289 2789 17.
323 2754 361 2781 13:
392 2753 580 2780 humanitus.
689 2753 728 2781 18.
760 2753 801 2781 C:
831 2754 1007 2782 christiana.
1117 2763 1163 2783 20.
1185 2763 1223 2782 21.
1254 2756 1298 2782 A:
1333 2759 1402 2790 post
1432 2758 1564 2789 paratus.

251 2797 297 2822 24.
315 2789 356 2816 25.
380 2788 445 2815 BC:
468 2796 575 2815 servus
596 2788 690 2815 deest.
740 2796 786 2820 20.
808 2789 836 2816 A
857 2789 886 2816 in
909 2798 1021 2825 marg:
1044 2798 1068 2816 2.
1118 2789 1154 2817 1³1⁴
1177 2790 1216 2817 C:
1238 2795 1392 2816 oneratus.
1440 2788 1482 2816 32.
1500 2788 1565 2815 BC:

252 2833 307 2850 suo
328 2832 467 2859 corpore.
540 2822 587 2856 34.
610 2823 650 2850 C:
671 2821 768 2850 ovesf
827 2823 874 2851 36.
896 2825 940 2851 A:
962 2830 1084 2852 emeret.
1158 2824 1201 2860 37.
1224 2826 1266 2852 A:
1290 2825 1381 2851 boum
1403 2824 1496 2851 deest.

322 2895 373 2937 34.
403 2896 504 2926 Prov.
532 2895 622 2934 XIV,
649 2906 683 2936 4.
