2017 3353
191 295 244 341 84
770 292 991 325 JOHANNIS
1011 289 1194 323 WYCLIF
1221 286 1476 320 SERMONUM
1547 274 1704 329 [SERMO
1724 281 1790 310 x11.

218 413 273 452 ‘All
295 413 377 452 tuith
399 412 423 439 is
477 400 740 449 Augustinus,
787 398 923 435 dicens
962 397 1072 445 quod
1105 395 1140 431 in
1162 394 1376 444 fertilitate
1405 393 1600 441 scripture
1631 390 1792 440 quelibet

217 457 247 476 ¹¹¹
268 447 440 483 Scrnpture.
480 460 624 496 veritas
662 466 717 494 est
756 457 915 493 inclusa.
956 456 1058 490 Nam
1106 453 1146 489 in
1179 452 1248 488 illo
1282 453 1376 491 Luc.
1410 451 1509 496 XXI,
1545 450 1616 486 25:
1663 449 1791 484 Erunt

480 518 593 569 signa
616 518 652 552 in
674 516 754 553 sole
776 522 810 551 et
833 515 923 550 luna
946 511 1184 559 intelligitur
1206 509 1405 558 quidquid
1427 508 1604 546 veritatis
1628 505 1790 555 quadri—

482 575 676 624 partitum
721 570 922 609 ptolomei
966 569 1027 606 vel
1076 569 1155 605 alia
1202 567 1455 604 astronomia
1502 564 1689 612 intelligit
1733 566 1792 612 (ut

481 633 664 669 innuitur
695 632 889 668 Sermone
922 629 1002 673 110).
1048 629 1097 663 Et
1130 626 1236 663 ultra
1269 627 1319 662 ad
1351 626 1428 661 hoc
1461 633 1594 673 potest
1626 620 1828 668 intelligi5

483 703 624 728 cursus
671 699 707 725 et
752 697 879 725 status
924 684 1089 722 ecclesie
1134 696 1260 732 usque
1305 684 1354 720 ad
1399 683 1504 719 diem
1544 680 1697 725 iudicii,
1740 678 1795 715 ita

483 750 591 797 quod
634 759 705 796 per
748 746 874 782 solem
920 752 957 780 et
995 743 1130 779 lunam
1171 741 1448 789 intelligantur
1491 752 1596 788 papa
1640 746 1677 774 et
1721 737 1795 773 im-

483 815 657 855 perator,
698 813 742 840 ut
779 804 864 852 ipse
903 814 1008 850 papa
1047 799 1254 848 intelligit3
1295 808 1333 835 et
1372 811 1441 846 per
1479 797 1616 834 stellas
1651 794 1795 832 intelli-

483 873 630 913 gantur
660 861 803 911 prelati
837 870 875 898 et
907 860 975 896 alii
1008 857 1161 895 brachii
1194 857 1420 905 utriusque.
1467 858 1509 891 In
1541 854 1636 903 ipsis
1659 861 1795 890 autern

484 931 578 959 sunt
609 921 721 970 signa
760 918 947 956 falsitatis
987 926 1024 954 et
1062 915 1239 964 perfidie,
1282 928 1373 951 cum
1414 915 1559 950 desunt
1599 925 1620 949 a
1661 910 1854 947 debito10

484 979 680 1028 implendi
711 978 961 1015 voluntatem
997 975 1056 1011 sui
1090 973 1245 1010 domini
1277 975 1370 1009 Jesu
1405 971 1568 1018 Christi,
1602 980 1644 1007 ut
1678 968 1733 1005 hii
1757 968 1795 1004 in

486 1050 657 1087 persona
701 1049 773 1073 sua
818 1035 1024 1083 implendo
1073 1033 1183 1081 quod
1221 1031 1303 1079 ipse
1344 1030 1517 1076 iusserit,
1563 1037 1600 1065 et
1638 1027 1692 1064 hii
1731 1038 1800 1074 per

485 1104 725 1145 potestatem
759 1103 959 1130 terrenam
993 1090 1243 1127 defendendo
1275 1089 1402 1137 legem
1427 1086 1590 1124 Domini
1619 1087 1668 1123 ad
1691 1084 1800 1132 quod

487 1163 732 1202 potestatem
768 1152 852 1200 ipse
885 1151 1062 1187 dederat.

544 1215 593 1249 Et
626 1213 698 1248 hec
732 1209 894 1247 indubie
928 1216 986 1245 est
1018 1219 1139 1243 causa
1163 1205 1276 1242 ruine
1300 1213 1337 1241 et
1360 1204 1537 1241 defectus
1564 1199 1798 1249 multiplicis
1821 1205 1856 1236 15

487 1271 526 1307 in
559 1269 727 1307 ecclesia
759 1268 1034 1312 subditorum3
1069 1265 1179 1314 quod
1213 1263 1310 1300 fides
1333 1262 1532 1310 scripture
1555 1269 1683 1305 notat,
1707 1271 1798 1295 curn

489 1328 679 1377 expressit
716 1328 792 1363 hoc
831 1325 972 1374 triplex
1004 1323 1163 1371 signum
1197 1322 1356 1367 celeste,
1391 1321 1447 1357 sic
1480 1318 1660 1367 adiungit
1699 1325 1734 1353 et
1766 1318 1801 1353 in

488 1388 604 1424 terris
638 1397 827 1435 pressura
865 1383 1056 1436 gencium.
1104 1383 1205 1418 Nam
1246 1392 1316 1428 per
1353 1379 1553 1415 defectum
1594 1375 1802 1424 regiminis

491 1458 600 1482 mare
632 1444 750 1480 huius
773 1442 912 1487 seculi,
935 1443 1013 1478 hoc
1041 1449 1111 1485 est⁷
1135 1437 1312 1487 vulgaris
1340 1436 1613 1474 communitas
1637 1434 1802 1471 confuse

490 1504 653 1540 clamat.
699 1504 748 1538 Et
792 1500 1002 1537 deficiente
1040 1499 1211 1534 humore
1251 1495 1431 1533 caritatis
1472 1504 1509 1531 et
1548 1493 1678 1541 gracie
1717 1503 1802 1528 are-
1819 1505 1860 1528 20

492 1570 607 1598 scunt
640 1559 828 1598 homines
862 1567 983 1606 atque
1017 1556 1170 1605 timent,
1206 1554 1300 1603 quia
1330 1553 1552 1590 secundum
1587 1551 1705 1587 fidem
1740 1562 1802 1585 ex-

492 1627 653 1668 pectant
692 1619 739 1653 de
773 1625 963 1665 regnante
997 1623 1161 1663 peccato
1200 1614 1344 1649 durum
1388 1610 1604 1655 iudicium3
1645 1620 1803 1645 verum-

492 1688 628 1714 tamen
676 1683 842 1724 propter
892 1675 994 1710 hanc
1048 1672 1196 1708 iustam
1250 1669 1499 1706 severitatem
1555 1679 1634 1703 non
1688 1667 1805 1702 debet

494 1736 693 1772 iustorum
728 1733 860 1769 vultus
894 1731 1091 1768 decidere.
1126 1730 1203 1765 Sed
1237 1729 1382 1764 debent
1416 1736 1459 1763 ut
1492 1726 1532 1762 in
1565 1725 1699 1777 primo
1734 1724 1802 1760 ad-

493 1802 612 1830 ventu
647 1800 767 1840 caput
805 1803 922 1827 suum
964 1789 1186 1837 gaudenter
1224 1786 1388 1834 erigere,
1431 1783 1623 1833 quoniam
1659 1795 1805 1829 appro-
1824 1784 1860 1817 25

494 1852 663 1900 pinquat
696 1862 835 1886 eorum
871 1846 1116 1894 redempcio.
1157 1847 1205 1882 Et
1239 1844 1400 1880 Psalmo
1442 1843 1577 1888 LV110‚
1625 1852 1663 1876 11
1711 1839 1805 1876 scri·

493 1909 618 1946 bitur:
653 1908 854 1944 Letabitur
885 1907 1017 1952 iustus,
1051 1917 1135 1940 cum
1168 1903 1307 1939 viderit
1338 1901 1556 1938 vindictam.

206 1980 275 2019 Tne
298 1978 480 2017 knowledge
552 1968 668 2004 Unde
701 1965 843 2013 triplex
874 1974 1038 2001 notatur
1070 1975 1092 1998 a
1130 1960 1277 1998 sanctis
1315 1958 1548 2007 ignorancia
1593 1956 1808 1993 commixta

224 2019 366 2084 ᾖᾟξὲιὲἓ
386 2021 467 2075 ῗᾷῃῖῗ
496 2038 587 2062 cum
632 2022 785 2060 noticia
829 2022 932 2068 fidei,
978 2031 1021 2057 ut
1067 2021 1114 2056 de
1159 2018 1268 2054 finali
1307 2017 1457 2053 iudicio
1501 2029 1543 2052 ex
1583 2015 1659 2051 fide
1703 2014 1808 2050 clare

257 2085 435 2118 ignorance,
496 2082 778 2132 cognoscimus
812 2081 921 2129 quod
955 2088 1117 2127 oportet
1156 2076 1287 2124 ipsum
1329 2076 1368 2111 in
1412 2087 1485 2111 suo
1525 2083 1707 2120 ternpore
1739 2073 1808 2108 ad-
1826 2075 1866 2107 30

497 2141 643 2178 venire.
685 2140 785 2176 Cum
825 2137 989 2175 humilis
1028 2136 1223 2172 adventus
1264 2132 1410 2170 Christi
1456 2141 1492 2168 et
1526 2131 1611 2167 eius
1645 2142 1810 2166 conver-

499 2200 608 2237 sacio
642 2199 743 2235 foret
775 2194 1074 2233 irracionabilis
1106 2192 1183 2229 nisi
1223 2192 1260 2227 in
1295 2190 1404 2227 finali
1437 2191 1610 2226 adventu
1644 2196 1811 2236 poneret

500 2257 705 2294 racionem
742 2267 833 2291 curn
858 2253 993 2299 servis,
1027 2251 1278 2288 ostendendo
1313 2249 1464 2284 mundo
1497 2247 1704 2296 quomodo
1727 2255 1809 2282 tam

500 2315 636 2351 fideles
680 2326 801 2361 quam
847 2311 1077 2359 proditores
1122 2309 1161 2344 in
1206 2306 1436 2344 meditullio
1483 2304 1691 2352 temporis,
1732 2316 1811 2351 quo

500 2373 704 2420 profectus
744 2379 801 2407 est
839 2369 974 2407 statim
1009 2367 1048 2404 in
1082 2366 1211 2403 celum
1246 2364 1468 2401 secundum
1503 2363 1644 2399 libram
1678 2361 1810 2397 iustis·
1828 2364 1868 2397 35

571 2492 592 2512 1.
613 2485 641 2512 A
659 2484 689 2510 in
711 2489 826 2516 marg:
847 2480 1056 2515 Augustinus.
1184 2485 1213 2511 4.
1234 2478 1278 2504 A:
1299 2475 1462 2509 Tolomei;
1482 2475 1504 2502 B
1524 2474 1555 2502 in
1577 2480 1693 2507 marg:
1712 2471 1814 2500 Erunt

502 2520 594 2556 signa
615 2519 645 2546 in
666 2518 731 2545 sole
751 2516 912 2552 quomodo
932 2514 1122 2548 intelligitur.
1224 2512 1266 2538 ib.
1287 2510 1328 2538 C:
1349 2511 1407 2538 alia
1429 2510 1528 2542 deest;
1549 2510 1594 2536 A:
1616 2509 1811 2535 alternomia.

502 2555 530 2581 (ἰ.
551 2556 596 2581 A:
618 2555 654 2581 ad
676 2554 771 2580 deest.
850 2551 877 2577 8.
893 2552 936 2578 A:
958 2554 987 2576 et
1007 2549 1103 2576 deest.
1176 2554 1205 2581 9.
1229 2546 1269 2573 B:
1292 2546 1400 2581 prelati
1423 2545 1472 2572 alii
1494 2544 1656 2578 utriusque
1677 2542 1810 2576 brachii3

504 2589 547 2617 C:
563 2589 724 2623 utriusque
745 2586 861 2614 brachii
882 2586 943 2612 alii.
1017 2591 1049 2611 11.
1073 2585 1116 2611 A:
1144 2581 1311 2615 implendo,
1385 2587 1424 2608 12.
1445 2578 1511 2606 BC:
1532 2578 1649 2605 inserit.
1708 2577 1744 2604 15.
1766 2579 1810 2603 A:

503 2632 607 2651 cause.
689 2621 730 2649 18.
752 2620 816 2648 BC:
840 2628 895 2654 pro
916 2619 1046 2647 defectu.
1127 2625 1165 2644 21.
1189 2617 1227 2643 13:
1249 2616 1343 2651 quod.
1418 2622 1457 2648 21,
1476 2621 1520 2640 22.
1541 2615 1582 2638 A:
1611 2611 1810 2647 expectantis.

503 2666 548 2691 24.
570 2659 614 2686 A:
637 2662 668 2685 ut
689 2657 781 2684 deest.
820 2655 864 2683 25.
879 2656 927 2682 A:
948 2654 1117 2689 gaudenter
1138 2652 1231 2679 deest.
1270 2651 1315 2677 20.
1338 2653 1383 2678 A:
1404 2650 1561 2677 Numerus
1582 2647 1695 2674 Psalmi
1717 2647 1812 2673 deest.

504 2701 550 2729 27.
571 2694 600 2721 A
619 2693 649 2719 in
665 2699 780 2725 marg.:
803 2691 912 2725 triplex
930 2688 1110 2722 ignorancia
1130 2694 1200 2713 cum
1222 2685 1337 2713 noticia
1357 2684 1426 2712 fidei
1442 2692 1467 2718 ¹3
1488 2683 1510 2710 B
1531 2683 1561 2710 in
1582 2689 1698 2715 marg.:
1727 2681 1814 2714 Igno-

503 2727 608 2755 rancia
622 2726 750 2762 Triplex
769 2732 877 2752 eorum
898 2731 958 2759 que
978 2723 1094 2750 scimus
1114 2730 1149 2748 ex
1170 2721 1334 2753 scriptura.
1476 2725 1522 2752 29.
1541 2718 1585 2745 A:
1612 2716 1670 2744 hoc
1690 2724 1726 2742 ex
1745 2715 1813 2742 fide.

503 2763 543 2791 31.
564 2763 608 2790 A:
631 2769 665 2788 ac
685 2762 751 2788 eius
771 2758 969 2792 adversaci03
985 2757 1024 2785 B:
1046 2765 1081 2785 ac
1095 2762 1123 2785 et
1137 2757 1166 2783 in
1183 2756 1253 2784 cod.
1339 2754 1381 2783 33.
1396 2754 1442 2781 A:
1457 2753 1540 2789 quod
1561 2756 1635 2779 tam.
1706 2751 1753 2783 34.
1769 2752 1812 2777 A:

505 2796 686 2824 medutillio.
758 2794 801 2823 35.
819 2796 864 2822 A:
886 2791 1040 2829 perfectus
1060 2797 1113 2819 est.

580 2879 606 2900 1.
633 2867 685 2900 Cf.
710 2866 916 2907 Trialogum
943 2875 1021 2907 pag.
1050 2874 1131 2905 2403
1162 2864 1248 2905 Aug.
1276 2862 1366 2904 Opp.
1393 2860 1446 2901 IX,
1473 2857 1527 2903 98.
1702 2867 1733 2898 7.
1762 2854 1813 2887 Cf.

508 2916 693 2956 Extravag.
720 2914 858 2945 Comm.
886 2911 944 2943 lib.
972 2912 995 2951 Ι,
1022 2911 1071 2942 tit.
1099 2910 1188 2949 VIII,
1216 2919 1289 2950 cap.
1317 2908 1327 2939 I
1358 2908 1471 2939 Unam
1498 2908 1672 2938 sanctam.
