2017 3353
124 293 141 318 ι»)

148 296 170 319 0

178 293 196 318 [Q

152 1325 256 1353 Christ
279 1327 344 1361 tells

158 1360 240 1387 what
260 1361 338 1388 their

111 1394 245 1422 troubles
261 1396 320 1423 will
338 1397 382 1424 bc.

106 2137 193 2165 False
214 2137 379 2165 christianis

106 2179 261 2210 persecute
278 2184 311 2201 as
327 2174 376 2201 did

162 2210 211 2236 the
230 2209 322 2236 Jews.

709 295 929 327 JOHANNIS
952 296 1136 328 WYCLIF
1154 297 1409 330 SERMONUM
1454 284 1605 342 [SERMO
1628 297 1719 325 XXX-

406 405 510 438 Deus
560 402 745 449 dignatur
795 402 940 438 habere
993 403 1197 449 apostolos
1251 404 1466 447 adiutores,
1520 405 1720 453 signanter

405 460 499 497 dicit
534 459 714 496 Christus
764 460 865 508 quod
913 461 962 495 ad
1014 461 1332 498 declaracionem
1384 476 1452 499 sue
1503 463 1720 501 divinitatis

403 519 477 567 ipsi
506 518 673 567 apostoli
703 517 957 553 testimonium
985 519 1254 566 perhibebunt,
1288 530 1323 556 et
1357 530 1476 557 causa
1510 521 1642 558 debita
1675 535 1720 559 ac

404 589 581 624 congrua
615 585 671 612 est
705 576 754 611 ad
788 574 884 610 illud
918 576 1019 623 quod
1050 576 1123 624 ipsi
1143 578 1189 612 ab
1212 578 1322 614 inicio
1355 579 1526 627 ipsorum
1560 592 1718 628 operum

404 635 478 670 hoc
512 635 627 681 plene
660 632 896 669 testancium
930 645 1056 669 secum
1090 643 1221 679 erant‚·
1248 635 1386 672 exhinc
1422 636 1525 672 enim
1561 638 1719 674 fuerunt

403 705 493 728 cum
528 691 687 728 Christo
721 690 776 727 sic
809 690 1072 738 spiritualiter
1106 693 1262 729 educati
1298 703 1334 730 et
1368 696 1589 731 debuerunt
1619 704 1719 732 tam-

403 763 523 798 quam
558 758 676 786 testes
708 748 853 797 ydonei
887 749 962 785 hoc
995 749 1145 786 testari.

460 808 537 844 Sed
568 808 636 843 hec
661 808 775 843 verba
800 816 1006 855 tamquam
1032 807 1192 844 subtilia
1216 818 1253 845 et
1277 809 1548 847 consolatoria
1572 811 1720 847 locutus

401 874 455 901 est
483 866 661 901 Christus
691 865 772 901 suis
809 865 1006 914 apostolis,
1046 873 1086 901 ut
1117 869 1332 903 crescendo
1365 867 1405 904 in
1438 868 1716 906 certitudinem

402 936 491 959 cum
526 922 696 959 viderint
731 924 805 959 hoc
839 922 997 970 impleri
1021 936 1093 959 non
1116 926 1429 978 scandalizentur
1457 939 1500 962 ex
1523 926 1718 974 parvitate

402 981 492 1017 fidei
546 991 582 1017 et
633 981 838 1026 virtutum,
893 993 982 1016 cum
1036 982 1207 1018 habeant
1252 982 1306 1019 eis
1350 993 1582 1032 promptum
1636 995 1716 1022 tam

400 1038 541 1076 stabile
588 1039 908 1075 fundamentum.
943 1040 1171 1076 Scandalon
1216 1040 1320 1077 enim
1366 1050 1423 1078 est
1466 1044 1613 1090 pedum
1662 1043 1718 1079 in-

400 1097 540 1145 paccio
584 1096 776 1133 inducens
820 1096 992 1142 ruinam,
1039 1106 1075 1133 et
1120 1097 1317 1145 significat
1361 1099 1516 1136 mistice
1559 1100 1715 1137 ruinam

401 1154 574 1191 hominis
607 1168 628 1191 a
660 1154 817 1200 virtute,
851 1163 887 1191 et
919 1154 975 1191 sic
1007 1168 1055 1191 ne
1088 1156 1261 1203 apostoli
1295 1158 1439 1194 cadant
1468 1171 1490 1194 a
1512 1158 1718 1206 paciencia

400 1213 439 1248 in
471 1212 736 1250 tribulacione
768 1213 901 1249 futura
933 1214 1041 1261 quod
1073 1214 1175 1250 foret
1206 1215 1498 1253 scandalizacio
1531 1216 1716 1264 pessima,

402 1270 583 1307 Christus
617 1270 671 1307 eis
704 1270 884 1319 loquitur
916 1270 992 1308 ista
1024 1273 1156 1308 verba.

457 1331 505 1365 Et
539 1330 587 1366 ad
622 1328 924 1377 exprimendum
950 1328 1004 1366 eis
1028 1329 1185 1377 planius
1209 1329 1516 1368 tribulacionem
1542 1333 1716 1369 futuram

400 1400 519 1435 quam
580 1400 669 1423 cum
722 1386 928 1435 paciencia
981 1388 1210 1433 tolerarent,
1266 1387 1361 1425 dicit
1414 1391 1521 1437 quod
1578 1391 1718 1439 absque

398 1446 602 1495 sinagogis
623 1445 776 1493 facient
810 1457 888 1491 vos,
922 1446 996 1481 hoc
1030 1454 1099 1491 est,
1134 1447 1181 1481 de
1213 1445 1412 1494 sinagogis
1436 1448 1575 1495 expelli
1609 1451 1714 1496 quod

399 1503 441 1539 fit
474 1503 577 1539 inter
608 1504 753 1539 Judeos
787 1502 946 1539 occasio
981 1503 1112 1551 magni
1145 1504 1336 1547 scandali,
1376 1504 1479 1542 sicut
1510 1505 1613 1542 inter
1644 1520 1716 1543 nos

398 1570 454 1596 est
493 1560 641 1597 eieccio
681 1562 728 1597 de
767 1560 934 1597 ecclesia
972 1574 1042 1609 per
1081 1562 1556 1600 excommunicacionem.
1607 1565 1715 1601 Talis

399 1618 503 1655 enirn
529 1618 705 1667 expulsio
721 1627 931 1666 reputatur
949 1619 1264 1656 sceleratissimis
1288 1621 1517 1667 convenire3
1543 1622 1713 1670 apostoli

398 1676 502 1712 enim
550 1676 722 1725 reputati
755 1686 846 1713 sunt
879 1690 900 1713 a
931 1676 1065 1713 Judeis
1104 1676 1269 1724 indigni,
1310 1688 1351 1714 ut
1391 1680 1562 1716 habeant
1601 1694 1713 1728 syna-

397 1747 542 1782 gogam
575 1747 647 1771 nec
679 1735 809 1770 solum
842 1734 880 1770 in
913 1734 1042 1771 verbis
1074 1735 1258 1783 pausabit
1290 1737 1521 1784 persecucio
1554 1748 1714 1786 aposto-

397 1792 485 1833 lica,
531 1794 599 1828 sed
644 1793 743 1828 venit
786 1793 883 1828 hora
923 1806 996 1840 pro
1035 1806 1107 1829 suo
1145 1803 1327 1842 tempore
1366 1804 1408 1830 ut
1446 1795 1627 1832 veniatur
1665 1798 1714 1833 ad

395 1852 572 1891 verbera,
608 1860 644 1886 et
677 1863 723 1886 eo
756 1850 912 1898 gravius
951 1852 1052 1899 quod
1094 1864 1204 1888 (mine
1244 1865 1368 1902 genus
1405 1854 1598 1889 hominum
1632 1864 1713 1891 tam

394 1908 507 1944 Judei
533 1922 652 1956 quam
682 1917 817 1956 gentes
840 1909 942 1957 ipsos
968 1917 1241 1958 persequentes
1263 1911 1468 1947 occidendo
1500 1913 1716 1949 arbitretur

394 1979 434 2002 se
478 1967 694 2015 obsequium
738 1974 920 2015 prestare
957 1967 1052 2003 Deo.
1095 1970 1180 2013 Que
1224 1967 1457 2016 ignorancia
1502 1982 1544 2005 ex
1589 1970 1713 2018 priori

394 2023 627 2071 ignorancia
673 2033 729 2060 est
774 2033 949 2066 causata,
996 2034 1032 2060 et
1076 2025 1151 2062 ista
1196 2026 1380 2063 condicio
1419 2036 1475 2063 est
1520 2040 1566 2063 eo
1612 2028 1714 2076 peri-

396 2081 571 2118 culosior
616 2095 694 2130 quo
740 2081 921 2118 homines
961 2084 1106 2119 debent
1144 2083 1183 2119 in
1222 2097 1341 2120 causa
1376 2084 1446 2121 Dei
1480 2085 1712 2129 animosius,

395 2139 657 2176 excusabilius
691 2149 728 2176 et
760 2139 955 2176 attencius
988 2140 1172 2189 vigorati.
1198 2143 1311 2178 Unde
1341 2142 1482 2190 perfidi
1508 2143 1713 2180 christiani

395 2199 557 2246 quando
601 2199 739 2234 volunt
782 2197 968 2235 inimicos
1013 2212 1104 2235 suos
1150 2199 1411 2236 excusabilius
1462 2210 1499 2236 et
1548 2201 1712 2238 inevita-

395 2255 512 2291 bilius
559 2255 720 2299 destrui,
774 2255 982 2303 predicant
1037 2258 1144 2304 quod
1189 2257 1407 2294 elemosina
1450 2259 1552 2294 foret
1605 2259 1711 2307 ipsos

394 2322 601 2361 tamquam
644 2313 828 2350 inimicos
867 2313 938 2350 Dei
978 2314 1142 2350 ecclesie
1182 2324 1218 2351 et
1255 2328 1323 2351 sue
1362 2315 1563 2363 religionis
1607 2317 1711 2353 occi-

394 2372 505 2415 dere3
551 2372 618 2407 sed
658 2381 749 2408 ante
787 2371 881 2408 istas
920 2372 1205 2408 tribulaciones
1249 2373 1410 2409 veniunt
1448 2374 1610 2421 palliate
1650 2388 1710 2411 ex-

393 2428 799 2471 communicaciones,
853 2429 908 2465 sic
961 2432 1068 2478 quod
1121 2430 1250 2466 omnis
1303 2431 1534 2479 persecucio
1588 2446 1708 2481 quarn

391 2485 575 2523 diabolus
613 2486 792 2534 palliavit
830 2487 870 2523 in
903 2487 1049 2523 Christi
1083 2490 1288 2536 apostolos
1327 2498 1384 2525 est
1423 2489 1601 2538 palliata,
1640 2492 1709 2527 sed

461 2616 484 2635 2.
507 2608 546 2635 C:
577 2608 706 2635 deitatis.
797 2607 820 2635 3.
845 2608 909 2636 BC:
938 2609 1067 2643 apostoli
1091 2609 1183 2636 deest.
1275 2620 1302 2644 4.
1326 2611 1363 2637 B:
1386 2620 1520 2645 esingrua
1541 2617 1568 2638 et
1589 2612 1706 2640 debita:

390 2643 430 2670 ib.
452 2644 495 2670 A:
517 2643 554 2670 ad
576 2643 668 2670 deest.
742 2651 769 2675 Q.
793 2643 858 2670 BC:
880 2643 1087 2670 certitudines.
1164 2653 1202 2671 10.
1225 2645 1290 2672 BC:
1312 2645 1375 2672 hcc.
1450 2654 1483 2673 11.
1504 2647 1548 2673 A:
1577 2647 1619 2673 eis
1648 2655 1707 2673 wer—

390 2677 531 2705 mixtum.
595 2686 635 2711 it.
657 2678 700 2705 A:
723 2675 831 2704 cadant
852 2678 945 2704 deest.
1009 2678 1046 2709 13,
1070 2678 1110 2705 10.
1132 2679 1175 2706 A:
1198 2679 1337 2714 pas-sirm
1360 2680 1511 2707 Christus.
1576 2690 1617 2717 ¹9·
1640 2656 1704 2708 l3C:

390 2712 500 2739 sacient
522 2712 600 2739 illos.
684 2720 726 2739 22.
750 2712 814 2739 BC:
838 2713 983 2747 repulsio.
1068 2712 1111 2741 23.
1132 2715 1177 2741 A:
1199 2719 1269 2741 sunt
1289 2714 1383 2741 deest.
1469 2716 1512 2745 25.
1534 2716 1580 2743 26.
1603 2717 1645 2743 A:
1667 2716 1702 2742 acl

390 2747 493 2774 verba.
578 2746 625 2774 26.
648 2747 713 2774 BC:
736 2755 796 2782 quo
817 2755 917 2774 omne.
1003 2756 1047 2783 27.
1070 2748 1107 2775 ss:
1130 2757 1324 2783 persequens
1415 2748 1458 2776 32.
1480 2752 1523 2777 A:
1547 2750 1705 2786 quomodo

390 2781 508 2808 volunt.
581 2780 624 2809 33.
646 2782 690 2808 A:
714 2781 828 2809 destrui
850 2781 943 2809 deest.

458 2874 489 2906 9.
515 2863 593 2895 joh.
619 2864 710 2902 XV1,
735 2874 760 2895 1.
831 2864 879 2896 18.
906 2864 985 2897 ibid.
1060 2865 1112 2897 26.
1132 2866 1301 2908 Vulgate:
1328 2867 1400 2899 Sed
1423 2867 1519 2899 venit
1543 2868 1645 2905 hora,
1666 2873 1704 2900 ut

389 2909 512 2948 omnis,
538 2910 596 2952 qui
621 2910 783 2951 interficit
809 2920 880 2949 vos,
905 2911 1101 2943 arbitretur
1118 2912 1318 2953 obsequium
1337 2921 1373 2945 se
1392 2917 1586 2954 praestare
1604 2914 1690 2946 Deo.

1739 940 1777 961 10

1738 1219 1774 1251 15

1732 1799 1770 1830 25

1730 2088 1772 2120 30

1727 2376 1766 2409 35
