2017 3353
258 250 393 281 smnio
415 240 493 296 xp]
759 255 898 287 ratim
927 256 1052 288 rixas.

257 361 305 396 ad
339 359 516 396 officium
551 368 711 407 putatus
746 360 917 397 habilior
941 361 1111 409 eligitur,
1138 361 1387 398 examinatur
1417 373 1452 399 et
1476 365 1571 400 satis

256 417 391 453 stricte
436 417 676 465 disponitur,
722 418 777 454 sic
822 431 892 466 per
948 420 1079 455 locum
1130 432 1151 455 a
1200 419 1343 456 maiori
1388 422 1571 469 superior

256 475 403 511 electus
437 476 485 511 ad
520 488 657 511 curam
692 476 919 513 animarum
955 490 1045 513 cum
1079 476 1128 512 sit
1162 490 1257 514 cura
1291 491 1492 515 curarum.

313 534 390 569 Sed
423 533 640 581 suppositis
674 533 757 570 istis
789 543 831 570 ut
867 534 944 570 fide
978 543 1100 571 restat
1133 535 1399 572 dubitandum
1425 536 1455 572 si
1491 537 1571 585 epi-

221 597 399 639 SScopus
433 600 564 639 potest
597 591 637 627 in
675 592 903 628 testamenti
937 592 1111 629 defuncti
1145 594 1446 641 approbacione
1487 595 1570 631 fieri

253 649 370 696 lupus
404 662 537 697 rapax,
572 662 643 685 nec
677 650 843 686 dubium
878 650 973 699 quin
1007 650 1201 699 contingit
1235 651 1366 700 ipsum
1407 662 1571 701 propter

253 707 558 743 simulacionem
594 707 705 743 istius
751 708 873 744 officii
918 709 1172 745 committere
1217 718 1299 746 tam
1345 711 1569 759 symoniam

253 778 373 813 quam
419 765 545 802 eciam
592 766 841 802 ferocitatem
887 766 970 815 lupi
1004 767 1174 815 rapacis.
1221 769 1297 804 Pro
1345 782 1424 817 quo
1471 778 1571 806 esset

252 823 384 870 primo
416 823 633 859 videndum
668 825 715 860 de
748 824 977 861 testamenti
1012 825 1324 873 multiplicitate,
1371 828 1419 863 de
1452 836 1570 864 testa-

198 897 236 919 10
253 881 375 917 menti
401 881 583 918 moderni
606 882 847 919 fundacione
871 892 908 919 et
931 883 1139 931 supposita
1156 884 1311 931 optima
1335 884 1418 921 eius
1442 895 1568 933 parte.

251 941 305 975 Ex
338 952 417 987 quo
450 939 535 976 iure
568 949 902 977 testamentorum
937 941 1077 978 talium
1124 943 1371 990 approbacio
1417 952 1474 979 est
1519 945 1569 980 ad

251 997 485 1045 episcopum
521 998 720 1035 devoluta.

308 1057 513 1101 Quantum
547 1057 597 1092 ad
629 1056 819 1104 primum,
853 1057 1094 1105 supponitur
1127 1071 1170 1094 ex
1204 1058 1319 1095 dictis
1342 1058 1436 1095 alibi
1461 1061 1568 1108 quod

249 1123 533 1150 testamentum
567 1114 739 1150 sumitur
772 1114 867 1152 satis
901 1115 1104 1164 equivoce,
1140 1129 1230 1152 curn
1262 1116 1444 1153 Christus
1477 1117 1568 1154 licet

196 1177 232 1210 15
248 1171 427 1208 fundavit
459 1181 675 1221 utrumque
708 1182 1006 1219 testamentum,
1041 1183 1175 1211 tamen
1208 1188 1289 1211 non
1311 1184 1478 1212 testatus
1512 1185 1568 1212 est

248 1229 288 1266 in
321 1230 398 1266 fine
431 1229 508 1266 vite
541 1243 609 1267 sue
644 1232 690 1267 de
735 1231 1040 1280 temporalibus,
1086 1234 1154 1268 sed
1199 1234 1247 1269 de
1291 1233 1567 1281 spiritualibus

248 1288 556 1336 prudentissime
590 1298 647 1324 est
680 1289 863 1337 partitus.
899 1292 988 1336 Quo
1022 1290 1230 1338 supposito
1268 1291 1426 1327 videtur
1459 1294 1566 1340 quod

248 1346 431 1382 illicitum
466 1355 522 1382 est
555 1347 753 1383 seculares
785 1347 825 1383 in
858 1347 998 1384 mortis
1026 1348 1196 1384 articulo
1223 1348 1279 1385 sie
1303 1351 1419 1386 edere
1447 1359 1566 1387 testa-

248 1413 394 1449 menta,
429 1404 522 1453 quia
553 1417 627 1441 nec
660 1405 841 1442 Christus
873 1419 945 1442 nec
978 1406 1177 1454 scriptura
1209 1420 1280 1443 sua
1313 1408 1388 1444 hoc
1412 1409 1565 1445 edocet.

191 1479 232 1500 20
248 1464 348 1499 Cum
373 1476 466 1510 ergo
490 1462 588 1499 illud
611 1462 683 1500 fuit
707 1465 909 1512 exemplar
932 1465 1095 1512 plenum
1120 1474 1156 1501 et
1179 1465 1563 1502 sufficientissimum

247 1522 297 1557 ad
331 1522 557 1557 docendum
597 1523 803 1570 quomodo
849 1522 985 1559 fideles
1029 1524 1174 1559 debent
1218 1524 1361 1570 facere,
1407 1524 1565 1561 videtur

247 1580 356 1627 quod
387 1592 468 1615 non
501 1580 645 1615 debent
678 1579 718 1615 in
751 1579 891 1617 mortis
924 1580 1095 1617 articulo
1128 1581 1184 1617 sic
1216 1581 1367 1619 testari.

305 1639 416 1682 Item,
462 1638 609 1673 nedum
662 1638 835 1686 apostoli
880 1648 917 1675 et
961 1652 1210 1676 successores
1262 1653 1400 1676 eorum
1446 1650 1564 1678 testa-

248 1704 427 1731 mentum
462 1696 540 1731 tale
574 1696 809 1742 habuerant,
844 1698 913 1732 sed
957 1696 1131 1745 religiosi
1176 1697 1301 1734 nostri
1347 1707 1428 1735 tam
1475 1712 1564 1747 pos-

191 1757 231 1790 25
247 1753 457 1789 sessionati
497 1767 617 1802 quam
652 1754 925 1791 mendicantes
959 1755 1065 1791 istud
1090 1755 1302 1803 refugiunt.
1345 1758 1445 1793 Cum
1471 1770 1564 1805 ergo

247 1810 373 1847 nostri
405 1811 579 1848 viventes
612 1812 651 1847 in
695 1813 828 1849 seculo
873 1822 1040 1861 possunt
1079 1815 1129 1850 ad
1173 1816 1340 1862 gradum
1386 1815 1563 1851 caritatis

246 1868 426 1917 ipsorum
466 1869 573 1917 ipsos
617 1870 825 1919 attingere,
871 1870 1026 1907 videtur
1070 1873 1178 1920 quod
1216 1873 1349 1909 nullus
1387 1874 1564 1921 prelatus

249 1928 365 1963 debet
398 1927 651 1976 propositum
692 1937 774 1965 tam
808 1938 990 1966 sanctum
1026 1931 1242 1967 destruere.

306 1988 415 2031 Item,
450 1999 588 2022 omnes
627 1987 726 2023 tales
771 1987 946 2024 defuncti
990 1988 1050 2024 vel
1094 1998 1345 2036 occupantur
1389 1989 1563 2026 avaricia

190 2049 232 2081 30
247 2042 287 2078 in
319 2043 387 2080 illo
421 2044 592 2081 articulo
626 2053 669 2080 ut
702 2045 863 2093 presciti
897 2046 957 2082 vel
989 2055 1080 2082 sunt
1112 2059 1201 2083 vere
1246 2046 1469 2096 penitentes
1515 2049 1562 2084 de

246 2101 322 2137 hoc
356 2103 586 2150 quodcum
633 2111 744 2139 tanta
788 2103 1073 2152 temporalium
1120 2104 1236 2152 copia
1280 2105 1560 2153 iungebantur.

246 2159 286 2195 Si
320 2159 451 2208 primo
477 2162 611 2207 modo,
637 2162 895 2209 nephandum
931 2171 987 2198 est
1012 2163 1254 2199 confirmare
1278 2163 1418 2200 talium
1443 2172 1561 2200 testa-

247 2227 439 2264 mentum,
486 2232 574 2255 cum
621 2221 839 2256 secundum
887 2220 1064 2256 divinum
1109 2220 1303 2257 iudicium
1348 2235 1428 2258 non
1473 2222 1561 2270 plus

246 2276 392 2312 habent
425 2290 546 2325 quam
571 2277 690 2323 dives,
726 2279 774 2314 de
807 2291 886 2326 quo
921 2280 1026 2315 Luce
1058 2280 1159 2315 X110.
1195 2281 1252 2316 De
1276 2293 1355 2329 quo
1380 2280 1561 2317 Christus

188 2338 228 2371 35
245 2342 413 2370 testatur
446 2336 553 2383 quod
585 2336 712 2371 anima
734 2349 803 2373 sua
828 2337 874 2373 de
896 2349 1062 2386 corpore
1083 2338 1215 2374 eadem
1245 2346 1353 2374 nocte
1381 2351 1402 2374 a
1433 2339 1560 2375 demo-

244 2392 352 2428 nibus
373 2393 458 2441 fuit
491 2401 615 2442 rapta.
650 2395 751 2430 Cum
777 2407 869 2442 ergo
894 2407 937 2431 ex
959 2395 1054 2431 alibi
1079 2395 1194 2432 dictis
1216 2395 1387 2433 iniustus
1416 2396 1560 2433 iniuste

254 2547 259 2551 .
313 2522 337 2541 2.
358 2515 402 2542 A:
425 2515 572 2543 districte.
664 2526 692 2548 4.
714 2517 742 2544 A
762 2517 792 2544 in
814 2525 926 2552 marg:
950 2518 1103 2549 Dubium:
1126 2518 1165 2546 ib.
1188 2519 1209 2546 B
1230 2519 1260 2546 in
1282 2528 1394 2546 marm:
1419 2519 1558 2554 Questio.

244 2552 271 2575 t).
294 2550 337 2576 A:
359 2555 485 2585 propter
506 2551 699 2578 filiacionem.
784 2560 823 2579 10.
846 2553 889 2579 A:
913 2552 1030 2587 optima
1052 2554 1144 2580 deest.
1232 2562 1264 2581 11.
1286 2555 1330 2581 A:
1351 2539 1456 2581 Y>rima
1476 2554 1558 2584 iure:

244 2584 283 2610 ib.
311 2585 338 2611 A
368 2585 397 2611 in
428 2593 524 2612 maro.
561 2586 613 2612 int‘.
642 2586 692 2612 fol.
726 2587 802 2625 171⁶:
835 2587 959 2614 Presciti
988 2596 1047 2614 non
1080 2588 1257 2615 ministrant
1286 2593 1476 2615 sacramenta
1505 2597 1559 2616 nec

243 2619 358 2655 faciunt
385 2620 464 2646 bona
491 2606 526 2647 Se
553 2628 661 2655 genere
688 2621 746 2648 nisi
774 2621 851 2648 forte
878 2623 1047 2649 secundum
1076 2623 1160 2657 quid.
1243 2623 1279 2650 13.
1301 2624 1329 2650 A
1349 2623 1378 2650 in
1402 2632 1514 2658 marga
1538 2632 1557 2650 1.

244 2658 285 2680 ιο.
306 2655 349 2680 A:
373 2654 424 2681 sed
447 2654 482 2681 de
504 2655 716 2690 spiritualibus
737 2656 830 2682 deest.
896 2665 942 2683 20.
964 2658 1008 2684 A:
1031 2659 1223 2693 exemplum:
1246 2658 1284 2685 ib.
1302 2659 1329 2685 A
1344 2658 1373 2685 in
1396 2667 1509 2693 marga
1531 2668 1556 2685 a.

245 2689 336 2723 Quod
359 2689 497 2716 illicitum
519 2694 562 2716 est
584 2690 772 2717 secularibus
793 2691 821 2717 in
844 2692 953 2719 mortis
973 2692 1102 2719 articulo
1123 2693 1254 2720 condere
1281 2698 1461 2719 testamenta
1489 2701 1558 2728 pro—

244 2723 332 2750 batur
353 2723 474 2750 racione
495 2724 666 2761 multiplici.
751 2724 794 2752 32.
815 2726 844 2753 A
864 2726 893 2753 in
916 2735 1028 2761 marg.:
1052 2727 1079 2753 b.
1162 2736 1208 2762 24.
1229 2729 1273 2755 A:
1297 2728 1353 2754 tale
1375 2728 1556 2754 abnuerunt.

243 2757 280 2784 31.
302 2758 344 2784 A:
368 2759 487 2793 copula.
561 2757 606 2785 30.
630 2759 669 2786 C:
693 2760 792 2787 fuerit.

314 2830 366 2871 34.
395 2831 509 2862 Lucae
543 2830 619 2871 ΧΠ,
653 2841 712 2866 20:
754 2832 881 2871 Stulte,
913 2833 978 2865 hac
1009 2839 1109 2866 nocte
1135 2835 1294 2866 animam
1329 2839 1427 2866 tuam
1457 2844 1554 2876 repe-

242 2881 321 2908 tunt
346 2887 367 2909 α
395 2882 437 2909 te.

1781 263 1801 289 [0

1810 256 1831 290 Οἱ

1839 267 1860 301 Ὀ

1611 548 1788 576 lixtortions
1808 550 1843 576 ol*

1612 583 1739 618 bisliops
1761 592 1793 610 as
1813 589 1843 610 to

1682 619 1769 645 wills.

1618 1241 1719 1268 Doubt
1740 1250 1774 1268 as
1794 1247 1824 1269 to

1606 1276 1783 1303 lawfulness
1804 1280 1835 1304 ot

1583 1311 1707 1346 making
1727 1312 1805 1339 wills
1825 1312 1854 1338 in

1582 1346 1709 1373 articulo
1734 1347 1854 1374 mortis,

1627 1648 1709 1676 Such
1730 1649 1807 1676 will-

1622 1684 1742 1710 makers
1763 1692 1813 1711 are

1632 1718 1748 1746 wicked
1769 1727 1806 1746 or

1644 1754 1789 1788 penitent.
