<?xml version="1.0" encoding="UTF-8"?>
<!DOCTYPE html PUBLIC "-//W3C//DTD XHTML 1.0 Transitional//EN"
    "http://www.w3.org/TR/xhtml1/DTD/xhtml1-transitional.dtd">
<html xmlns="http://www.w3.org/1999/xhtml" xml:lang="en" lang="en">
 <head>
  <title>
</title>
<meta http-equiv="Content-Type" content="text/html;charset=utf-8" />
  <meta name='ocr-system' content='tesseract 3.04.00' />
  <meta name='ocr-capabilities' content='ocr_page ocr_carea ocr_par ocr_line ocrx_word'/>
</head>
<body>
  <div class='ocr_page' id='page_1' title='image "./iohanniswyclifse0701wycl_0075.png"; bbox 0 0 2017 3353; ppageno 0'>
   <div class='ocr_carea' id='block_1_1' title="bbox 221 218 1820 277">
    <p class='ocr_par' dir='ltr' id='par_1_1' title="bbox 221 218 1820 277">
     <span class='ocr_line' id='line_1_1' title="bbox 221 218 1820 277; baseline -0.003 -18"><span class='ocrx_word' id='word_1_1' title='bbox 221 230 358 259; x_wconf 65' lang='lat' dir='ltr'>samio</span> <span class='ocrx_word' id='word_1_2' title='bbox 379 219 449 277; x_wconf 73' lang='lat' dir='ltr'>iv]</span> <span class='ocrx_word' id='word_1_3' title='bbox 733 226 872 258; x_wconf 78' lang='lat' dir='ltr'>PRIMA</span> <span class='ocrx_word' id='word_1_4' title='bbox 893 224 1017 256; x_wconf 81' lang='lat' dir='ltr'>PARS.</span> <span class='ocrx_word' id='word_1_5' title='bbox 1772 218 1820 254; x_wconf 85' lang='lat'>23</span> 
     </span>
    </p>
   </div>
   <div class='ocr_carea' id='block_1_2' title="bbox 169 325 1825 2361">
    <p class='ocr_par' dir='ltr' id='par_1_2' title="bbox 169 325 1825 2361">
     <span class='ocr_line' id='line_1_2' title="bbox 225 325 1533 386; baseline -0.011 -10"><span class='ocrx_word' id='word_1_6' title='bbox 225 337 408 386; x_wconf 85' lang='lat' dir='ltr'>Baptista</span> <span class='ocrx_word' id='word_1_7' title='bbox 439 347 529 372; x_wconf 89' lang='lat' dir='ltr'>vere</span> <span class='ocrx_word' id='word_1_8' title='bbox 562 335 722 371; x_wconf 90' lang='lat' dir='ltr'>locutus</span> <span class='ocrx_word' id='word_1_9' title='bbox 757 330 831 382; x_wconf 87' lang='lat' dir='ltr'>est)</span> <span class='ocrx_word' id='word_1_10' title='bbox 855 330 915 367; x_wconf 89' lang='lat' dir='ltr'>vel</span> <span class='ocrx_word' id='word_1_11' title='bbox 939 327 1161 378; x_wconf 89' lang='lat' dir='ltr'>figuraliter</span> <span class='ocrx_word' id='word_1_12' title='bbox 1193 330 1250 372; x_wconf 91' lang='lat' dir='ltr'>(ut</span> <span class='ocrx_word' id='word_1_13' title='bbox 1274 325 1420 363; x_wconf 83' lang='lat' dir='ltr'>veritas</span> <span class='ocrx_word' id='word_1_14' title='bbox 1443 339 1533 363; x_wconf 87' lang='lat' dir='ltr'>vere</span> 
     </span>
     <span class='ocr_line' id='line_1_3' title="bbox 223 382 1534 441; baseline -0.011 -8"><span class='ocrx_word' id='word_1_15' title='bbox 223 396 340 433; x_wconf 84' lang='lat' dir='ltr'>dixit:</span> <span class='ocrx_word' id='word_1_16' title='bbox 375 395 418 430; x_wconf 80' lang='lat' dir='ltr'>Si</span> <span class='ocrx_word' id='word_1_17' title='bbox 448 393 562 431; x_wconf 73' lang='lat' dir='ltr'>vultis</span> <span class='ocrx_word' id='word_1_18' title='bbox 595 392 778 441; x_wconf 78' lang='lat' dir='ltr'>recipere,</span> <span class='ocrx_word' id='word_1_19' title='bbox 803 390 882 439; x_wconf 81' lang='lat' dir='ltr'>ipse</span> <span class='ocrx_word' id='word_1_20' title='bbox 914 395 967 425; x_wconf 83' lang='lat' dir='ltr'>est</span> <span class='ocrx_word' id='word_1_21' title='bbox 999 382 1166 438; x_wconf 79' lang='lat' dir='ltr'>Helias).</span> <span class='ocrx_word' id='word_1_22' title='bbox 1197 387 1245 422; x_wconf 90' lang='lat' dir='ltr'>Et</span> <span class='ocrx_word' id='word_1_23' title='bbox 1280 384 1405 421; x_wconf 87' lang='lat' dir='ltr'>tercio</span> <span class='ocrx_word' id='word_1_24' title='bbox 1439 384 1534 433; x_wconf 85' lang='lat' dir='ltr'>quia</span> 
     </span>
     <span class='ocr_line' id='line_1_4' title="bbox 223 441 1533 501; baseline -0.011 -11"><span class='ocrx_word' id='word_1_25' title='bbox 223 453 438 501; x_wconf 80' lang='lat' dir='ltr'>analogum</span> <span class='ocrx_word' id='word_1_26' title='bbox 473 464 543 500; x_wconf 90' lang='lat' dir='ltr'>per</span> <span class='ocrx_word' id='word_1_27' title='bbox 565 463 606 487; x_wconf 90' lang='lat' dir='ltr'>se</span> <span class='ocrx_word' id='word_1_28' title='bbox 639 458 849 496; x_wconf 87' lang='lat' dir='ltr'>sumptum</span> <span class='ocrx_word' id='word_1_29' title='bbox 884 458 956 495; x_wconf 90' lang='lat' dir='ltr'>pro</span> <span class='ocrx_word' id='word_1_30' title='bbox 982 443 1191 482; x_wconf 85' lang='lat' dir='ltr'>famosiori</span> <span class='ocrx_word' id='word_1_31' title='bbox 1215 441 1403 488; x_wconf 84' lang='lat' dir='ltr'>sumitur,</span> <span class='ocrx_word' id='word_1_32' title='bbox 1438 455 1533 491; x_wconf 88' lang='lat' dir='ltr'>que-</span> 
     </span>
     <span class='ocr_line' id='line_1_5' title="bbox 223 500 1532 555; baseline -0.01 -7"><span class='ocrx_word' id='word_1_33' title='bbox 223 512 374 548; x_wconf 87' lang='lat' dir='ltr'>sierunt</span> <span class='ocrx_word' id='word_1_34' title='bbox 409 509 441 546; x_wconf 88' lang='lat' dir='ltr'>si</span> <span class='ocrx_word' id='word_1_35' title='bbox 475 509 526 546; x_wconf 89' lang='lat' dir='ltr'>sit</span> <span class='ocrx_word' id='word_1_36' title='bbox 560 509 627 544; x_wconf 89' lang='lat' dir='ltr'>ille</span> <span class='ocrx_word' id='word_1_37' title='bbox 661 507 860 555; x_wconf 89' lang='lat' dir='ltr'>propheta</span> <span class='ocrx_word' id='word_1_38' title='bbox 894 503 1063 541; x_wconf 79' lang='lat' dir='ltr'>eximius</span> <span class='ocrx_word' id='word_1_39' title='bbox 1097 501 1166 551; x_wconf 93' lang='lat' dir='ltr'>qui</span> <span class='ocrx_word' id='word_1_40' title='bbox 1201 502 1242 536; x_wconf 87' lang='lat' dir='ltr'>in</span> <span class='ocrx_word' id='word_1_41' title='bbox 1274 500 1360 548; x_wconf 87' lang='lat' dir='ltr'>lege</span> <span class='ocrx_word' id='word_1_42' title='bbox 1393 513 1532 537; x_wconf 89' lang='lat' dir='ltr'>eorum</span> 
     </span>
     <span class='ocr_line' id='line_1_6' title="bbox 189 557 1532 616; baseline -0.01 -9"><span class='ocrx_word' id='word_1_43' title='bbox 189 570 351 615; x_wconf 78' lang='lat' dir='ltr'>5fuerat</span> <span class='ocrx_word' id='word_1_44' title='bbox 385 568 663 616; x_wconf 84' lang='lat' dir='ltr'>prophetatus,</span> <span class='ocrx_word' id='word_1_45' title='bbox 710 565 818 614; x_wconf 86' lang='lat' dir='ltr'>quod</span> <span class='ocrx_word' id='word_1_46' title='bbox 864 562 989 599; x_wconf 91' lang='lat' dir='ltr'>eciam</span> <span class='ocrx_word' id='word_1_47' title='bbox 1036 568 1251 608; x_wconf 77' lang='lat' dir='ltr'>negaverat</span> <span class='ocrx_word' id='word_1_48' title='bbox 1290 557 1393 595; x_wconf 88' lang='lat' dir='ltr'>sicut</span> <span class='ocrx_word' id='word_1_49' title='bbox 1427 568 1532 595; x_wconf 90' lang='lat' dir='ltr'>ante.</span> 
     </span>
     <span class='ocr_line' id='line_1_7' title="bbox 223 616 1825 675; baseline -0.006 -10"><span class='ocrx_word' id='word_1_50' title='bbox 223 628 300 665; x_wconf 91' lang='lat' dir='ltr'>Sed</span> <span class='ocrx_word' id='word_1_51' title='bbox 324 636 470 675; x_wconf 89' lang='lat' dir='ltr'>quarto</span> <span class='ocrx_word' id='word_1_52' title='bbox 507 625 714 662; x_wconf 89' lang='lat' dir='ltr'>confessus</span> <span class='ocrx_word' id='word_1_53' title='bbox 748 632 806 659; x_wconf 90' lang='lat' dir='ltr'>est</span> <span class='ocrx_word' id='word_1_54' title='bbox 845 619 1056 658; x_wconf 85' lang='lat' dir='ltr'>humiliter</span> <span class='ocrx_word' id='word_1_55' title='bbox 1088 618 1197 667; x_wconf 86' lang='lat' dir='ltr'>quod</span> <span class='ocrx_word' id='word_1_56' title='bbox 1236 616 1312 653; x_wconf 88' lang='lat' dir='ltr'>fuit</span> <span class='ocrx_word' id='word_1_57' title='bbox 1346 629 1424 653; x_wconf 76' lang='lat' dir='ltr'>vox</span> <span class='ocrx_word' id='word_1_58' title='bbox 1456 617 1533 653; x_wconf 85' lang='lat' dir='ltr'>cla-</span> <span class='ocrx_word' id='word_1_59' title='bbox 1550 627 1634 666; x_wconf 72' lang='lat' dir='ltr'>Why</span> <span class='ocrx_word' id='word_1_60' title='bbox 1661 627 1699 655; x_wconf 85' lang='lat' dir='ltr'>he</span> <span class='ocrx_word' id='word_1_61' title='bbox 1728 628 1825 667; x_wconf 25' lang='lat' dir='ltr'>caniied</span> 
     </span>
     <span class='ocr_line' id='line_1_8' title="bbox 222 662 1825 732; baseline -0.01 -10"><span class='ocrx_word' id='word_1_62' title='bbox 222 686 360 722; x_wconf 78' lang='lat' dir='ltr'>mantis</span> <span class='ocrx_word' id='word_1_63' title='bbox 403 685 439 720; x_wconf 87' lang='lat' dir='ltr'>in</span> <span class='ocrx_word' id='word_1_64' title='bbox 478 684 647 720; x_wconf 82' lang='lat' dir='ltr'>deserto:</span> <span class='ocrx_word' id='word_1_65' title='bbox 694 681 867 732; x_wconf 77' lang='lat' dir='ltr'>Dirigite</span> <span class='ocrx_word' id='word_1_66' title='bbox 905 679 1005 715; x_wconf 78' lang='lat' dir='ltr'>viam</span> <span class='ocrx_word' id='word_1_67' title='bbox 1038 676 1210 720; x_wconf 83' lang='lat' dir='ltr'>Domini,</span> <span class='ocrx_word' id='word_1_68' title='bbox 1242 675 1338 711; x_wconf 83' lang='lat' dir='ltr'>sicut</span> <span class='ocrx_word' id='word_1_69' title='bbox 1364 675 1534 724; x_wconf 76' lang='lat' dir='ltr'>prophe·</span> <span class='ocrx_word' id='word_1_70' title='bbox 1551 662 1825 697; x_wconf 62' lang='lat' dir='ltr'>himseifa7voice’,</span> 
     </span>
     <span class='ocr_line' id='line_1_9' title="bbox 222 734 1534 786; baseline -0.011 -5"><span class='ocrx_word' id='word_1_71' title='bbox 222 751 343 781; x_wconf 82' lang='lat' dir='ltr'>tatum</span> <span class='ocrx_word' id='word_1_72' title='bbox 376 749 443 781; x_wconf 83' lang='lat' dir='ltr'>est.</span> <span class='ocrx_word' id='word_1_73' title='bbox 495 740 614 777; x_wconf 88' lang='lat' dir='ltr'>Ysaie</span> <span class='ocrx_word' id='word_1_74' title='bbox 645 741 725 786; x_wconf 89' lang='lat' dir='ltr'>XL,</span> <span class='ocrx_word' id='word_1_75' title='bbox 763 739 798 776; x_wconf 90' lang='lat'>3.</span> <span class='ocrx_word' id='word_1_76' title='bbox 862 737 974 774; x_wconf 88' lang='lat' dir='ltr'>Sicut</span> <span class='ocrx_word' id='word_1_77' title='bbox 1009 735 1206 784; x_wconf 86' lang='lat' dir='ltr'>(inquam)</span> <span class='ocrx_word' id='word_1_78' title='bbox 1239 744 1336 769; x_wconf 86' lang='lat' dir='ltr'>voce</span> <span class='ocrx_word' id='word_1_79' title='bbox 1368 734 1534 768; x_wconf 74' lang='lat' dir='ltr'>verbum</span> 
     </span>
     <span class='ocr_line' id='line_1_10' title="bbox 224 795 1536 848; baseline -0.01 -10"><span class='ocrx_word' id='word_1_80' title='bbox 224 800 369 838; x_wconf 87' lang='lat' dir='ltr'>mentis</span> <span class='ocrx_word' id='word_1_81' title='bbox 403 799 654 848; x_wconf 80' lang='lat' dir='ltr'>exprimitur,</span> <span class='ocrx_word' id='word_1_82' title='bbox 689 797 745 834; x_wconf 92' lang='lat' dir='ltr'>sic</span> <span class='ocrx_word' id='word_1_83' title='bbox 777 797 957 833; x_wconf 86' lang='lat' dir='ltr'>Johanne</span> <span class='ocrx_word' id='word_1_84' title='bbox 990 795 1157 830; x_wconf 79' lang='lat' dir='ltr'>verbum</span> <span class='ocrx_word' id='word_1_85' title='bbox 1182 800 1410 828; x_wconf 85' lang='lat' dir='ltr'>eructatum</span> <span class='ocrx_word' id='word_1_86' title='bbox 1435 800 1536 827; x_wconf 91' lang='lat' dir='ltr'>eter-</span> 
     </span>
     <span class='ocr_line' id='line_1_11' title="bbox 169 849 1537 897; baseline -0.009 -1"><span class='ocrx_word' id='word_1_87' title='bbox 169 875 208 896; x_wconf 88' lang='lat'>10</span> <span class='ocrx_word' id='word_1_88' title='bbox 223 860 370 897; x_wconf 90' lang='lat' dir='ltr'>naliter</span> <span class='ocrx_word' id='word_1_89' title='bbox 401 857 642 895; x_wconf 85' lang='lat' dir='ltr'>declaratur.</span> <span class='ocrx_word' id='word_1_90' title='bbox 676 859 725 893; x_wconf 87' lang='lat' dir='ltr'>Et</span> <span class='ocrx_word' id='word_1_91' title='bbox 758 855 852 891; x_wconf 89' lang='lat' dir='ltr'>licet</span> <span class='ocrx_word' id='word_1_92' title='bbox 884 853 936 890; x_wconf 90' lang='lat' dir='ltr'>sit</span> <span class='ocrx_word' id='word_1_93' title='bbox 959 865 1097 889; x_wconf 77' lang='lat' dir='ltr'>verum</span> <span class='ocrx_word' id='word_1_94' title='bbox 1132 852 1179 886; x_wconf 93' lang='lat' dir='ltr'>de</span> <span class='ocrx_word' id='word_1_95' title='bbox 1201 849 1352 887; x_wconf 87' lang='lat' dir='ltr'>virtute</span> <span class='ocrx_word' id='word_1_96' title='bbox 1385 861 1537 885; x_wconf 90' lang='lat' dir='ltr'>sermo-</span> 
     </span>
     <span class='ocr_line' id='line_1_12' title="bbox 224 906 1537 966; baseline -0.009 -12"><span class='ocrx_word' id='word_1_97' title='bbox 224 918 285 954; x_wconf 92' lang='lat' dir='ltr'>nis</span> <span class='ocrx_word' id='word_1_98' title='bbox 320 917 431 966; x_wconf 92' lang='lat' dir='ltr'>quod</span> <span class='ocrx_word' id='word_1_99' title='bbox 464 915 688 953; x_wconf 69' lang='lat' dir='ltr'>vociferans</span> <span class='ocrx_word' id='word_1_100' title='bbox 722 923 759 950; x_wconf 88' lang='lat' dir='ltr'>et</span> <span class='ocrx_word' id='word_1_101' title='bbox 784 913 963 950; x_wconf 86' lang='lat' dir='ltr'>clamans</span> <span class='ocrx_word' id='word_1_102' title='bbox 990 910 1041 947; x_wconf 90' lang='lat' dir='ltr'>sit</span> <span class='ocrx_word' id='word_1_103' title='bbox 1064 922 1137 945; x_wconf 84' lang='lat' dir='ltr'>vox</span> <span class='ocrx_word' id='word_1_104' title='bbox 1160 908 1249 956; x_wconf 89' lang='lat' dir='ltr'>ipsa</span> <span class='ocrx_word' id='word_1_105' title='bbox 1283 906 1537 944; x_wconf 88' lang='lat' dir='ltr'>substancia-</span> 
     </span>
     <span class='ocr_line' id='line_1_13' title="bbox 225 965 1537 1021; baseline -0.01 -8"><span class='ocrx_word' id='word_1_106' title='bbox 225 976 328 1020; x_wconf 90' lang='lat' dir='ltr'>liter‚</span> <span class='ocrx_word' id='word_1_107' title='bbox 378 985 514 1012; x_wconf 89' lang='lat' dir='ltr'>tamen</span> <span class='ocrx_word' id='word_1_108' title='bbox 556 972 740 1021; x_wconf 84' lang='lat' dir='ltr'>Baptista</span> <span class='ocrx_word' id='word_1_109' title='bbox 792 969 985 1019; x_wconf 82' lang='lat' dir='ltr'>preelegit</span> <span class='ocrx_word' id='word_1_110' title='bbox 1032 966 1288 1005; x_wconf 86' lang='lat' dir='ltr'>intransitive</span> <span class='ocrx_word' id='word_1_111' title='bbox 1334 965 1537 1014; x_wconf 88' lang='lat' dir='ltr'>loquendo</span> 
     </span>
     <span class='ocr_line' id='line_1_14' title="bbox 226 1023 1538 1082; baseline -0.008 -11"><span class='ocrx_word' id='word_1_112' title='bbox 226 1033 368 1082; x_wconf 87' lang='lat' dir='ltr'>pocius</span> <span class='ocrx_word' id='word_1_113' title='bbox 403 1033 622 1069; x_wconf 85' lang='lat' dir='ltr'>concedere</span> <span class='ocrx_word' id='word_1_114' title='bbox 655 1043 696 1067; x_wconf 91' lang='lat' dir='ltr'>se</span> <span class='ocrx_word' id='word_1_115' title='bbox 736 1042 821 1067; x_wconf 89' lang='lat' dir='ltr'>esse</span> <span class='ocrx_word' id='word_1_116' title='bbox 852 1040 991 1065; x_wconf 79' lang='lat' dir='ltr'>vocem</span> <span class='ocrx_word' id='word_1_117' title='bbox 1032 1024 1269 1063; x_wconf 91' lang='lat' dir='ltr'>huiusmodi</span> <span class='ocrx_word' id='word_1_118' title='bbox 1303 1036 1425 1073; x_wconf 89' lang='lat' dir='ltr'>quam</span> <span class='ocrx_word' id='word_1_119' title='bbox 1459 1023 1538 1060; x_wconf 89' lang='lat' dir='ltr'>cla-</span> 
     </span>
     <span class='ocr_line' id='line_1_15' title="bbox 225 1081 1537 1134; baseline -0.008 -6"><span class='ocrx_word' id='word_1_120' title='bbox 225 1101 418 1130; x_wconf 90' lang='lat' dir='ltr'>mantem.</span> <span class='ocrx_word' id='word_1_121' title='bbox 452 1089 587 1127; x_wconf 88' lang='lat' dir='ltr'>Nichil</span> <span class='ocrx_word' id='word_1_122' title='bbox 621 1088 728 1126; x_wconf 90' lang='lat' dir='ltr'>enim</span> <span class='ocrx_word' id='word_1_123' title='bbox 763 1097 821 1125; x_wconf 90' lang='lat' dir='ltr'>est</span> <span class='ocrx_word' id='word_1_124' title='bbox 854 1085 1034 1134; x_wconf 88' lang='lat' dir='ltr'>fragilius</span> <span class='ocrx_word' id='word_1_125' title='bbox 1069 1093 1137 1121; x_wconf 90' lang='lat' dir='ltr'>aut</span> <span class='ocrx_word' id='word_1_126' title='bbox 1182 1081 1537 1131; x_wconf 89' lang='lat' dir='ltr'>inpermanencius</span> 
     </span>
     <span class='ocr_line' id='line_1_16' title="bbox 170 1140 1538 1199; baseline -0.01 -11"><span class='ocrx_word' id='word_1_127' title='bbox 170 1156 205 1188; x_wconf 80' lang='lat'>15</span> <span class='ocrx_word' id='word_1_128' title='bbox 225 1163 346 1199; x_wconf 86' lang='lat' dir='ltr'>quam</span> <span class='ocrx_word' id='word_1_129' title='bbox 380 1162 452 1186; x_wconf 88' lang='lat' dir='ltr'>vox</span> <span class='ocrx_word' id='word_1_130' title='bbox 485 1148 590 1185; x_wconf 88' lang='lat' dir='ltr'>talis.</span> <span class='ocrx_word' id='word_1_131' title='bbox 626 1148 704 1184; x_wconf 85' lang='lat' dir='ltr'>Sed</span> <span class='ocrx_word' id='word_1_132' title='bbox 737 1147 825 1196; x_wconf 80' lang='lat' dir='ltr'>quia</span> <span class='ocrx_word' id='word_1_133' title='bbox 857 1144 985 1181; x_wconf 85' lang='lat' dir='ltr'>nuncii</span> <span class='ocrx_word' id='word_1_134' title='bbox 1015 1142 1122 1179; x_wconf 81' lang='lat' dir='ltr'>missi</span> <span class='ocrx_word' id='word_1_135' title='bbox 1142 1145 1254 1178; x_wconf 81' lang='lat' dir='ltr'>erant</span> <span class='ocrx_word' id='word_1_136' title='bbox 1276 1153 1326 1177; x_wconf 84' lang='lat' dir='ltr'>ex</span> <span class='ocrx_word' id='word_1_137' title='bbox 1343 1140 1538 1189; x_wconf 80' lang='lat' dir='ltr'>phariseis</span> 
     </span>
     <span class='ocr_line' id='line_1_17' title="bbox 226 1197 1537 1256; baseline -0.009 -11"><span class='ocrx_word' id='word_1_138' title='bbox 226 1209 265 1245; x_wconf 92' lang='lat' dir='ltr'>in</span> <span class='ocrx_word' id='word_1_139' title='bbox 311 1207 457 1256; x_wconf 86' lang='lat' dir='ltr'>quibus</span> <span class='ocrx_word' id='word_1_140' title='bbox 503 1207 743 1244; x_wconf 91' lang='lat' dir='ltr'>credebatur</span> <span class='ocrx_word' id='word_1_141' title='bbox 786 1217 808 1241; x_wconf 87' lang='lat' dir='ltr'>a</span> <span class='ocrx_word' id='word_1_142' title='bbox 852 1202 1003 1251; x_wconf 88' lang='lat' dir='ltr'>populo</span> <span class='ocrx_word' id='word_1_143' title='bbox 1037 1199 1176 1249; x_wconf 89' lang='lat' dir='ltr'>religio</span> <span class='ocrx_word' id='word_1_144' title='bbox 1209 1198 1406 1245; x_wconf 83' lang='lat' dir='ltr'>floruisse,</span> <span class='ocrx_word' id='word_1_145' title='bbox 1447 1197 1537 1234; x_wconf 92' lang='lat' dir='ltr'>ideo</span> 
     </span>
     <span class='ocr_line' id='line_1_18' title="bbox 225 1253 1813 1316; baseline -0.009 -12"><span class='ocrx_word' id='word_1_146' title='bbox 225 1266 460 1316; x_wconf 89' lang='lat' dir='ltr'>quesierunt</span> <span class='ocrx_word' id='word_1_147' title='bbox 493 1263 731 1313; x_wconf 88' lang='lat' dir='ltr'>profundius</span> <span class='ocrx_word' id='word_1_148' title='bbox 765 1274 884 1312; x_wconf 81' lang='lat' dir='ltr'>quare</span> <span class='ocrx_word' id='word_1_149' title='bbox 904 1261 1098 1298; x_wconf 67' lang='lat' dir='ltr'>,Iohannes</span> <span class='ocrx_word' id='word_1_150' title='bbox 1130 1258 1354 1295; x_wconf 89' lang='lat' dir='ltr'>secundum</span> <span class='ocrx_word' id='word_1_151' title='bbox 1387 1269 1537 1293; x_wconf 89' lang='lat' dir='ltr'>novum</span> <span class='ocrx_word' id='word_1_152' title='bbox 1553 1253 1662 1282; x_wconf 80' lang='lat' dir='ltr'>John’s</span> <span class='ocrx_word' id='word_1_153' title='bbox 1679 1255 1813 1291; x_wconf 84' lang='lat' dir='ltr'>baptism</span> 
     </span>
     <span class='ocr_line' id='line_1_19' title="bbox 226 1315 1539 1375; baseline -0.008 -14"><span class='ocrx_word' id='word_1_154' title='bbox 226 1325 347 1362; x_wconf 87' lang='lat' dir='ltr'>ritum</span> <span class='ocrx_word' id='word_1_155' title='bbox 373 1322 576 1372; x_wconf 84' lang='lat' dir='ltr'>religionis</span> <span class='ocrx_word' id='word_1_156' title='bbox 595 1321 805 1375; x_wconf 54' lang='lat' dir='ltr'>baptizavit</span> <span class='ocrx_word' id='word_1_157' title='bbox 828 1319 884 1356; x_wconf 90' lang='lat' dir='ltr'>sic</span> <span class='ocrx_word' id='word_1_158' title='bbox 906 1317 1118 1368; x_wconf 88' lang='lat' dir='ltr'>populum,</span> <span class='ocrx_word' id='word_1_159' title='bbox 1143 1328 1228 1352; x_wconf 85' lang='lat' dir='ltr'>cum</span> <span class='ocrx_word' id='word_1_160' title='bbox 1247 1328 1319 1353; x_wconf 86' lang='lat' dir='ltr'>non</span> <span class='ocrx_word' id='word_1_161' title='bbox 1336 1315 1384 1351; x_wconf 82' lang='lat' dir='ltr'>sit</span> <span class='ocrx_word' id='word_1_162' title='bbox 1402 1315 1539 1364; x_wconf 81' lang='lat' dir='ltr'>aliquis</span> 
     </span>
     <span class='ocr_line' id='line_1_20' title="bbox 226 1373 1536 1429; baseline -0.008 -9"><span class='ocrx_word' id='word_1_163' title='bbox 226 1384 362 1420; x_wconf 86' lang='lat' dir='ltr'>horum</span> <span class='ocrx_word' id='word_1_164' title='bbox 396 1383 513 1418; x_wconf 85' lang='lat' dir='ltr'>trium</span> <span class='ocrx_word' id='word_1_165' title='bbox 546 1381 586 1417; x_wconf 89' lang='lat' dir='ltr'>in</span> <span class='ocrx_word' id='word_1_166' title='bbox 619 1380 765 1429; x_wconf 88' lang='lat' dir='ltr'>quibus</span> <span class='ocrx_word' id='word_1_167' title='bbox 798 1391 901 1415; x_wconf 88' lang='lat' dir='ltr'>nova</span> <span class='ocrx_word' id='word_1_168' title='bbox 934 1375 1074 1425; x_wconf 88' lang='lat' dir='ltr'>religio</span> <span class='ocrx_word' id='word_1_169' title='bbox 1107 1375 1328 1411; x_wconf 88' lang='lat' dir='ltr'>inchoaret.</span> <span class='ocrx_word' id='word_1_170' title='bbox 1364 1373 1441 1410; x_wconf 88' lang='lat' dir='ltr'>Sed</span> <span class='ocrx_word' id='word_1_171' title='bbox 1473 1373 1536 1409; x_wconf 89' lang='lat' dir='ltr'>Jo-</span> 
     </span>
     <span class='ocr_line' id='line_1_21' title="bbox 169 1431 1538 1490; baseline -0.009 -11"><span class='ocrx_word' id='word_1_172' title='bbox 169 1460 211 1482; x_wconf 91' lang='lat'>20</span> <span class='ocrx_word' id='word_1_173' title='bbox 226 1443 369 1478; x_wconf 78' lang='lat' dir='ltr'>hannes</span> <span class='ocrx_word' id='word_1_174' title='bbox 400 1440 604 1490; x_wconf 79' lang='lat' dir='ltr'>respondet</span> <span class='ocrx_word' id='word_1_175' title='bbox 627 1438 728 1488; x_wconf 82' lang='lat' dir='ltr'>quod</span> <span class='ocrx_word' id='word_1_176' title='bbox 758 1437 880 1474; x_wconf 85' lang='lat' dir='ltr'>solum</span> <span class='ocrx_word' id='word_1_177' title='bbox 914 1435 1086 1488; x_wconf 56' lang='lat' dir='ltr'>baptizat</span> <span class='ocrx_word' id='word_1_178' title='bbox 1119 1431 1397 1481; x_wconf 87' lang='lat' dir='ltr'>preparatorie</span> <span class='ocrx_word' id='word_1_179' title='bbox 1421 1439 1458 1468; x_wconf 93' lang='lat' dir='ltr'>et</span> <span class='ocrx_word' id='word_1_180' title='bbox 1480 1431 1538 1467; x_wconf 91' lang='lat' dir='ltr'>in-</span> 
     </span>
     <span class='ocr_line' id='line_1_22' title="bbox 227 1489 1540 1545; baseline -0.009 -8"><span class='ocrx_word' id='word_1_181' title='bbox 227 1499 421 1545; x_wconf 75' lang='lat' dir='ltr'>choative‚</span> <span class='ocrx_word' id='word_1_182' title='bbox 468 1498 560 1535; x_wconf 91' lang='lat' dir='ltr'>ideo</span> <span class='ocrx_word' id='word_1_183' title='bbox 593 1495 821 1545; x_wconf 85' lang='lat' dir='ltr'>baptizacio</span> <span class='ocrx_word' id='word_1_184' title='bbox 855 1507 928 1531; x_wconf 89' lang='lat' dir='ltr'>sua</span> <span class='ocrx_word' id='word_1_185' title='bbox 961 1502 1019 1531; x_wconf 91' lang='lat' dir='ltr'>est</span> <span class='ocrx_word' id='word_1_186' title='bbox 1052 1504 1191 1541; x_wconf 89' lang='lat' dir='ltr'>grossa</span> <span class='ocrx_word' id='word_1_187' title='bbox 1231 1491 1266 1527; x_wconf 85' lang='lat' dir='ltr'>in</span> <span class='ocrx_word' id='word_1_188' title='bbox 1306 1499 1424 1540; x_wconf 78' lang='lat' dir='ltr'>aqua3</span> <span class='ocrx_word' id='word_1_189' title='bbox 1470 1489 1540 1526; x_wconf 89' lang='lat' dir='ltr'>sed</span> 
     </span>
     <span class='ocr_line' id='line_1_23' title="bbox 228 1546 1539 1604; baseline -0.009 -9"><span class='ocrx_word' id='word_1_190' title='bbox 228 1558 388 1595; x_wconf 89' lang='lat' dir='ltr'>futurus</span> <span class='ocrx_word' id='word_1_191' title='bbox 422 1566 479 1594; x_wconf 90' lang='lat' dir='ltr'>est</span> <span class='ocrx_word' id='word_1_192' title='bbox 514 1568 684 1604; x_wconf 84' lang='lat' dir='ltr'>magnus</span> <span class='ocrx_word' id='word_1_193' title='bbox 718 1554 914 1602; x_wconf 89' lang='lat' dir='ltr'>propheta</span> <span class='ocrx_word' id='word_1_194' title='bbox 946 1564 1067 1601; x_wconf 87' lang='lat' dir='ltr'>quem</span> <span class='ocrx_word' id='word_1_195' title='bbox 1091 1558 1268 1599; x_wconf 88' lang='lat' dir='ltr'>querunt</span> <span class='ocrx_word' id='word_1_196' title='bbox 1301 1548 1436 1595; x_wconf 82' lang='lat' dir='ltr'>tacite,</span> <span class='ocrx_word' id='word_1_197' title='bbox 1470 1546 1539 1596; x_wconf 89' lang='lat' dir='ltr'>qui</span> 
     </span>
     <span class='ocr_line' id='line_1_24' title="bbox 226 1608 1539 1657; baseline -0.008 -4"><span class='ocrx_word' id='word_1_198' title='bbox 226 1616 447 1653; x_wconf 88' lang='lat' dir='ltr'>secundum</span> <span class='ocrx_word' id='word_1_199' title='bbox 482 1614 674 1652; x_wconf 87' lang='lat' dir='ltr'>deitatem</span> <span class='ocrx_word' id='word_1_200' title='bbox 699 1623 756 1650; x_wconf 90' lang='lat' dir='ltr'>est</span> <span class='ocrx_word' id='word_1_201' title='bbox 785 1611 931 1648; x_wconf 80' lang='lat' dir='ltr'>medius</span> <span class='ocrx_word' id='word_1_202' title='bbox 965 1610 1070 1647; x_wconf 87' lang='lat' dir='ltr'>inter</span> <span class='ocrx_word' id='word_1_203' title='bbox 1091 1608 1291 1657; x_wconf 87' lang='lat' dir='ltr'>quaslibet</span> <span class='ocrx_word' id='word_1_204' title='bbox 1320 1615 1539 1653; x_wconf 84' lang='lat' dir='ltr'>creaturas,</span> 
     </span>
     <span class='ocr_line' id='line_1_25' title="bbox 227 1665 1540 1720; baseline -0.008 -9"><span class='ocrx_word' id='word_1_205' title='bbox 227 1674 331 1711; x_wconf 88' lang='lat' dir='ltr'>sicut</span> <span class='ocrx_word' id='word_1_206' title='bbox 354 1683 412 1711; x_wconf 90' lang='lat' dir='ltr'>est</span> <span class='ocrx_word' id='word_1_207' title='bbox 446 1672 581 1710; x_wconf 87' lang='lat' dir='ltr'>media</span> <span class='ocrx_word' id='word_1_208' title='bbox 613 1684 786 1720; x_wconf 89' lang='lat' dir='ltr'>persona</span> <span class='ocrx_word' id='word_1_209' title='bbox 819 1670 859 1706; x_wconf 90' lang='lat' dir='ltr'>in</span> <span class='ocrx_word' id='word_1_210' title='bbox 884 1668 1043 1714; x_wconf 88' lang='lat' dir='ltr'>divinis,</span> <span class='ocrx_word' id='word_1_211' title='bbox 1079 1676 1116 1703; x_wconf 90' lang='lat' dir='ltr'>et</span> <span class='ocrx_word' id='word_1_212' title='bbox 1140 1666 1364 1703; x_wconf 90' lang='lat' dir='ltr'>secundum</span> <span class='ocrx_word' id='word_1_213' title='bbox 1398 1665 1540 1701; x_wconf 88' lang='lat' dir='ltr'>huma-</span> 
     </span>
     <span class='ocr_line' id='line_1_26' title="bbox 170 1723 1540 1777; baseline -0.008 -8"><span class='ocrx_word' id='word_1_214' title='bbox 170 1732 397 1777; x_wconf 83' lang='lat' dir='ltr'>25nitatem</span> <span class='ocrx_word' id='word_1_215' title='bbox 438 1731 615 1768; x_wconf 88' lang='lat' dir='ltr'>mediam</span> <span class='ocrx_word' id='word_1_216' title='bbox 649 1730 773 1767; x_wconf 88' lang='lat' dir='ltr'>vitam</span> <span class='ocrx_word' id='word_1_217' title='bbox 809 1729 971 1774; x_wconf 83' lang='lat' dir='ltr'>ducens,</span> <span class='ocrx_word' id='word_1_218' title='bbox 1012 1738 1120 1776; x_wconf 81' lang='lat' dir='ltr'>quem</span> <span class='ocrx_word' id='word_1_219' title='bbox 1161 1737 1204 1761; x_wconf 83' lang='lat' dir='ltr'>ex</span> <span class='ocrx_word' id='word_1_220' title='bbox 1244 1723 1410 1761; x_wconf 87' lang='lat' dir='ltr'>cecitate</span> <span class='ocrx_word' id='word_1_221' title='bbox 1450 1735 1540 1771; x_wconf 88' lang='lat' dir='ltr'>pee-</span> 
     </span>
     <span class='ocr_line' id='line_1_27' title="bbox 228 1781 1539 1838; baseline -0.008 -11"><span class='ocrx_word' id='word_1_222' title='bbox 228 1789 304 1828; x_wconf 91' lang='lat' dir='ltr'>cati</span> <span class='ocrx_word' id='word_1_223' title='bbox 339 1799 376 1826; x_wconf 94' lang='lat' dir='ltr'>et</span> <span class='ocrx_word' id='word_1_224' title='bbox 408 1788 644 1838; x_wconf 86' lang='lat' dir='ltr'>ignorancia</span> <span class='ocrx_word' id='word_1_225' title='bbox 675 1787 967 1836; x_wconf 89' lang='lat' dir='ltr'>prophetarum</span> <span class='ocrx_word' id='word_1_226' title='bbox 1001 1784 1077 1833; x_wconf 89' lang='lat' dir='ltr'>ipsi</span> <span class='ocrx_word' id='word_1_227' title='bbox 1110 1783 1290 1820; x_wconf 81' lang='lat' dir='ltr'>nesciunt.</span> <span class='ocrx_word' id='word_1_228' title='bbox 1324 1783 1411 1831; x_wconf 81' lang='lat' dir='ltr'>Ipse</span> <span class='ocrx_word' id='word_1_229' title='bbox 1442 1781 1539 1817; x_wconf 85' lang='lat' dir='ltr'>enim</span> 
     </span>
     <span class='ocr_line' id='line_1_28' title="bbox 228 1838 1540 1898; baseline -0.008 -13"><span class='ocrx_word' id='word_1_230' title='bbox 228 1857 283 1885; x_wconf 83' lang='lat' dir='ltr'>est</span> <span class='ocrx_word' id='word_1_231' title='bbox 314 1849 378 1898; x_wconf 80' lang='lat' dir='ltr'>qui</span> <span class='ocrx_word' id='word_1_232' title='bbox 408 1857 498 1895; x_wconf 89' lang='lat' dir='ltr'>post</span> <span class='ocrx_word' id='word_1_233' title='bbox 531 1846 756 1894; x_wconf 86' lang='lat' dir='ltr'>Baptistam</span> <span class='ocrx_word' id='word_1_234' title='bbox 790 1854 982 1881; x_wconf 89' lang='lat' dir='ltr'>venturus</span> <span class='ocrx_word' id='word_1_235' title='bbox 1023 1852 1081 1880; x_wconf 88' lang='lat' dir='ltr'>est</span> <span class='ocrx_word' id='word_1_236' title='bbox 1126 1851 1208 1879; x_wconf 89' lang='lat' dir='ltr'>tam</span> <span class='ocrx_word' id='word_1_237' title='bbox 1249 1841 1429 1876; x_wconf 84' lang='lat' dir='ltr'>humana</span> <span class='ocrx_word' id='word_1_238' title='bbox 1461 1838 1540 1875; x_wconf 92' lang='lat' dir='ltr'>ori-</span> 
     </span>
     <span class='ocr_line' id='line_1_29' title="bbox 229 1898 1539 1955; baseline -0.008 -12"><span class='ocrx_word' id='word_1_239' title='bbox 229 1906 318 1955; x_wconf 84' lang='lat' dir='ltr'>gine</span> <span class='ocrx_word' id='word_1_240' title='bbox 341 1919 464 1955; x_wconf 89' lang='lat' dir='ltr'>quam</span> <span class='ocrx_word' id='word_1_241' title='bbox 488 1904 771 1953; x_wconf 86' lang='lat' dir='ltr'>predicacione</span> <span class='ocrx_word' id='word_1_242' title='bbox 795 1912 832 1940; x_wconf 89' lang='lat' dir='ltr'>et</span> <span class='ocrx_word' id='word_1_243' title='bbox 852 1901 992 1950; x_wconf 87' lang='lat' dir='ltr'>populi</span> <span class='ocrx_word' id='word_1_244' title='bbox 1012 1898 1324 1946; x_wconf 81' lang='lat' dir='ltr'>informacione3</span> <span class='ocrx_word' id='word_1_245' title='bbox 1350 1906 1386 1934; x_wconf 92' lang='lat' dir='ltr'>et</span> <span class='ocrx_word' id='word_1_246' title='bbox 1404 1907 1539 1934; x_wconf 87' lang='lat' dir='ltr'>tamen</span> 
     </span>
     <span class='ocr_line' id='line_1_30' title="bbox 217 1955 1542 2014; baseline -0.008 -12"><span class='ocrx_word' id='word_1_247' title='bbox 217 1966 355 2014; x_wconf 82' lang='lat' dir='ltr'>factus</span> <span class='ocrx_word' id='word_1_248' title='bbox 388 1971 443 2001; x_wconf 78' lang='lat' dir='ltr'>est</span> <span class='ocrx_word' id='word_1_249' title='bbox 475 1971 562 2000; x_wconf 81' lang='lat' dir='ltr'>ante</span> <span class='ocrx_word' id='word_1_250' title='bbox 586 1963 804 2012; x_wconf 76' lang='lat' dir='ltr'>Baptistam</span> <span class='ocrx_word' id='word_1_251' title='bbox 839 1960 1048 2009; x_wconf 84' lang='lat' dir='ltr'>dignitate,</span> <span class='ocrx_word' id='word_1_252' title='bbox 1080 1957 1175 2007; x_wconf 87' lang='lat' dir='ltr'>quia</span> <span class='ocrx_word' id='word_1_253' title='bbox 1198 1957 1324 1994; x_wconf 87' lang='lat' dir='ltr'>factus</span> <span class='ocrx_word' id='word_1_254' title='bbox 1348 1964 1408 1992; x_wconf 92' lang='lat' dir='ltr'>est</span> <span class='ocrx_word' id='word_1_255' title='bbox 1430 1955 1542 2004; x_wconf 88' lang='lat' dir='ltr'>prior</span> 
     </span>
     <span class='ocr_line' id='line_1_31' title="bbox 171 2013 1539 2068; baseline -0.008 -8"><span class='ocrx_word' id='word_1_256' title='bbox 171 2035 212 2067; x_wconf 81' lang='lat'>30</span> <span class='ocrx_word' id='word_1_257' title='bbox 229 2023 356 2060; x_wconf 89' lang='lat' dir='ltr'>tocius</span> <span class='ocrx_word' id='word_1_258' title='bbox 390 2021 544 2058; x_wconf 86' lang='lat' dir='ltr'>ordinis</span> <span class='ocrx_word' id='word_1_259' title='bbox 581 2020 803 2067; x_wconf 88' lang='lat' dir='ltr'>christiani,</span> <span class='ocrx_word' id='word_1_260' title='bbox 838 2019 894 2056; x_wconf 91' lang='lat' dir='ltr'>ita</span> <span class='ocrx_word' id='word_1_261' title='bbox 917 2018 1025 2068; x_wconf 87' lang='lat' dir='ltr'>quod</span> <span class='ocrx_word' id='word_1_262' title='bbox 1050 2024 1136 2054; x_wconf 81' lang='lat' dir='ltr'>ante</span> <span class='ocrx_word' id='word_1_263' title='bbox 1159 2015 1257 2052; x_wconf 91' lang='lat' dir='ltr'>dicit</span> <span class='ocrx_word' id='word_1_264' title='bbox 1281 2013 1539 2063; x_wconf 83' lang='lat' dir='ltr'>prioritatem</span> 
     </span>
     <span class='ocr_line' id='line_1_32' title="bbox 229 2071 1538 2129; baseline -0.008 -11"><span class='ocrx_word' id='word_1_265' title='bbox 229 2079 438 2129; x_wconf 87' lang='lat' dir='ltr'>dignitatis</span> <span class='ocrx_word' id='word_1_266' title='bbox 470 2080 531 2117; x_wconf 78' lang='lat' dir='ltr'>vel</span> <span class='ocrx_word' id='word_1_267' title='bbox 565 2079 719 2116; x_wconf 90' lang='lat' dir='ltr'>ordinis</span> <span class='ocrx_word' id='word_1_268' title='bbox 753 2091 833 2115; x_wconf 91' lang='lat' dir='ltr'>non</span> <span class='ocrx_word' id='word_1_269' title='bbox 867 2087 1003 2114; x_wconf 91' lang='lat' dir='ltr'>autem</span> <span class='ocrx_word' id='word_1_270' title='bbox 1037 2074 1295 2124; x_wconf 88' lang='lat' dir='ltr'>prioritatem</span> <span class='ocrx_word' id='word_1_271' title='bbox 1329 2071 1538 2120; x_wconf 89' lang='lat' dir='ltr'>temporis,</span> 
     </span>
     <span class='ocr_line' id='line_1_33' title="bbox 229 2130 1540 2177; baseline -0.008 0"><span class='ocrx_word' id='word_1_272' title='bbox 229 2152 320 2177; x_wconf 88' lang='lat' dir='ltr'>cum</span> <span class='ocrx_word' id='word_1_273' title='bbox 356 2138 540 2176; x_wconf 87' lang='lat' dir='ltr'>Christus</span> <span class='ocrx_word' id='word_1_274' title='bbox 585 2150 665 2174; x_wconf 90' lang='lat' dir='ltr'>non</span> <span class='ocrx_word' id='word_1_275' title='bbox 711 2136 907 2173; x_wconf 74' lang='lat' dir='ltr'>divinitus</span> <span class='ocrx_word' id='word_1_276' title='bbox 953 2134 1029 2172; x_wconf 88' lang='lat' dir='ltr'>fuit</span> <span class='ocrx_word' id='word_1_277' title='bbox 1072 2134 1201 2170; x_wconf 86' lang='lat' dir='ltr'>factus</span> <span class='ocrx_word' id='word_1_278' title='bbox 1235 2140 1272 2169; x_wconf 89' lang='lat' dir='ltr'>et</span> <span class='ocrx_word' id='word_1_279' title='bbox 1304 2130 1540 2168; x_wconf 89' lang='lat' dir='ltr'>humanitus</span> 
     </span>
     <span class='ocr_line' id='line_1_34' title="bbox 229 2188 1540 2245; baseline -0.008 -11"><span class='ocrx_word' id='word_1_280' title='bbox 229 2197 303 2234; x_wconf 90' lang='lat' dir='ltr'>fuit</span> <span class='ocrx_word' id='word_1_281' title='bbox 337 2207 428 2245; x_wconf 89' lang='lat' dir='ltr'>post</span> <span class='ocrx_word' id='word_1_282' title='bbox 459 2197 682 2234; x_wconf 89' lang='lat' dir='ltr'>Johannem</span> <span class='ocrx_word' id='word_1_283' title='bbox 717 2205 835 2232; x_wconf 88' lang='lat' dir='ltr'>natus</span> <span class='ocrx_word' id='word_1_284' title='bbox 876 2207 918 2231; x_wconf 82' lang='lat' dir='ltr'>ex</span> <span class='ocrx_word' id='word_1_285' title='bbox 951 2202 1081 2239; x_wconf 88' lang='lat' dir='ltr'>utero,</span> <span class='ocrx_word' id='word_1_286' title='bbox 1129 2191 1197 2228; x_wconf 89' lang='lat' dir='ltr'>sed</span> <span class='ocrx_word' id='word_1_287' title='bbox 1230 2200 1275 2227; x_wconf 88' lang='lat' dir='ltr'>ut</span> <span class='ocrx_word' id='word_1_288' title='bbox 1310 2189 1427 2226; x_wconf 88' lang='lat' dir='ltr'>multi</span> <span class='ocrx_word' id='word_1_289' title='bbox 1462 2188 1540 2226; x_wconf 89' lang='lat' dir='ltr'>cal-</span> 
     </span>
     <span class='ocr_line' id='line_1_35' title="bbox 229 2249 1539 2303; baseline -0.008 -10"><span class='ocrx_word' id='word_1_290' title='bbox 229 2255 379 2302; x_wconf 79' lang='lat' dir='ltr'>culam,</span> <span class='ocrx_word' id='word_1_291' title='bbox 426 2255 501 2292; x_wconf 86' lang='lat' dir='ltr'>fuit</span> <span class='ocrx_word' id='word_1_292' title='bbox 546 2255 662 2303; x_wconf 89' lang='lat' dir='ltr'>plene</span> <span class='ocrx_word' id='word_1_293' title='bbox 706 2254 903 2291; x_wconf 86' lang='lat' dir='ltr'>formatus</span> <span class='ocrx_word' id='word_1_294' title='bbox 949 2252 989 2288; x_wconf 91' lang='lat' dir='ltr'>in</span> <span class='ocrx_word' id='word_1_295' title='bbox 1022 2260 1138 2288; x_wconf 88' lang='lat' dir='ltr'>utero</span> <span class='ocrx_word' id='word_1_296' title='bbox 1180 2257 1271 2286; x_wconf 87' lang='lat' dir='ltr'>ante</span> <span class='ocrx_word' id='word_1_297' title='bbox 1303 2249 1539 2285; x_wconf 87' lang='lat' dir='ltr'>Johannem.</span> 
     </span>
     <span class='ocr_line' id='line_1_36' title="bbox 172 2305 1541 2361; baseline -0.007 -10"><span class='ocrx_word' id='word_1_298' title='bbox 172 2326 211 2360; x_wconf 81' lang='lat'>35</span> <span class='ocrx_word' id='word_1_299' title='bbox 229 2315 307 2352; x_wconf 90' lang='lat' dir='ltr'>Sed</span> <span class='ocrx_word' id='word_1_300' title='bbox 331 2314 408 2351; x_wconf 90' lang='lat' dir='ltr'>ista</span> <span class='ocrx_word' id='word_1_301' title='bbox 431 2313 618 2361; x_wconf 89' lang='lat' dir='ltr'>sompnia</span> <span class='ocrx_word' id='word_1_302' title='bbox 640 2325 784 2361; x_wconf 88' lang='lat' dir='ltr'>parum</span> <span class='ocrx_word' id='word_1_303' title='bbox 809 2324 930 2358; x_wconf 88' lang='lat' dir='ltr'>curo;</span> <span class='ocrx_word' id='word_1_304' title='bbox 965 2308 1206 2358; x_wconf 89' lang='lat' dir='ltr'>dignitatem</span> <span class='ocrx_word' id='word_1_305' title='bbox 1231 2317 1366 2345; x_wconf 86' lang='lat' dir='ltr'>autem</span> <span class='ocrx_word' id='word_1_306' title='bbox 1393 2305 1541 2342; x_wconf 89' lang='lat' dir='ltr'>Christi</span> 
     </span>
    </p>
   </div>
   <div class='ocr_carea' id='block_1_3' title="bbox 227 2394 1542 2613">
    <p class='ocr_par' dir='ltr' id='par_1_3' title="bbox 227 2394 1542 2613">
     <span class='ocr_line' id='line_1_37' title="bbox 298 2394 1542 2433; baseline -0.006 -4"><span class='ocrx_word' id='word_1_307' title='bbox 298 2411 322 2430; x_wconf 91' lang='lat'>2.</span> <span class='ocrx_word' id='word_1_308' title='bbox 346 2401 445 2429; x_wconf 82' lang='lat' dir='ltr'>Codd,</span> <span class='ocrx_word' id='word_1_309' title='bbox 467 2402 558 2429; x_wconf 81' lang='lat' dir='ltr'>vultis</span> <span class='ocrx_word' id='word_1_310' title='bbox 579 2402 657 2429; x_wconf 80' lang='lat' dir='ltr'>scire</span> <span class='ocrx_word' id='word_1_311' title='bbox 677 2401 735 2428; x_wconf 82' lang='lat' dir='ltr'>cf.:</span> <span class='ocrx_word' id='word_1_312' title='bbox 758 2400 861 2427; x_wconf 82' lang='lat' dir='ltr'>Matth.</span> <span class='ocrx_word' id='word_1_313' title='bbox 879 2399 928 2431; x_wconf 81' lang='lat' dir='ltr'>XI,</span> <span class='ocrx_word' id='word_1_314' title='bbox 949 2407 992 2433; x_wconf 79' lang='lat'>14.</span> <span class='ocrx_word' id='word_1_315' title='bbox 1076 2397 1102 2426; x_wconf 88' lang='lat'>3.</span> <span class='ocrx_word' id='word_1_316' title='bbox 1118 2397 1160 2424; x_wconf 85' lang='lat' dir='ltr'>B:</span> <span class='ocrx_word' id='word_1_317' title='bbox 1182 2397 1361 2430; x_wconf 77' lang='lat' dir='ltr'>anologum.</span> <span class='ocrx_word' id='word_1_318' title='bbox 1447 2394 1476 2423; x_wconf 84' lang='lat'>6.</span> <span class='ocrx_word' id='word_1_319' title='bbox 1498 2395 1542 2422; x_wconf 81' lang='lat' dir='ltr'>B:</span> 
     </span>
     <span class='ocr_line' id='line_1_38' title="bbox 228 2430 1541 2477; baseline -0.007 -12"><span class='ocrx_word' id='word_1_320' title='bbox 228 2437 290 2477; x_wconf 77' lang='lat' dir='ltr'>Sed</span> <span class='ocrx_word' id='word_1_321' title='bbox 316 2445 422 2473; x_wconf 87' lang='lat' dir='ltr'>quare.</span> <span class='ocrx_word' id='word_1_322' title='bbox 459 2437 480 2464; x_wconf 85' lang='grc' dir='ltr'>Β</span> <span class='ocrx_word' id='word_1_323' title='bbox 509 2436 539 2464; x_wconf 88' lang='lat' dir='ltr'>in</span> <span class='ocrx_word' id='word_1_324' title='bbox 567 2445 683 2470; x_wconf 49' lang='lat' dir='ltr'>marga</span> <span class='ocrx_word' id='word_1_325' title='bbox 714 2436 883 2470; x_wconf 84' lang='lat' dir='ltr'>Dupliciter</span> <span class='ocrx_word' id='word_1_326' title='bbox 905 2438 1006 2470; x_wconf 82' lang='lat' dir='ltr'>potest</span> <span class='ocrx_word' id='word_1_327' title='bbox 1025 2433 1134 2468; x_wconf 86' lang='lat' dir='ltr'>aliquis</span> <span class='ocrx_word' id='word_1_328' title='bbox 1165 2432 1247 2459; x_wconf 88' lang='lat' dir='ltr'>aliud</span> <span class='ocrx_word' id='word_1_329' title='bbox 1270 2440 1337 2459; x_wconf 86' lang='lat' dir='ltr'>esse</span> <span class='ocrx_word' id='word_1_330' title='bbox 1357 2430 1402 2458; x_wconf 89' lang='lat' dir='ltr'>vel</span> <span class='ocrx_word' id='word_1_331' title='bbox 1424 2430 1541 2461; x_wconf 89' lang='lat' dir='ltr'>vocari,</span> 
     </span>
     <span class='ocr_line' id='line_1_39' title="bbox 227 2466 1540 2506; baseline -0.007 -6"><span class='ocrx_word' id='word_1_332' title='bbox 227 2473 343 2500; x_wconf 82' lang='lat' dir='ltr'>seilicet</span> <span class='ocrx_word' id='word_1_333' title='bbox 375 2472 579 2506; x_wconf 82' lang='lat' dir='ltr'>personaliter</span> <span class='ocrx_word' id='word_1_334' title='bbox 599 2477 626 2498; x_wconf 81' lang='lat' dir='ltr'>et</span> <span class='ocrx_word' id='word_1_335' title='bbox 648 2472 831 2504; x_wconf 69' lang='lat' dir='ltr'>figuraliter:</span> <span class='ocrx_word' id='word_1_336' title='bbox 853 2470 1009 2497; x_wconf 78' lang='lat' dir='ltr'>Johannes</span> <span class='ocrx_word' id='word_1_337' title='bbox 1031 2468 1193 2503; x_wconf 83' lang='lat' dir='ltr'>quomodo</span> <span class='ocrx_word' id='word_1_338' title='bbox 1221 2471 1266 2494; x_wconf 86' lang='lat' dir='ltr'>est</span> <span class='ocrx_word' id='word_1_339' title='bbox 1287 2474 1347 2493; x_wconf 81' lang='lat' dir='ltr'>vox</span> <span class='ocrx_word' id='word_1_340' title='bbox 1367 2466 1540 2492; x_wconf 84' lang='lat' dir='ltr'>clamantis.</span> 
     </span>
     <span class='ocr_line' id='line_1_40' title="bbox 228 2500 1542 2547; baseline -0.007 -12"><span class='ocrx_word' id='word_1_341' title='bbox 228 2516 255 2547; x_wconf 80' lang='lat'>7:</span> <span class='ocrx_word' id='word_1_342' title='bbox 275 2508 303 2534; x_wconf 82' lang='lat' dir='ltr'>A</span> <span class='ocrx_word' id='word_1_343' title='bbox 326 2509 356 2546; x_wconf 79' lang='lat' dir='ltr'>in</span> <span class='ocrx_word' id='word_1_344' title='bbox 377 2515 473 2541; x_wconf 86' lang='lat' dir='ltr'>marg.</span> <span class='ocrx_word' id='word_1_345' title='bbox 497 2515 582 2541; x_wconf 85' lang='lat' dir='ltr'>sup.:</span> <span class='ocrx_word' id='word_1_346' title='bbox 603 2506 742 2541; x_wconf 74' lang='lat' dir='ltr'>Dirz&#39;gl&#39;te</span> <span class='ocrx_word' id='word_1_347' title='bbox 762 2506 839 2532; x_wconf 79' lang='lat' dir='ltr'>viam</span> <span class='ocrx_word' id='word_1_348' title='bbox 860 2504 974 2532; x_wconf 79' lang='lat' dir='ltr'>domini</span> <span class='ocrx_word' id='word_1_349' title='bbox 993 2504 1063 2531; x_wconf 84' lang='lat' dir='ltr'>Joli.</span> <span class='ocrx_word' id='word_1_350' title='bbox 1079 2502 1150 2529; x_wconf 88' lang='lat' dir='ltr'>Vll⁰</span> <span class='ocrx_word' id='word_1_351' title='bbox 1174 2500 1218 2536; x_wconf 83' lang='lat' dir='ltr'>(l).</span> <span class='ocrx_word' id='word_1_352' title='bbox 1238 2502 1403 2535; x_wconf 68' lang='lat' dir='ltr'>Dirigenda</span> <span class='ocrx_word' id='word_1_353' title='bbox 1424 2506 1467 2527; x_wconf 84' lang='lat' dir='ltr'>est</span> <span class='ocrx_word' id='word_1_354' title='bbox 1488 2501 1542 2527; x_wconf 83' lang='lat' dir='ltr'>liec</span> 
     </span>
     <span class='ocr_line' id='line_1_41' title="bbox 228 2535 1542 2582; baseline -0.006 -13"><span class='ocrx_word' id='word_1_355' title='bbox 228 2551 280 2582; x_wconf 41' lang='lat' dir='ltr'>via·</span> <span class='ocrx_word' id='word_1_356' title='bbox 296 2550 419 2581; x_wconf 77' lang='lat' dir='ltr'>racione</span> <span class='ocrx_word' id='word_1_357' title='bbox 440 2542 644 2573; x_wconf 70' lang='lat' dir='ltr'>rectitudinis,</span> <span class='ocrx_word' id='word_1_358' title='bbox 676 2542 747 2576; x_wconf 85' lang='lat' dir='ltr'>quia</span> <span class='ocrx_word' id='word_1_359' title='bbox 769 2540 861 2567; x_wconf 84' lang='lat' dir='ltr'>nichil</span> <span class='ocrx_word' id='word_1_360' title='bbox 883 2540 912 2567; x_wconf 92' lang='lat' dir='ltr'>in</span> <span class='ocrx_word' id='word_1_361' title='bbox 934 2548 967 2566; x_wconf 84' lang='lat' dir='ltr'>ea</span> <span class='ocrx_word' id='word_1_362' title='bbox 996 2538 1131 2571; x_wconf 84' lang='lat' dir='ltr'>devium,</span> <span class='ocrx_word' id='word_1_363' title='bbox 1162 2536 1286 2564; x_wconf 85' lang='lat' dir='ltr'>racione</span> <span class='ocrx_word' id='word_1_364' title='bbox 1315 2535 1542 2570; x_wconf 79' lang='lat' dir='ltr'>pulcritudinis,</span> 
     </span>
     <span class='ocr_line' id='line_1_42' title="bbox 229 2571 1541 2613; baseline -0.007 -8"><span class='ocrx_word' id='word_1_365' title='bbox 229 2585 301 2613; x_wconf 87' lang='lat' dir='ltr'>quia</span> <span class='ocrx_word' id='word_1_366' title='bbox 330 2577 424 2604; x_wconf 83' lang='lat' dir='ltr'>nichil</span> <span class='ocrx_word' id='word_1_367' title='bbox 455 2578 484 2604; x_wconf 91' lang='lat' dir='ltr'>in</span> <span class='ocrx_word' id='word_1_368' title='bbox 515 2584 550 2604; x_wconf 86' lang='lat' dir='ltr'>ea</span> <span class='ocrx_word' id='word_1_369' title='bbox 572 2576 745 2610; x_wconf 85' lang='lat' dir='ltr'>sordidum,</span> <span class='ocrx_word' id='word_1_370' title='bbox 777 2576 903 2603; x_wconf 83' lang='lat' dir='ltr'>racione</span> <span class='ocrx_word' id='word_1_371' title='bbox 923 2573 1109 2609; x_wconf 81' lang='lat' dir='ltr'>securitatis,</span> <span class='ocrx_word' id='word_1_372' title='bbox 1131 2572 1203 2608; x_wconf 89' lang='lat' dir='ltr'>quia</span> <span class='ocrx_word' id='word_1_373' title='bbox 1224 2573 1345 2599; x_wconf 89' lang='lat' dir='ltr'>nullum</span> <span class='ocrx_word' id='word_1_374' title='bbox 1368 2571 1541 2606; x_wconf 88' lang='lat' dir='ltr'>periculum</span> 
     </span>
    </p>
   </div>
   <div class='ocr_carea' id='block_1_4' title="bbox 229 2607 1542 2752">
    <p class='ocr_par' dir='ltr' id='par_1_4' title="bbox 229 2607 1542 2752">
     <span class='ocr_line' id='line_1_43' title="bbox 229 2607 1541 2651; baseline -0.006 -12"><span class='ocrx_word' id='word_1_375' title='bbox 229 2618 257 2639; x_wconf 89' lang='lat' dir='ltr'>et</span> <span class='ocrx_word' id='word_1_376' title='bbox 284 2613 408 2639; x_wconf 85' lang='lat' dir='ltr'>racione</span> <span class='ocrx_word' id='word_1_377' title='bbox 434 2611 588 2651; x_wconf 85' lang='lat' dir='ltr'>equitatis,</span> <span class='ocrx_word' id='word_1_378' title='bbox 609 2611 682 2646; x_wconf 87' lang='lat' dir='ltr'>quia</span> <span class='ocrx_word' id='word_1_379' title='bbox 708 2610 827 2638; x_wconf 91' lang='lat' dir='ltr'>nullum</span> <span class='ocrx_word' id='word_1_380' title='bbox 849 2609 1084 2637; x_wconf 79' lang='lat' dir='ltr'>offendiculum.</span> <span class='ocrx_word' id='word_1_381' title='bbox 1223 2615 1266 2634; x_wconf 89' lang='lat'>10.</span> <span class='ocrx_word' id='word_1_382' title='bbox 1294 2607 1337 2633; x_wconf 90' lang='lat' dir='ltr'>A:</span> <span class='ocrx_word' id='word_1_383' title='bbox 1368 2613 1541 2633; x_wconf 79' lang='lat' dir='ltr'>sermones.</span> 
     </span>
     <span class='ocr_line' id='line_1_44' title="bbox 230 2640 1540 2681; baseline -0.006 -7"><span class='ocrx_word' id='word_1_384' title='bbox 230 2646 272 2675; x_wconf 85' lang='lat'>16.</span> <span class='ocrx_word' id='word_1_385' title='bbox 296 2648 344 2674; x_wconf 89' lang='lat' dir='ltr'>A:</span> <span class='ocrx_word' id='word_1_386' title='bbox 365 2647 395 2674; x_wconf 89' lang='lat' dir='ltr'>in</span> <span class='ocrx_word' id='word_1_387' title='bbox 416 2648 529 2681; x_wconf 79' lang='lat' dir='ltr'>quibus</span> <span class='ocrx_word' id='word_1_388' title='bbox 549 2647 649 2679; x_wconf 86' lang='lat' dir='ltr'>deest;</span> <span class='ocrx_word' id='word_1_389' title='bbox 721 2645 762 2673; x_wconf 92' lang='lat' dir='ltr'>ib.</span> <span class='ocrx_word' id='word_1_390' title='bbox 784 2648 831 2673; x_wconf 90' lang='lat' dir='ltr'>A:</span> <span class='ocrx_word' id='word_1_391' title='bbox 852 2646 882 2672; x_wconf 90' lang='lat' dir='ltr'>in</span> <span class='ocrx_word' id='word_1_392' title='bbox 910 2644 953 2672; x_wconf 84' lang='lat' dir='ltr'>eis</span> <span class='ocrx_word' id='word_1_393' title='bbox 973 2642 1128 2671; x_wconf 88' lang='lat' dir='ltr'>floruisse.</span> <span class='ocrx_word' id='word_1_394' title='bbox 1236 2641 1278 2669; x_wconf 88' lang='grc'>18.</span> <span class='ocrx_word' id='word_1_395' title='bbox 1299 2642 1345 2669; x_wconf 83' lang='lat' dir='ltr'>A:</span> <span class='ocrx_word' id='word_1_396' title='bbox 1368 2646 1397 2668; x_wconf 89' lang='lat' dir='ltr'>at</span> <span class='ocrx_word' id='word_1_397' title='bbox 1417 2641 1476 2673; x_wconf 83' lang='lat' dir='ltr'>sic;</span> <span class='ocrx_word' id='word_1_398' title='bbox 1499 2640 1540 2667; x_wconf 88' lang='lat' dir='ltr'>ib.</span> 
     </span>
     <span class='ocr_line' id='line_1_45' title="bbox 229 2675 1540 2718; baseline -0.006 -9"><span class='ocrx_word' id='word_1_399' title='bbox 229 2681 300 2709; x_wconf 83' lang='lat' dir='ltr'>BC:</span> <span class='ocrx_word' id='word_1_400' title='bbox 322 2682 473 2718; x_wconf 87' lang='lat' dir='ltr'>populum</span> <span class='ocrx_word' id='word_1_401' title='bbox 495 2690 557 2709; x_wconf 89' lang='lat' dir='ltr'>non</span> <span class='ocrx_word' id='word_1_402' title='bbox 579 2681 667 2708; x_wconf 83' lang='lat' dir='ltr'>sicut.</span> <span class='ocrx_word' id='word_1_403' title='bbox 775 2680 818 2708; x_wconf 86' lang='lat'>23.</span> <span class='ocrx_word' id='word_1_404' title='bbox 838 2681 886 2707; x_wconf 91' lang='lat' dir='ltr'>A:</span> <span class='ocrx_word' id='word_1_405' title='bbox 908 2685 953 2707; x_wconf 86' lang='lat' dir='ltr'>est</span> <span class='ocrx_word' id='word_1_406' title='bbox 973 2679 1068 2707; x_wconf 83' lang='lat' dir='ltr'>deest.</span> <span class='ocrx_word' id='word_1_407' title='bbox 1161 2684 1207 2710; x_wconf 76' lang='lat'>24.</span> <span class='ocrx_word' id='word_1_408' title='bbox 1224 2678 1270 2704; x_wconf 87' lang='lat' dir='ltr'>A:</span> <span class='ocrx_word' id='word_1_409' title='bbox 1293 2676 1331 2703; x_wconf 89' lang='lat' dir='ltr'>de</span> <span class='ocrx_word' id='word_1_410' title='bbox 1351 2675 1454 2703; x_wconf 87' lang='lat' dir='ltr'>media</span> <span class='ocrx_word' id='word_1_411' title='bbox 1470 2682 1540 2710; x_wconf 87' lang='lat' dir='ltr'>per-</span> 
     </span>
     <span class='ocr_line' id='line_1_46' title="bbox 231 2710 1542 2752; baseline -0.007 -8"><span class='ocrx_word' id='word_1_412' title='bbox 231 2724 317 2744; x_wconf 85' lang='lat' dir='ltr'>sone.</span> <span class='ocrx_word' id='word_1_413' title='bbox 398 2716 445 2744; x_wconf 32' lang='lat'>26⁴</span> <span class='ocrx_word' id='word_1_414' title='bbox 460 2718 505 2744; x_wconf 89' lang='lat' dir='ltr'>A:</span> <span class='ocrx_word' id='word_1_415' title='bbox 521 2724 599 2752; x_wconf 88' lang='lat' dir='ltr'>quos</span> <span class='ocrx_word' id='word_1_416' title='bbox 621 2715 679 2750; x_wconf 80' lang='lat' dir='ltr'>ipsi</span> <span class='ocrx_word' id='word_1_417' title='bbox 698 2716 855 2748; x_wconf 87' lang='lat' dir='ltr'>nesciunt;</span> <span class='ocrx_word' id='word_1_418' title='bbox 877 2715 940 2742; x_wconf 87' lang='lat' dir='ltr'>ib.:</span> <span class='ocrx_word' id='word_1_419' title='bbox 960 2714 1027 2750; x_wconf 79' lang='lat' dir='ltr'>ipse</span> <span class='ocrx_word' id='word_1_420' title='bbox 1047 2712 1183 2749; x_wconf 85' lang='lat' dir='ltr'>quidem.</span> <span class='ocrx_word' id='word_1_421' title='bbox 1274 2718 1320 2746; x_wconf 86' lang='lat'>29.</span> <span class='ocrx_word' id='word_1_422' title='bbox 1337 2710 1357 2737; x_wconf 87' lang='lat' dir='ltr'><strong>B</strong></span> <span class='ocrx_word' id='word_1_423' title='bbox 1378 2711 1408 2738; x_wconf 90' lang='lat' dir='ltr'>in</span> <span class='ocrx_word' id='word_1_424' title='bbox 1425 2717 1542 2744; x_wconf 75' lang='lat' dir='ltr'>marg:</span> 
     </span>
    </p>
   </div>
   <div class='ocr_carea' id='block_1_5' title="bbox 231 2744 1539 2814">
    <p class='ocr_par' dir='ltr' id='par_1_5' title="bbox 231 2744 1539 2814">
     <span class='ocr_line' id='line_1_47' title="bbox 231 2744 1539 2814; baseline -0.006 -35"><span class='ocrx_word' id='word_1_425' title='bbox 231 2751 401 2814; x_wconf 48' lang='lat' dir='ltr'>sQegorlrfodo</span> <span class='ocrx_word' id='word_1_426' title='bbox 412 2751 553 2779; x_wconf 86' lang='lat' dir='ltr'>Christus</span> <span class='ocrx_word' id='word_1_427' title='bbox 568 2752 667 2779; x_wconf 87' lang='lat' dir='ltr'>factus</span> <span class='ocrx_word' id='word_1_428' title='bbox 683 2756 728 2778; x_wconf 86' lang='lat' dir='ltr'>est</span> <span class='ocrx_word' id='word_1_429' title='bbox 741 2755 811 2778; x_wconf 84' lang='lat' dir='ltr'>ante</span> <span class='ocrx_word' id='word_1_430' title='bbox 823 2750 997 2778; x_wconf 79' lang='lat' dir='ltr'>Johannem</span> <span class='ocrx_word' id='word_1_431' title='bbox 1009 2753 1036 2777; x_wconf 87' lang='lat' dir='ltr'>et</span> <span class='ocrx_word' id='word_1_432' title='bbox 1050 2747 1211 2784; x_wconf 88' lang='lat' dir='ltr'>quomodo</span> <span class='ocrx_word' id='word_1_433' title='bbox 1222 2751 1359 2774; x_wconf 81' lang='lat' dir='ltr'>econtra.</span> <span class='ocrx_word' id='word_1_434' title='bbox 1431 2744 1473 2773; x_wconf 82' lang='lat'>35.</span> <span class='ocrx_word' id='word_1_435' title='bbox 1495 2747 1539 2771; x_wconf 90' lang='lat' dir='ltr'>A:</span> 
     </span>
     <span class='ocr_line' id='line_1_48' title="bbox 305 2795 365 2814; baseline 0 0"><span class='ocrx_word' id='word_1_436' title='bbox 305 2795 313 2814; x_wconf 85' lang='lat'><strong>1</strong></span> <span class='ocrx_word' id='word_1_437' title='bbox 340 2795 365 2814; x_wconf 90' lang='lat' dir='ltr'>a.</span> 
     </span>
    </p>
   </div>
   <div class='ocr_carea' id='block_1_6' title="bbox 303 2841 1439 2886">
    <p class='ocr_par' dir='ltr' id='par_1_6' title="bbox 303 2841 1439 2886">
     <span class='ocr_line' id='line_1_49' title="bbox 303 2841 1439 2886; baseline -0.007 -7"><span class='ocrx_word' id='word_1_438' title='bbox 303 2857 329 2879; x_wconf 85' lang='lat'>2.</span> <span class='ocrx_word' id='word_1_439' title='bbox 359 2846 547 2879; x_wconf 85' lang='lat' dir='ltr'>Malachiae</span> <span class='ocrx_word' id='word_1_440' title='bbox 573 2847 629 2885; x_wconf 85' lang='lat' dir='ltr'>IV,</span> <span class='ocrx_word' id='word_1_441' title='bbox 659 2847 693 2886; x_wconf 79' lang='lat'>5;</span> <span class='ocrx_word' id='word_1_442' title='bbox 721 2845 838 2878; x_wconf 74' lang='lat' dir='ltr'>Matthv</span> <span class='ocrx_word' id='word_1_443' title='bbox 872 2846 927 2885; x_wconf 87' lang='lat' dir='ltr'>XI,</span> <span class='ocrx_word' id='word_1_444' title='bbox 959 2855 1008 2886; x_wconf 76' lang='lat'>14.</span> <span class='ocrx_word' id='word_1_445' title='bbox 1083 2843 1113 2875; x_wconf 80' lang='grc' dir='ltr'>ὁ.</span> <span class='ocrx_word' id='word_1_446' title='bbox 1141 2841 1310 2876; x_wconf 81' lang='lat' dir='ltr'>Johannis</span> <span class='ocrx_word' id='word_1_447' title='bbox 1337 2841 1360 2881; x_wconf 83' lang='grc' dir='ltr'>Ι,</span> <span class='ocrx_word' id='word_1_448' title='bbox 1390 2841 1439 2874; x_wconf 83' lang='lat'>23.</span> 
     </span>
    </p>
   </div>
  </div>
 </body>
</html>
