2017 3353
168 287 247 325 270
760 286 984 319 JOHANNIS
1004 286 1189 319 wchF
1210 287 1467 320 sERMONUM
1531 273 1683 332 [SERMO
1704 284 1768 314 XL.

1786 380 1861 412 Fol.

453 400 624 441 occupat
652 388 656 445 Ι
686 392 882 441 quidquid
906 393 1037 438 habet,
1058 393 1297 430 confirmare
1320 401 1604 429 testamentum
1628 393 1768 430 talium
1790 430 1868 469 172„

174 458 203 484 If
219 458 335 486 wicked
357 459 427 498 they
452 450 608 487 videtur
640 452 867 499 approbare
900 459 1057 498 partem
1091 452 1322 488 demonum.
1359 450 1398 488 Si
1433 452 1609 487 secundo
1634 453 1768 496 modo,

181 493 420 564 {issg-edpscssgggpt
453 517 561 556 patet
594 521 637 545 ex
671 509 747 544 fide
780 517 817 544 et
840 507 1068 544 racionibus
1092 509 1187 546 satis
1209 509 1411 546 vivacibus
1436 510 1544 557 quod
1567 508 1768 545 infinitum

452 566 593 602 melius
626 566 727 602 foret
772 566 893 602 talem
937 565 1105 602 vivendo
1150 566 1391 615 temporalia
1436 579 1506 602 sua
1551 568 1770 614 prudenter

452 624 626 660 tribuere
658 625 719 660 vel
751 623 791 659 in
824 625 999 672 quodam
1033 623 1240 661 involucro
1274 624 1411 661 omnia
1458 636 1534 672 que
1579 625 1697 661 habet
1729 629 1804 661 ut5

453 681 691 730 evangeliste
748 681 972 730 relinquere
1017 695 1137 730 quam
1184 695 1274 719 cum
1323 691 1633 731 quantacunque
1676 691 1770 718 tunc

164 746 188 773 is
212 747 348 782 penitent
366 748 436 785 they
452 739 720 776 sollicitudine
743 739 984 788 temporalia
1008 752 1084 788 que
1107 740 1180 776 sibi
1204 741 1402 786 adiacent,
1427 749 1469 776 ut
1493 749 1583 788 post
1599 749 1768 776 mortem

163 782 437 846 disti-igiitlssldwhile
452 810 563 834 suam
599 797 827 834 tribuantur
861 797 1079 845 egentibus,
1114 798 1313 835 ordinare.
1352 799 1419 834 Ille
1453 810 1546 846 ergo
1588 798 1654 846 qui
1698 798 1770 834 im-

257 853 345 880 alive.
452 856 561 903 pedit
594 856 669 891 hoc
704 855 829 904 magis
863 857 1012 892 bonum
1046 864 1083 892 et
1116 869 1189 904 pro
1221 857 1334 893 lucro
1379 856 1463 892 sine
1507 856 1768 892 fundamento

453 913 582 949 minus
616 914 767 949 bonurn
801 913 951 950 stabilit
985 914 1154 950 multum
1189 923 1340 962 peccat,
1366 923 1403 950 et
1427 926 1496 962 per
1521 926 1769 963 consequens
1792 929 1830 951 10

452 971 580 1008 tocius
614 971 729 1008 huius
761 971 837 1008 fori
871 971 1080 1008 contencio
1114 981 1170 1008 est
1194 973 1433 1021 quassanda.
1469 971 1509 1008 Si
1533 972 1638 1009 enim
1663 972 1770 1009 dives

453 1029 578 1066 fidelis
612 1029 809 1066 moriatur
840 1029 880 1065 in
912 1029 989 1066 isto
1022 1029 1244 1078 proposito,
1290 1039 1383 1066 tunc
1417 1039 1592 1066 meretur
1638 1029 1770 1066 multi-

451 1087 608 1135 pliciter
659 1087 699 1123 in
753 1100 925 1136 persona
969 1087 1134 1136 propria
1180 1097 1216 1124 et
1261 1088 1347 1136 ipso
1388 1096 1549 1124 mortuo
1596 1089 1771 1136 prudens

187 1155 400 1195 ¹Distribution
451 1145 686 1182 distribucio
721 1146 920 1182 bonorum
954 1158 1118 1182 suorum
1152 1146 1227 1182 sibi
1266 1159 1346 1182 non
1391 1145 1552 1194 proficit
1597 1145 1672 1182 nisi
1724 1147 1772 1182 de

159 1191 435 1261 *ηῐξξέᾗῗῇξζῑέζοδ
451 1212 601 1251 quanto
645 1203 878 1251 superstites
935 1216 978 1240 ex
1023 1203 1310 1240 distribucione
1355 1216 1519 1240 suorum
1566 1203 1829 1241 meritoria15

257 1268 338 1288 man.
450 1263 573 1310 (quod
617 1274 709 1298 raro
754 1261 914 1306 accidit)
960 1271 1254 1310 promerentur.
1312 1265 1461 1298 Notum
1508 1262 1669 1310 quidem
1716 1271 1772 1298 est

450 1321 558 1368 quod
592 1319 768 1356 defuncti
802 1319 990 1356 meritum
1031 1321 1138 1368 quod
1185 1319 1262 1368 egit
1307 1320 1346 1356 in
1390 1332 1562 1368 persona
1607 1319 1773 1368 propria

449 1377 649 1414 infinitum
683 1378 771 1425 plus
804 1377 878 1414 sibi
912 1377 1092 1425 proderit
1137 1391 1258 1426 quam
1306 1387 1396 1426 post
1441 1386 1613 1414 mortem
1658 1391 1771 1414 suam

450 1435 637 1471 meritum
671 1435 859 1481 alienum,
894 1435 987 1484 quia
1020 1435 1126 1472 iuxta
1158 1435 1334 1484 primum
1380 1435 1568 1472 meritum
1613 1448 1771 1484 prome-

449 1502 557 1530 retur
580 1493 869 1530 beatitudinem
893 1503 1085 1539 eternam,
1110 1493 1216 1530 iuxta
1238 1495 1457 1530 secundum
1473 1506 1567 1531 vero
1584 1493 1770 1530 meritum
1789 1509 1831 1530 20

449 1560 701 1599 promeretur
757 1553 808 1588 ad
859 1551 1076 1588 maximum
1128 1564 1228 1599 pene
1278 1552 1510 1600 purgatorie
1566 1551 1771 1588 abbrevia-

449 1609 685 1646 ciacionem.
721 1610 798 1646 Sed
832 1622 908 1658 que
941 1609 1158 1658 proporcio
1191 1608 1361 1646 istorum
1396 1611 1446 1646 ad
1478 1609 1661 1646 invicem.

507 1670 549 1703 In
580 1667 655 1703 isto
689 1667 810 1703 dubio
849 1667 1005 1704 videtur
1039 1667 1159 1704 michi
1193 1669 1302 1716 quod
1335 1667 1513 1716 episcopi
1552 1667 1592 1703 in
1624 1667 1769 1704 talibus

449 1725 831 1762 confirmacionibus
855 1734 945 1761 sunt
975 1735 1058 1762 tam
1082 1725 1165 1773 lupi
1190 1738 1355 1773 rapaces
1381 1738 1501 1774 quam
1526 1725 1768 1773 symoniaci3

448 1783 531 1831 lupi
564 1795 742 1831 rapaces,
778 1783 870 1831 quia
914 1796 1007 1831 sepe
1051 1783 1213 1831 rapiunt
1257 1783 1331 1819 sibi
1377 1796 1420 1820 ex
1463 1783 1619 1831 integro
1665 1785 1770 1820 bona
1790 1788 1827 1820 25

449 1841 636 1886 defuncti,
684 1853 728 1878 ex
773 1842 848 1878 hoc
889 1843 998 1890 quod
1052 1841 1282 1878 meritorius
1327 1841 1435 1890 eligit
1485 1841 1559 1878 sibi
1613 1850 1769 1889 partem

447 1899 691 1935 securiorem
743 1908 780 1935 et
824 1899 880 1936 sic
924 1901 1072 1936 nedum
1117 1899 1340 1936 vivencium
1399 1900 1467 1935 sed
1514 1908 1768 1935 mortuorum

449 1958 553 1993 bona
598 1957 771 2005 rapiunt,
828 1959 937 2006 quod
982 1966 1038 1994 est
1089 1957 1261 2005 amplius
1316 1958 1609 1994 detestandum.
1668 1959 1769 1993 Nam

448 2024 806 2064 quantumcunque
849 2023 985 2052 sancte
1029 2015 1116 2063 quis
1167 2024 1349 2051 mortuus
1381 2015 1500 2051 fuerit
1544 2015 1768 2060 intestatus,

448 2073 660 2110 vendicant
693 2074 741 2109 de
774 2073 858 2109 iure
890 2086 962 2109 suo
996 2074 1104 2121 quod
1138 2075 1187 2109 ad
1222 2085 1359 2109 eorum
1394 2082 1543 2109 statum
1584 2073 1770 2109 devoluta
1787 2079 1828 2111 30

162 2141 292 2177 ssishops
312 2142 366 2169 rob
384 2142 433 2170 the
449 2140 538 2167 sunt
571 2130 707 2168 omnia
739 2132 844 2167 bona
867 2144 950 2168 sua.
976 2132 1053 2167 Sed
1077 2140 1160 2167 esto
1185 2132 1292 2180 quod
1315 2130 1526 2179 episcopus
1549 2132 1769 2167 secundum

212 2177 380 2239 ξῐῗξὲζξζῑζξ
450 2188 710 2236 prudenciam
741 2202 854 2225 suam
889 2188 1167 2226 elemosinarie
1191 2188 1310 2225 faciat
1343 2188 1526 2225 distribui
1566 2190 1672 2225 bona
1705 2190 1769 2224 de—

449 2247 691 2292 functorum,
726 2247 822 2295 quid
854 2259 951 2295 rogo
986 2248 1062 2283 hoc
1095 2248 1144 2283 ad
1168 2255 1428 2294 augmentum
1453 2246 1584 2283 meriti
1615 2259 1768 2287 eorum,

450 2317 540 2341 cum
564 2306 783 2341 secundum
809 2306 978 2352 gradum
1002 2314 1127 2341 status
1163 2317 1282 2353 quem
1316 2304 1356 2340 in
1390 2313 1519 2341 morte
1552 2316 1622 2341 sua
1647 2305 1769 2341 habu-

450 2371 562 2398 erant
595 2364 738 2399 debent
764 2362 953 2411 premiari
987 2362 1109 2398 cicius
1142 2363 1202 2398 vel
1225 2362 1357 2410 puniri
1381 2362 1559 2398 diucius?
1582 2364 1630 2398 Et
1653 2374 1771 2410 sagax
1789 2367 1827 2400 35

450 2421 648 2456 bonorum
682 2433 847 2456 suorum
892 2419 1126 2456 distribucio
1160 2428 1217 2456 est
1250 2419 1496 2468 impertinens
1526 2420 1618 2456 huic
1651 2419 1768 2468 parti.

450 2477 490 2514 Si
515 2487 648 2514 autem
672 2478 802 2514 solum
828 2487 990 2514 curatur
1014 2486 1270 2514 executorum
1295 2478 1555 2526 superstitum
1582 2477 1769 2514 meritum

450 2535 688 2583 premiandi,
722 2549 802 2572 non
836 2545 892 2572 est
925 2535 1065 2584 pocior
1098 2535 1207 2572 racio
1240 2535 1280 2572 in
1313 2535 1502 2584 episcopo
1543 2537 1593 2572 ad
1638 2535 1769 2571 distri-

450 2593 661 2630 bucionem
696 2593 924 2630 huiusmodi
958 2593 1122 2641 provide
1147 2593 1399 2641 dirigendum
1425 2607 1545 2642 quam
1569 2594 1619 2630 ad
1644 2594 1769 2641 quod-

519 2704 546 2732 ὁ.
569 2705 685 2733 Codd.:
717 2705 897 2741 evangelice.
990 2713 1026 2733 12.
1049 2706 1071 2732 B
1092 2705 1121 2733 iu
1143 2714 1257 2741 marg:
1290 2706 1404 2733 scilicet
1425 2704 1641 2733 distribuendo
1662 2704 1767 2731 omnia

450 2738 523 2767 dum
552 2740 625 2767 vivit
652 2741 695 2767 ve!
724 2740 905 2775 simpliciter
932 2740 1085 2775 relinquit.
1196 2749 1237 2774 19,
1260 2748 1306 2767 20.
1328 2741 1372 2767 A:
1403 2745 1537 2767 meretur
1565 2744 1767 2775 promeretur.

450 2782 495 2801 20.
518 2774 583 2801 BC:
606 2779 741 2802 eternam
763 2775 862 2805 deest:
884 2775 923 2801 ib.
941 2780 967 2801 et
988 2775 1070 2802 iuxta
1091 2775 1259 2802 secundum
1282 2783 1342 2802 non
1365 2784 1417 2810 per
1438 2784 1469 2802 se
1485 2779 1627 2801 meretur.
1666 2782 1705 2800 21.
1727 2773 1767 2800 C:

450 2809 486 2835 ad
509 2809 678 2836 maximum
699 2810 800 2843 deest3
821 2810 860 2836 ib.
876 2810 920 2836 A:
942 2810 999 2836 nisi
1016 2818 1100 2844 pene.
1139 2818 1178 2843 21,
1194 2817 1236 2837 22.
1254 2810 1292 2836 B:
1314 2809 1598 2836 abrenunciacione.
1637 2816 1679 2835 22.
1695 2808 1767 2835 Ain

453 2852 565 2879 marga
586 2843 769 2879 Responsio.
871 2844 914 2871 25.
931 2844 975 2871 A:
998 2844 1132 2883 capiunt.
1232 2844 1279 2871 26.
1301 2844 1367 2871 BC:
1390 2844 1447 2871 sibi
1469 2844 1561 2871 deest.
1660 2842 1700 2870 31.
1721 2842 1765 2869 A:

450 2886 529 2939 onlus
551 2882 688 2940 stgtuunt
708 2878 829 2913 omnia3
859 2878 899 2906 ib.
921 2879 960 2905 B:
991 2883 1101 2906 estimo
1128 2879 1158 2905 in
1186 2883 1285 2913 textu;
1315 2883 1380 2906 esto
1399 2878 1430 2906 in
1451 2886 1548 2913 marg.
1654 2876 1699 2913 37.
1720 2877 1766 2904 A:

452 2920 552 2941 soum
597 2918 669 2941 eest.
