2017 3353
246 275 381 304 sERMo
403 265 525 324 XLI-IL]
753 281 894 312 PRIMA
922 281 1050 313 PARS,

246 386 333 432 plar
365 395 498 422 autem
533 385 768 423 humilitatis
801 399 879 435 qua
912 400 991 423 non
1015 396 1145 435 potest
1169 400 1252 425 esse
1277 388 1404 425 maior
1428 390 1567 426 huma-

245 442 363 488 nitus,
398 452 506 491 patet
540 443 578 479 in
613 443 785 481 Christo.
827 447 912 493 Ipse
946 445 1049 482 enim
1090 455 1147 481 est
1186 455 1365 482 centrum
1407 447 1566 483 humili-

244 501 336 537 tatis
370 514 449 549 quo
482 515 563 538 non
595 511 726 550 potest
750 515 833 539 esse
866 502 1044 549 inferior,
1080 516 1169 539 cum
1204 505 1463 552 semetipsum
1490 505 1565 541 exi-

244 558 407 605 nanivit7
442 560 613 596 formam
649 560 749 596 servi
783 560 996 609 accipiens,
1037 570 1073 597 et
1106 570 1148 597 ut
1182 563 1475 610 predestinatus
1509 572 1565 599 est

211 616 317 652 5sibi
357 617 622 666 propinquior
661 627 717 654 est
757 620 804 654 de
842 627 954 655 tanto
1002 619 1203 656 humilior.
1253 622 1386 657 Potest
1431 630 1563 658 autem

244 684 377 722 preter
409 675 612 712 racionem
648 676 928 724 exemplariter
952 677 1086 713 doceri
1111 677 1335 724 humilitas;
1368 692 1434 716 vas
1458 679 1563 715 enim

243 734 331 780 plus
355 746 574 770 concavum
609 743 646 770 et
669 736 886 770 rotundum
911 744 969 771 est
990 736 1078 783 plus
1103 736 1281 772 humoris
1304 737 1563 785 receptivum,

243 800 280 827 et
312 791 367 827 sic
400 800 457 827 est
485 793 533 828 de
562 792 730 828 humore
753 792 885 840 gracie
914 792 953 828 in
975 793 1077 830 vasis
1101 794 1315 843 capacibus
1348 808 1424 844 que
1446 808 1565 844 opor—

241 858 297 884 tet
345 851 471 885 Deum
511 850 794 887 abhorrentem
838 864 1008 888 vacuum
1055 852 1289 900 adimplere.
1335 854 1563 890 Secundum

189 919 225 941 ιο
243 908 467 954 exemplum
502 917 559 944 est
592 909 639 944 de
671 908 839 945 vallibus
863 922 940 957 que
962 918 1004 946 ut
1028 910 1225 947 bassiores
1249 911 1338 947 altis
1362 912 1565 948 montibus

243 964 520 1013 circumsepte,
561 975 652 1002 sunt
691 967 779 1014 plus
825 967 969 1004 caloris
1007 968 1150 1005 solaris
1195 978 1231 1005 et
1269 970 1421 1006 fructus
1460 979 1564 1006 terre

241 1023 495 1059 nascencium
529 1024 764 1072 susceptive.
799 1027 847 1062 Et
880 1025 1047 1062 tercium
1074 1028 1297 1075 exemplum
1323 1037 1379 1064 θεῖ
1403 1029 1564 1064 conclu-

240 1080 299 1117 sio
332 1081 576 1118 naturalium
612 1082 678 1131 qui
712 1083 849 1120 dicunt
883 1085 991 1132 quod
1024 1084 1129 1121 idem
1162 1098 1229 1122 vas
1268 1086 1308 1122 in
1346 1087 1436 1122 loco
1476 1088 1562 1123 bas-

240 1138 334 1175 siori
368 1149 425 1176 θεῖ
457 1141 545 1188 plus
578 1141 847 1189 susceptivum
881 1142 1047 1191 liquoris
1071 1156 1191 1191 quarn
1225 1144 1264 1180 in
1294 1145 1384 1181 loco
1408 1144 1561 1191 alciori‚

187 1200 222 1232 15
240 1197 333 1245 quia
361 1210 451 1234 cum
475 1198 692 1235 humiditas
714 1212 842 1248 aquea
862 1201 1099 1237 naturaliter
1120 1214 1160 1238 se
1182 1211 1318 1239 curvat
1339 1204 1560 1239 secundum

240 1255 473 1302 porcionem
508 1255 646 1293 circuli
673 1266 904 1295 transeunte
938 1260 1038 1307 pede
1066 1269 1177 1296 moto
1205 1260 1344 1297 circini
1374 1274 1445 1309 per
1478 1261 1560 1297 eius

240 1313 610 1350 circumferenciam
646 1325 683 1351 et
723 1318 823 1364 pede
863 1317 938 1353 fixo
975 1327 1161 1354 manente
1196 1318 1236 1354 in
1267 1328 1417 1364 centro,
1451 1328 1560 1367 patet

239 1374 347 1419 quod
380 1372 419 1408 in
453 1373 542 1409 loco
576 1373 781 1410 humiliori
821 1374 894 1411 erit
932 1375 1072 1423 porcio
1111 1375 1287 1413 eiusdem
1328 1377 1430 1414 vasis
1472 1378 1560 1425 plus

239 1439 402 1467 curvata
435 1439 472 1467 et
505 1443 576 1479 per
609 1444 856 1481 consequens
890 1433 978 1481 plus
1012 1435 1059 1470 de
1081 1443 1227 1471 natura
1250 1448 1378 1483 aquea
1401 1447 1560 1484 suscep-

181 1500 222 1522 20
238 1487 330 1527 tiva.
365 1497 402 1524 et
435 1488 491 1525 sic
524 1502 636 1526 mens
671 1490 745 1527 fixa
777 1490 817 1526 in
851 1500 988 1528 centro
1022 1492 1260 1529 humilitatis
1294 1506 1369 1542 que
1394 1502 1450 1530 est
1485 1493 1559 1529 sibi

237 1546 503 1595 propinquior
536 1548 655 1584 habet
688 1549 776 1596 plus
816 1550 1064 1586 artuositatis
1104 1559 1141 1587 et
1179 1551 1235 1587 sic
1273 1551 1559 1588 obediencialis

236 1604 486 1651 humilitatis,
517 1605 584 1641 ubi
615 1606 741 1654 magis
772 1607 952 1644 humoris
974 1608 1106 1656 gracie
1124 1609 1306 1658 recipiat.
1332 1610 1409 1655 Qui
1424 1618 1557 1647 autem

236 1663 486 1710 blasphemet
519 1673 626 1700 extra
660 1664 806 1701 limites
840 1665 1077 1703 humilitatis
1118 1676 1175 1703 est
1214 1668 1328 1716 quasi
1366 1668 1557 1705 extollens

235 1732 275 1756 se
308 1733 429 1768 supra
462 1724 589 1758 Deum
624 1731 660 1758 et
694 1731 820 1759 totam
855 1723 937 1760 eius
969 1725 1163 1762 fabricam
1189 1735 1296 1762 extra
1320 1726 1459 1763 mundi
1484 1727 1558 1763 cir-

179 1780 219 1812 25
236 1779 546 1816 cumferenciam
570 1780 609 1816 in
630 1793 756 1817 vacuo
779 1781 936 1818 infiniti.
963 1784 1063 1819 Cum
1086 1783 1230 1820 timore
1249 1794 1381 1821 autem
1398 1794 1557 1834 oportet

234 1836 381 1873 servire
414 1846 526 1874 tanto
550 1838 737 1885 Domino,
772 1839 865 1888 quia
895 1840 1001 1877 iuxta
1025 1843 1265 1889 prophetam
1289 1842 1373 1891 ipse
1396 1844 1556 1881 asserit:

235 1895 278 1929 Si
307 1907 380 1945 ego
413 1896 617 1941 Dominus,
656 1897 721 1932 ubi
756 1905 811 1933 est
848 1899 964 1934 timor
1003 1901 1138 1936 meus?
1180 1901 1386 1938 Timorem
1421 1912 1554 1939 autem

235 1952 325 1989 dico
367 1953 542 2000 filialem,
582 1967 664 1991 non
703 1955 900 2003 servilem,
941 1969 1031 1993 cum
1071 1960 1291 1995 secundum
1331 1961 1553 1997 Johannem

231 2012 408 2059 perfecta
441 2013 585 2049 caritas
606 2014 728 2062 foras
760 2015 874 2050 mittit
905 2015 1095 2052 timorem.

176 2071 218 2104 30
292 2068 440 2106 Filialis
473 2079 605 2107 autem
640 2071 762 2108 timor
794 2072 961 2121 requirit
994 2073 1151 2111 firmam
1185 2088 1297 2123 spem
1331 2075 1370 2111 in
1398 2085 1553 2124 patrem

234 2126 422 2164 dilectum
458 2137 494 2165 et
527 2129 780 2177 propositum
813 2143 895 2167 non
918 2131 1146 2168 offendendi
1170 2133 1210 2169 in
1232 2133 1363 2182 ipsum
1389 2144 1554 2183 propter

232 2185 396 2234 aliquod
439 2186 745 2224 nominandum.
793 2190 909 2234 Quod
955 2190 1208 2238 propositum
1253 2205 1326 2239 pro
1371 2202 1553 2241 tempore

230 2242 291 2279 vie
325 2244 505 2281 errabilis
538 2254 699 2294 oportet
731 2246 898 2283 miscere
932 2261 1020 2284 cum
1057 2249 1203 2286 timore
1236 2251 1366 2287 anxio.
1401 2253 1478 2288 Sed
1512 2251 1550 2287 in

231 2301 361 2348 patria
401 2303 579 2340 manebit
617 2317 707 2340 cum
745 2305 960 2343 securitate
1000 2315 1148 2354 eterna,
1190 2317 1227 2344 et
1259 2317 1355 2345 tunc
1388 2322 1477 2346 cum
1512 2310 1552 2346 in

173 2361 213 2394 35
231 2368 368 2396 centro
412 2361 648 2398 humilitatis
693 2363 895 2411 copiosius
940 2365 1183 2413 colliguntur
1234 2366 1336 2403 radii
1388 2369 1551 2404 celestes

230 2430 350 2465 quam
396 2418 436 2454 in
480 2419 558 2456 alio
604 2421 694 2457 loco
747 2421 886 2458 mundi
934 2431 970 2459 et
1015 2432 1057 2460 ut
1102 2433 1238 2461 centro
1284 2425 1550 2474 propinquius

300 2529 371 2558 1—3.
392 2532 435 2558 A:
458 2532 557 2559 maior
576 2549 609 2552 —
630 2538 729 2567 potest
751 2542 816 2561 esse
837 2534 930 2562 deest.
998 2544 1017 2563 1.
1041 2536 1062 2562 B
1085 2536 1113 2563 in
1136 2544 1250 2572 marg:
1272 2536 1421 2572 Exempla
1443 2546 1548 2564 manu-

229 2565 375 2592 duceucia
405 2566 441 2603 ad
472 2566 704 2595 humanitatem.
820 2568 844 2596 3.
869 2571 913 2596 A:
946 2570 1074 2597 inferior
1099 2576 1143 2598 est
1168 2572 1256 2598 Jesus
1283 2572 1426 2598 Christus
1455 2577 1549 2599 semet

228 2601 234 2627 i
263 2609 341 2627 sum.
398 2604 426 2628 Ο.
449 2601 566 2630 Preter:
588 2602 609 2629 Β
631 2602 659 2629 in
683 2611 795 2638 marg:
818 2604 904 2631 aliter
926 2613 994 2639 per:
1016 2606 1056 2632 ib.
1073 2607 1101 2633 A
1122 2606 1151 2633 in
1174 2615 1286 2640 marga
1310 2615 1328 2633 1.
1392 2608 1418 2633 S.
1436 2608 1479 2634 A:
1503 2612 1548 2633 est

251 2640 322 2662 eest.
398 2645 426 2670 ς).
447 2637 475 2662 A
496 2636 525 2662 in
548 2645 662 2672 marg:
684 2646 708 2664 2.
792 2646 825 2665 11.
849 2640 892 2665 A:
915 2639 1029 2667 circum
1054 2646 1140 2675 seph.
1226 2649 1262 2668 12.
1285 2643 1309 2668 A
1334 2641 1362 2668 ih
1386 2650 1498 2675 marga
1521 2640 1545 2668 3.

230 2670 270 2696 16.
293 2670 332 2696 C:
357 2678 410 2704 per
430 2670 494 2697 eius
515 2671 608 2698 deest.
683 2680 728 2699 20.
750 2674 793 2699 A:
816 2678 844 2700 et
865 2673 958 2701 deest.
1033 2683 1071 2701 21.
1093 2677 1136 2702 A:
1160 2676 1361 2703 armmitatis.
1436 2684 1478 2703 22.
1500 2678 1544 2703 A:

229 2709 259 2731 ut
280 2705 379 2731 maius
401 2705 541 2732 humoris
561 2706 715 2741 graciose.7
739 2707 776 2733 B:
800 2708 943 2739 honoris:
965 2709 1005 2736 ib.
1022 2709 1088 2737 BC:
1112 2711 1246 2745 recipiet.
1314 2719 1359 2744 2t.
1375 2712 1420 2737 A:
1443 2719 1544 2745 super.

228 2739 269 2766 25.
291 2740 334 2766 A:
358 2739 492 2767 infinito:
520 2741 559 2767 ib.
581 2742 609 2767 A
631 2741 658 2767 in
682 2749 794 2776 marg:
818 2743 860 2769 De
881 2743 1007 2772 timore:
1029 2744 1051 2771 Β
1073 2745 1101 2771 in
1125 2754 1238 2778 mar-q:
1262 2745 1324 2772 Deo
1346 2754 1414 2772 cum
1436 2745 1546 2772 timore

227 2779 254 2800 et
275 2774 431 2800 humiliter
451 2779 494 2800 est
517 2776 724 2803 serxieudum.
827 2777 873 2804 26.
895 2778 933 2804 1³2:
957 2780 1167 2814 propheciam.
1269 2788 1312 2814 27.
1337 2780 1356 2806 Ι),
1380 2781 1407 2806 ih
1431 2789 1543 2815 marg:

227 2808 337 2835 Timor
357 2809 456 2835 filialis
477 2817 534 2843 que
556 2811 692 2846 requirit.
802 2810 841 2839 31.
862 2813 905 2839 A:
936 2818 1078 2848 propter:
1110 2815 1147 2841 B:
1171 2819 1286 2849 preter:
1316 2814 1356 2841 ib.
1380 2815 1407 2841 in
1431 2823 1543 2849 marg:

227 2844 263 2870 al.
287 2852 349 2878 per.
423 2842 465 2871 35.
488 2844 527 2871 C:
550 2845 740 2878 colligentur.

300 2914 352 2946 27.
379 2904 570 2936 Malachiae
597 2905 620 2946 1,
647 2905 677 2938 6.
754 2905 807 2938 28.
835 2907 857 2939 I.
883 2908 963 2939 Joh.
990 2909 1046 2948 lV⁷
1080 2910 1128 2940 18.

1776 278 1853 325 287

1630 397 1733 425 Christ
1754 399 1807 437 the·

1636 438 1752 467 pattern
1773 437 1802 460 ot

1643 468 1794 504 humility.

1606 1037 1672 1065 The
1694 1039 1787 1065 lower
1809 1047 1824 1065 a

1579 1074 1674 1100 resse]
1697 1073 1722 1100 is
1747 1074 1851 1109 placed

1579 1108 1627 1134 the
1649 1116 1734 1135 more
1755 1109 1776 1135 it
1791 1109 1849 1135 will

1674 1143 1757 1170 hold.

1621 2084 1707 2112 Filia]
1731 2086 1794 2113 sear

1590 2119 1712 2153 implies
1734 2121 1812 2156 hope
