2017 3353
249 275 384 302 sumto
401 264 569 322 xxxva]
767 279 907 310 PRIMA
935 279 1060 310 PARS.

251 385 370 420 fidem
404 383 585 432 explicite
619 392 656 420 et
688 393 778 420 sunt
808 383 847 419 in
871 396 992 432 opere
1016 385 1185 433 pessime
1209 395 1440 433 operantes:
1475 386 1564 424 ideo

249 442 347 479 tales
400 441 527 478 curati
580 441 791 489 effugiendi
844 451 935 478 sunt
986 451 1028 478 ut
1081 443 1265 491 discipuli
1316 443 1564 482 Antichristi.

251 501 429 536 Prelatus
462 499 567 536 enim
602 501 963 548 correspondentes
987 502 1036 537 ad
1061 501 1205 549 triplex
1237 510 1447 550 peccatum
1482 512 1562 539 tam

248 557 423 594 alienum
447 570 567 606 quam
591 570 706 593 suum
731 559 847 594 debet
871 558 1082 606 tripliciter
1104 572 1267 607 pascere
1290 572 1381 596 oves
1403 560 1564 605 Christi,

215 615 398 653 §scilicet
437 625 518 652 tarn
558 628 743 652 sermone
781 629 901 664 quam
936 629 1069 665 opere,
1104 630 1224 666 quarn
1259 627 1487 666 utrumque,
1529 628 1565 655 et

248 673 349 710 sicut
388 675 506 710 habet
545 673 719 721 amplius
760 687 879 722 quam
915 687 998 711 esse
1032 676 1226 722 naturale,
1267 675 1360 724 quia
1394 684 1436 712 ut
1470 676 1565 714 dicit

249 731 455 779 multiplex
489 744 571 767 esse
604 731 838 779 gratuitum,
873 732 928 769 sic
952 734 1069 769 debet
1093 733 1369 782 multipliciter
1402 747 1565 783 pascere

246 802 405 837 gregem
439 802 568 826 suum.
603 789 714 826 Sicut
748 790 852 826 enim
884 793 989 827 Deus
1022 791 1117 828 dicit
1149 804 1190 828 se
1222 792 1459 829 naturaliter
1491 792 1565 830 sibi

247 847 321 895 ipsi
366 847 603 884 intrinsecus
648 849 755 896 quod
801 857 858 885 est
901 850 1080 895 verbum,
1128 849 1183 887 sic
1223 850 1398 899 quelibet
1431 860 1565 888 creata

192 914 390 942 1onatura
423 905 518 942 dicit
551 907 635 942 Deo
668 915 705 942 et
738 906 811 942 sibi
847 906 921 955 ipsi
952 907 1088 945 omnia
1117 908 1317 945 naturalia
1346 921 1423 957 que
1448 910 1565 946 habet

245 976 267 1000 a
300 965 403 1009 Deo;
437 963 527 1000 ideo
560 963 661 1000 absit
694 964 790 1013 quin
824 974 984 1002 curatus
1016 966 1066 1002 sit
1098 966 1263 1003 ulterius
1296 967 1508 1015 obligatus.

303 1023 351 1058 Et
398 1030 592 1070 quantum
639 1024 688 1059 ad
734 1023 951 1060 instancias
990 1024 1179 1072 logicales
1218 1024 1362 1073 quibus
1395 1025 1566 1062 instatur

245 1081 353 1128 quod
388 1089 548 1116 curatus
589 1081 636 1116 de
674 1081 854 1129 possibili
894 1091 1108 1131 antequam
1144 1083 1244 1119 foret
1284 1083 1566 1131 opportunitas

244 1137 480 1186 predicandi
525 1138 734 1185 occiditur,
781 1152 803 1176 a
847 1140 1006 1188 loquela
1050 1141 1307 1189 suspenditur
1347 1150 1384 1178 et
1423 1141 1478 1178 sic
1518 1143 1566 1178 de

153 1178 380 1255 &Tsimultis
434 1196 521 1232 aliis
574 1196 731 1233 casibus
759 1196 763 1248 Α
794 1197 936 1246 quibus
990 1211 1033 1235 ex
1084 1212 1206 1247 opere
1250 1208 1391 1236 nature
1437 1199 1564 1248 prime

197 1243 213 1267 '⁴
244 1263 404 1302 oportet
444 1255 590 1291 habere
628 1256 881 1303 presbyteros
914 1266 1135 1302 excusatos,
1175 1257 1321 1294 dicitur
1353 1259 1461 1306 quod
1500 1258 1565 1295 ille

245 1311 312 1360 qui
346 1312 481 1348 eximit
515 1325 603 1349 eum
639 1326 661 1349 a
694 1313 763 1350 tali
796 1313 944 1359 officio,
979 1314 1114 1351 eximit
1149 1327 1238 1352 eum
1273 1315 1511 1364 simpliciter
1543 1329 1565 1353 a

245 1370 407 1406 nomine
438 1370 646 1407 curatoris.
671 1374 752 1408 Nec
774 1372 878 1408 valet
901 1372 1108 1410 excusacio
1133 1386 1211 1422 qua
1235 1373 1381 1410 dicitur
1405 1383 1564 1411 curatos

245 1440 316 1476 per
359 1438 642 1476 procuratores
687 1429 928 1476 satisfacere,
983 1431 1076 1479 quia
1120 1431 1194 1479 ipsi
1247 1440 1289 1468 ut
1340 1442 1565 1469 exercentes

189 1501 231 1524 20
246 1486 395 1522 mortui
433 1496 575 1535 gerunt
612 1488 813 1536 superflue
851 1488 890 1524 in
931 1489 1096 1526 ecclesia
1136 1503 1283 1526 nomen
1316 1499 1352 1526 et
1385 1490 1563 1527 officium

244 1544 392 1592 ydiote.
437 1547 518 1581 Nec
562 1546 665 1582 valet
709 1546 748 1581 in
794 1547 1035 1595 compendio
1075 1548 1262 1584 subiectis
1302 1549 1460 1597 publice
1504 1550 1565 1586 vel

245 1602 398 1650 private
451 1603 644 1640 disserere
690 1606 797 1652 quod
843 1606 1053 1642 observent
1099 1607 1303 1653 mandata,
1350 1606 1443 1655 quia
1489 1608 1564 1644 hoc

245 1660 411 1709 quilibet
456 1661 583 1697 fidelis
629 1663 745 1698 debet
779 1675 1032 1711 cognoscere,
1074 1673 1110 1700 et
1149 1664 1316 1713 quilibet
1362 1664 1564 1702 fidelitatis

243 1720 389 1766 gradus
429 1719 629 1756 sufficeret
670 1730 809 1757 curato
848 1722 897 1757 ad
938 1722 1066 1758 claves
1105 1722 1288 1759 sciencie.
1325 1724 1418 1759 Ideo
1462 1723 1564 1760 sicut

187 1782 225 1814 25
244 1789 325 1812 non
377 1777 524 1813 sufficit
583 1779 790 1826 pedagogo
843 1779 1106 1826 grammatice
1158 1782 1266 1829 quod
1320 1781 1426 1818 dicat
1485 1781 1564 1818 suis

244 1834 465 1871 scolaribus
499 1844 540 1871 ut
572 1846 739 1872 noscant
772 1846 897 1873 artem
934 1847 1040 1874 recte
1071 1838 1261 1887 loquendi
1296 1847 1333 1876 et
1362 1839 1562 1876 scribendi

244 1894 464 1929 secundum
510 1893 708 1942 principia
747 1894 851 1931 illius
890 1895 1073 1942 sciencie,
1122 1898 1190 1933 sed
1230 1906 1390 1945 oportet
1431 1897 1562 1946 ipsum

245 1951 424 1987 tollendo
462 1951 737 1999 ignorancian]
777 1953 817 1988 in
856 1953 910 1989 eis
950 1954 1248 2002 particulariter
1286 1955 1486 2000 insudare,
1527 1965 1564 1992 et

244 2008 300 2045 sic
333 2010 460 2045 multo
495 2010 620 2058 magis
654 2020 813 2058 oportet
847 2011 885 2047 in
917 2012 1026 2048 scola
1050 2013 1212 2049 Domini
1246 2014 1294 2049 de
1327 2013 1493 2059 curatis;
1527 2023 1564 2050 et

185 2071 228 2104 30
244 2066 300 2103 sic
334 2068 632 2115 dampnabilior
666 2078 722 2105 est
756 2069 871 2105 huius
901 2069 997 2106 artis
1027 2071 1176 2107 noticia
1215 2072 1310 2107 dum
1343 2071 1383 2108 in
1415 2072 1565 2109 curatis

244 2124 339 2161 assit
384 2125 551 2163 accidia.
597 2126 662 2163 Sic
704 2139 796 2175 ergo
836 2129 1124 2176 grammaticus
1162 2130 1222 2166 vel
1267 2129 1486 2167 instructor
1524 2130 1564 2166 in

244 2192 329 2219 arte
362 2183 440 2220 alia
472 2197 553 2220 non
586 2185 692 2233 capit
716 2186 927 2233 pecuniam
952 2186 1026 2223 nisi
1050 2187 1154 2224 facta
1184 2187 1319 2224 debita
1342 2188 1563 2225 instruendi

245 2241 469 2289 diligencia.
504 2244 551 2278 Et
585 2244 632 2279 de
665 2243 811 2280 talibus
849 2244 1052 2292 signanter
1091 2255 1231 2282 curant
1267 2256 1472 2295 magnates
1506 2256 1563 2283 at-

245 2311 320 2347 que
353 2300 579 2348 respublica
604 2310 640 2337 et
663 2301 890 2349 signancius
914 2304 961 2339 de
985 2303 1142 2340 medico
1166 2304 1381 2352 corporali,
1412 2314 1562 2353 quanto

186 2361 225 2395 35
245 2357 370 2405 magis
410 2359 457 2394 de
497 2359 678 2396 custodia
718 2360 849 2397 anime
887 2362 959 2397 sub
994 2361 1104 2398 cuius
1137 2371 1335 2410 potestate
1368 2372 1425 2399 est
1457 2364 1563 2400 salus

244 2424 437 2463 perpetua
477 2417 601 2464 partis
640 2418 813 2454 hominis
847 2419 1067 2468 utriusque.
1114 2420 1292 2456 Primum
1335 2433 1428 2469 ergo
1461 2434 1562 2470 opus

245 2473 465 2521 spiritualis
510 2474 786 2513 misericordie
836 2476 928 2513 licet
972 2490 1013 2514 se
1059 2479 1244 2515 extendat
1283 2480 1333 2515 ad
1371 2479 1561 2527 singulos,

245 2540 379 2568 tamen
413 2533 672 2569 excellencius
705 2535 755 2570 ad
788 2544 960 2571 curatos.

315 2674 340 2692 2.
361 2667 404 2693 A:
428 2666 572 2701 discipuli
595 2668 688 2695 deest.
746 2668 771 2697 3.
792 2679 821 2702 4.
842 2671 886 2697 A:
908 2675 968 2697 tam
991 2671 1081 2706 primi
1103 2671 1215 2698 Adam.
1281 2671 1309 2698 6.
1330 2672 1375 2698 A:
1398 2672 1473 2698 sieut
1495 2672 1562 2699 licet

246 2701 390 2739 amplius.
496 2710 529 2728 11.
550 2703 595 2729 A:
617 2703 695 2730 absit
716 2704 879 2739 quoniam:
906 2705 946 2732 ib.
968 2706 1011 2732 A:
1035 2706 1072 2732 sit
1093 2706 1186 2733 deest.
1289 2714 1327 2733 12.
1349 2707 1375 2733 A
1397 2706 1425 2733 in
1448 2715 1562 2741 marg:

248 2735 404 2762 Obiecmo.
459 2744 498 2774 34.
515 2737 559 2763 A:
581 2737 616 2764 de
638 2738 731 2765 deest.
784 2739 824 2765 16.
841 2740 867 2766 A
890 2740 917 2766 in
941 2749 1054 2773 marg:
1076 2740 1258 2775 Responsio¹
1310 2749 1348 2775 17-
1370 2742 1413 2768 A:
1435 2742 1562 2769 exemit:

246 2770 286 2797 ib.
307 2771 352 2797 A:
374 2770 478 2797 eximit
501 2771 696 2806 simpliciter:
718 2781 786 2799 eum
809 2774 909 2802 deest:
933 2775 970 2802 B:
994 2775 1142 2802 similiter.
1213 2778 1251 2802 ιδ’.
1275 2776 1340 2802 BC:
1374 2781 1562 2803 curatorum.

247 2813 255 2832 1
283 2826 288 2830 .
317 2805 382 2832 BC:
415 2806 617 2840 perfecciores
647 2807 838 2836 satisfacere:
868 2809 908 2836 ib.
930 2811 974 2837 A:
1006 2815 1037 2837 ut
1065 2815 1267 2838 exterrentes:
1299 2810 1336 2837 B:
1367 2810 1562 2839 exterieutes:

280 2849 285 2866 :
308 2848 362 2866 nec
383 2845 568 2867 exercentes.
610 2875 617 2878 Δ
690 2849 728 2869 21.
749 2843 794 2869 A:
815 2843 879 2871 Nec
899 2852 952 2871 cor
973 2845 1061 2871 valet.
1183 2852 1226 2871 22.
1248 2846 1291 2872 A:
1315 2845 1431 2883 private
1452 2845 1561 2873 dicere.

243 2873 283 2901 31.
306 2874 344 2902 ss:
365 2874 397 2903 Si
419 2883 500 2910 ergo.
582 2874 628 2902 30.
644 2877 678 2914 ‚A
698 2876 727 2904 in
750 2885 864 2913 marg:
895 2879 997 2914 Opera
1018 2879 1244 2911 misericordie:
1276 2880 1297 2906 Β
1318 2887 1348 2906 in
1370 2888 1483 2915 marg:
1505 2880 1562 2908 De-

244 2909 337 2937 clarat
357 2914 473 2944 septem
494 2918 588 2946 opera
608 2911 820 2940 misericordie
841 2913 1025 2949 spiritualis3
1046 2914 1085 2942 ib.
1101 2915 1130 2942 A
1150 2914 1180 2942 in
1201 2922 1316 2950 marg:
1339 2922 1359 2942 1.

1773 284 1852 321 24¹)

1604 1149 1648 1175 He
1671 1149 1740 1175 who
1762 1148 1835 1175 does

1625 1188 1677 1210 not
1699 1183 1810 1218 preach

1591 1227 1694 1245 ceases
1715 1223 1745 1245 to
1768 1219 1801 1245 be
1822 1228 1837 1245 a

1662 1258 1774 1280 curate.
