2017 3353
163 516 305 552 Mystical
322 525 412 544 sense

148 552 241 582 oftne
253 553 422 588 prophecy.

151 1779 314 1808 Whatever
323 1780 427 1808 Christ

147 1815 333 1850 prophesied
346 1821 428 1843 must

219 1850 354 1886 happen.

738 287 962 320 JOHANNIS
980 287 1163 320 wvctir
1191 288 1446 321 SERMONUM
1542 277 1696 331 [SERMO
1710 286 1748 313 11.

438 394 656 431 variantur.
691 394 769 431 Sed
800 394 920 430 verba
954 393 1026 430 Dei
1050 404 1086 430 et
1120 394 1294 432 hominis
1330 408 1451 443 supra
1486 395 1597 432 illam
1631 395 1748 432 certi-

439 452 620 489 tudinem
653 464 734 488 non
767 451 943 500 poterint
976 451 1110 488 taliter
1140 452 1301 491 variari.

496 511 558 547 Ad
591 522 752 547 sensum
777 518 912 547 autern
938 509 1138 546 misticum
1165 510 1421 559 prophetizat
1444 511 1626 548 Christus
1650 524 1747 559 quo-

441 569 565 607 modo
599 576 691 605 ante
725 567 831 604 diem
866 566 1004 605 iudicii
1039 576 1155 604 erunt
1187 568 1301 617 signa
1341 569 1380 605 in
1414 569 1497 605 sole
1531 569 1598 617 qui
1630 569 1747 606 intel-

440 626 578 676 ligitur
610 625 694 662 eius
726 625 971 672 humanitas,
1008 634 1045 662 et
1077 625 1172 663 luna
1209 639 1285 674 que
1319 626 1557 674 intelligitur
1580 627 1779 664 ecclesia5

440 696 589 733 sponsa
613 696 696 731 sua,
732 692 771 720 et
793 683 917 720 stellis
943 695 1018 731 que
1041 692 1134 720 sunt
1159 684 1288 721 sancti
1312 684 1526 721 rutilantes
1550 684 1589 720 in
1612 684 1746 722 firma-

441 750 576 779 mento
610 742 698 781 celi.
731 741 852 789 Signa
885 750 1019 778 autem
1061 741 1130 778 illa
1168 751 1336 789 possunt
1373 742 1508 779 vocari
1541 742 1748 779 iracundie

438 799 670 838 vindicandi
710 812 830 848 super
862 798 1019 835 viancia
1059 801 1241 836 membra
1275 800 1426 836 diaboli
1465 812 1541 848 que
1581 800 1744 837 confuse

441 867 587 896 sonant
619 857 900 894 excellenciam
935 856 1060 904 patris
1093 857 1153 893 sui
1178 867 1215 894 et
1247 857 1378 894 fluunt
1410 857 1565 894 luxuria
1587 870 1633 894 ac
1656 871 1747 906 pec-

440 916 537 954 catis
572 915 725 962 ceteris,
762 915 925 952 racione
949 927 1119 963 quorum
1147 914 1262 952 multi
1295 924 1478 952 arescent
1510 924 1547 952 et
1570 916 1744 953 exterriti
1769 930 1806 951 10

441 974 480 1011 in
494 972 707 1011 virtutibus
725 973 898 1009 finaliter
911 985 993 1009 non
1011 982 1253 1021 exspectant.
1271 975 1373 1010 Nam
1388 973 1553 1010 virtutes
1569 973 1746 1011 celorum
1794 1001 1857 1033 Fol

440 1031 724 1079 triumphantis
750 1030 919 1068 ecclesie
944 1032 1214 1067 movebuntur
1235 1032 1285 1068 ad
1314 1028 1319 1084 1
1349 1031 1579 1068 mocionem
1603 1032 1676 1068 Dei
1710 1041 1748 1068 et
1798 1026 1874 1089 143}

439 1090 671 1126 oracionem
706 1088 881 1126 ecclesie
916 1088 1140 1135 militantis,
1175 1098 1213 1126 et
1244 1089 1436 1126 videbunt
1467 1089 1506 1126 in
1539 1089 1615 1126 fide
1649 1102 1747 1138 quo-

441 1148 563 1184 modo
597 1146 780 1184 Christus
813 1145 944 1183 veniet
979 1148 1030 1183 ad
1062 1146 1181 1184 finale
1213 1147 1422 1194 iudicium,
1457 1156 1494 1184 et
1533 1156 1747 1196 propterea

441 1207 717 1252 terrebuntur;
757 1213 918 1252 oportet
958 1204 1064 1240 enim
1105 1206 1233 1242 Deum
1269 1205 1442 1242 finaliter
1481 1218 1670 1253 superare
1710 1210 1804 1244 et15

441 1263 630 1300 collectas
663 1262 875 1299 oraciones
919 1271 1152 1299 sanctorum
1193 1263 1232 1299 in
1272 1263 1467 1300 fructibus
1507 1263 1746 1312 germinare.

440 1324 489 1358 Et
532 1321 588 1358 sic
632 1333 794 1358 necesse
838 1329 896 1357 est
939 1320 1059 1356 finem
1106 1321 1433 1369 indisposicionis
1472 1330 1613 1358 nature
1653 1334 1747 1358 con-

440 1379 561 1416 trarie
592 1378 812 1425 terminari,
853 1378 947 1427 quia
980 1378 1094 1415 aliter
1125 1379 1227 1416 foret
1258 1389 1400 1416 auctor
1432 1379 1537 1416 illius
1569 1379 1747 1428 indispo-

440 1437 602 1474 sicionis
647 1449 746 1485 eque
779 1445 920 1484 potens
959 1436 1018 1473 vel
1051 1437 1262 1485 potencior
1294 1440 1378 1475 Deo
1410 1446 1563 1474 nostro.
1615 1439 1746 1475 Verba

440 1504 574 1532 autem
609 1495 756 1531 Christi
800 1507 876 1543 que
914 1504 1006 1531 sunt
1043 1494 1228 1532 veritates
1267 1508 1367 1544 quas
1401 1495 1496 1534 dicit
1535 1495 1615 1532 sive
1648 1495 1746 1532 divi·
1763 1512 1805 1534 20

440 1553 547 1589 nitus
581 1553 662 1589 sive
694 1552 929 1589 humanitus
968 1565 1048 1589 non
1094 1553 1271 1601 poterint
1303 1553 1343 1590 in
1376 1553 1745 1591 contradiccionem

440 1610 599 1657 variari,
649 1610 742 1647 licet
787 1611 907 1647 verba
955 1623 1032 1659 que
1079 1620 1171 1647 sunt
1208 1624 1325 1648 voces
1373 1624 1442 1648 sue
1482 1611 1744 1648 humanitatis

442 1677 646 1706 transeant
692 1668 796 1705 sicut
839 1677 990 1706 nostra.
1040 1669 1199 1706 Scimus
1243 1669 1405 1718 quidem
1454 1671 1560 1718 quod
1608 1669 1745 1707 omnia

442 1728 574 1763 futura
606 1727 832 1764 necessario
869 1726 1063 1765 evenient.
1099 1728 1176 1764 Sed
1209 1727 1418 1764 diversitas
1452 1736 1510 1764 est
1542 1728 1581 1764 in
1614 1727 1743 1764 verbis

443 1783 590 1822 Christi
625 1793 662 1821 et
693 1785 860 1832 nostris;
894 1785 987 1821 licet
1019 1784 1124 1822 enim
1162 1785 1289 1822 multa
1319 1785 1416 1822 dixit
1445 1793 1527 1823 tam
1553 1785 1744 1822 divinitus
1761 1792 1801 1824 25

443 1855 564 1891 quam
604 1842 838 1880 humanitus
872 1855 948 1891 que
992 1843 1124 1891 potuit
1155 1856 1237 1880 non
1269 1843 1426 1890 dixisse,
1461 1852 1499 1880 et
1529 1843 1584 1880 sic
1617 1843 1744 1880 multa

444 1901 541 1938 dixit
573 1901 706 1937 futura
731 1913 806 1949 que
839 1910 1026 1949 poterant
1058 1914 1138 1938 non
1170 1901 1337 1948 venisse,
1371 1914 1445 1938 nos
1478 1910 1614 1939 tamen
1646 1901 1744 1938 false

439 1972 652 2008 possumus
691 1958 938 1996 contrariare
983 1959 1116 1996 divine
1158 1959 1362 1997 sentencie
1403 1960 1471 1996 sed
1512 1972 1594 1996 non
1635 1959 1742 2007 ipse:

440 2027 478 2054 et
523 2017 579 2054 sic
624 2017 876 2064 impossibile
915 2026 974 2054 est
1013 2018 1120 2065 quod
1161 2017 1376 2066 quicquam
1412 2017 1553 2053 dixerit
1591 2026 1629 2054 et
1660 2029 1742 2054 non

440 2075 527 2112 erit.
569 2075 646 2111 Sed
686 2076 734 2111 de
775 2083 888 2111 motu
929 2074 1002 2112 celi
1044 2075 1083 2111 in
1117 2087 1196 2123 quo
1236 2074 1467 2122 philosophi
1501 2075 1670 2111 credunt
1701 2087 1742 2112 se
1761 2082 1802 2115 30

441 2145 524 2169 esse
558 2132 817 2178 certissimos,
853 2141 890 2169 et
924 2133 971 2168 de
1005 2143 1110 2169 terra
1143 2132 1256 2169 cuius
1289 2132 1616 2180 permanenciam
1641 2132 1742 2180 poli-

440 2190 508 2227 tici
549 2190 717 2226 credunt
757 2202 840 2226 esse
881 2190 1147 2227 certissimam
1194 2199 1252 2226 est
1290 2190 1530 2227 instabilitas
1578 2199 1744 2238 propter

439 2247 752 2295 insuperabilem
802 2247 1068 2284 eminenciam
1117 2248 1226 2284 verbi
1275 2247 1447 2295 Christi3
1496 2248 1588 2284 licet
1636 2248 1741 2284 enim

442 2306 624 2342 Christus
658 2305 784 2342 multa
817 2318 893 2353 que
927 2305 1022 2341 dixit
1054 2314 1187 2353 potest
1219 2315 1256 2342 et
1299 2306 1431 2354 potuit
1470 2318 1550 2342 non
1585 2305 1741 2353 dixisse,

440 2376 520 2400 non
553 2372 685 2411 potest
718 2372 853 2400 tamen
888 2376 972 2400 esse
1005 2365 1113 2412 quod
1146 2365 1218 2400 hec
1251 2364 1393 2401 dixerit
1425 2373 1463 2400 et
1495 2364 1741 2400 contrarium
1760 2372 1801 2406 35

443 2421 632 2458 evenisse.

499 2479 615 2515 Circa
649 2479 723 2515 hoc
759 2478 1014 2526 evangelium
1047 2479 1255 2515 dubitatur
1287 2481 1334 2516 de
1374 2488 1481 2516 tacto
1521 2481 1741 2516 secundum

443 2537 620 2585 primum
655 2537 871 2573 adventum
907 2536 1055 2573 Christi
1089 2537 1278 2574 divinitus
1312 2550 1392 2574 non
1425 2536 1572 2584 soluto,
1607 2546 1742 2574 utrum

509 2633 529 2652 ι.
545 2624 616 2652 AB:
637 2632 731 2659 supra
752 2625 846 2652 deest.
902 2625 984 2652 2.A:
1006 2629 1148 2661 possunt.
1170 2625 1191 2652 B
1207 2626 1237 2653 in
1259 2634 1372 2659 marg.:
1394 2625 1485 2653 Nota.
1546 2624 1571 2653 5.
1593 2624 1663 2652 ABz
1679 2625 1746 2652 eius

439 2660 576 2687 omitted.
662 2659 690 2686 6.
713 2660 752 2686 B:
774 2659 860 2686 stelle
880 2661 1015 2687 correxit
1035 2668 1050 2687 e
1071 2660 1176 2687 stellis.
1260 2668 1287 2695 7.
1307 2662 1352 2687 A:
1375 2660 1488 2688 notari.
1579 2667 1618 2686 12.
1640 2661 1685 2686 A:
1707 2661 1744 2687 ad

438 2695 630 2722 voluntatem
652 2693 718 2721 Dei.
809 2694 846 2721 13.
867 2695 910 2720 A:
933 2694 963 2721 in
985 2694 1043 2721 fide
1063 2695 1157 2722 deest.
1271 2694 1310 2722 18.
1328 2696 1370 2722 A:
1394 2694 1548 2722 contraire
1567 2695 1744 2722 terminare.

439 2737 480 2763 ¹9·
501 2732 546 2757 A:
570 2729 780 2767 omnipotens.
904 2736 950 2755 22.
977 2730 1020 2756 A:
1042 2737 1133 2756 voces
1154 2729 1219 2757 eius
1240 2730 1430 2757 humanitus.
1571 2729 1614 2757 23.
1635 2728 1688 2756 AB
1714 2730 1745 2756 in

439 2772 555 2799 marg:
578 2764 692 2791 Omnia
705 2763 808 2791 futura
823 2764 998 2790 necessario
1014 2764 1164 2792 evenient.
1187 2765 1207 2791 Β
1224 2764 1253 2792 in
1272 2772 1386 2798 marga
1408 2764 1578 2792 Diversitas
1598 2764 1628 2791 in
1643 2764 1745 2791 verbis

439 2798 552 2826 Christi
572 2803 601 2826 et
620 2798 746 2826 nostris.
817 2797 866 2827 26.
886 2797 928 2824 B:
949 2799 1045 2825 eciam
1068 2798 1121 2826 sic.
1194 2799 1240 2826 28.
1257 2798 1323 2826 BC:
1345 2799 1537 2827 contrariari.
1610 2806 1657 2834 29.
1671 2797 1744 2825 AC:

438 2833 598 2868 quicquid.
704 2840 754 2866 29.
782 2832 803 2859 B
824 2833 855 2859 in
875 2840 992 2867 marg.:
1018 2832 1169 2861 futurum.
1293 2832 1337 2862 33.
1370 2835 1416 2861 A:
1449 2833 1639 2862 evidenciam
1660 2832 1746 2860 verbi

440 2870 506 2894 licet
532 2867 684 2895 Christus.
834 2867 879 2901 37.
911 2867 938 2894 A
969 2868 997 2894 in
1028 2876 1143 2902 marg.:
1175 2868 1311 2896 Dubium
1342 2869 1496 2904 primum3
1526 2868 1547 2895 Β
1577 2868 1607 2896 in
1629 2875 1744 2902 marg.:

440 2902 579 2937 Questio.
687 2902 730 2936 37.
751 2903 796 2929 A:
818 2903 927 2930 solute.
