2057 3353
203 294 371 325 XXXIV
858 290 1253 322 INTRODUCTION.

205 423 333 463 quarn
378 408 561 461 gloriosa
606 408 709 447 foret
748 407 1026 460 Anglicorum
1071 416 1110 445 et
1148 406 1463 444 Almannorum
1506 402 1809 452 confederaci0‚
1856 414 1929 454 per

205 492 335 532 quam
366 478 654 518 restitueretur
685 477 727 515 in
761 476 932 516 ecclesia
966 475 1119 515 Christi
1152 471 1438 514 ordinacio.”¹

322 548 367 587 In
389 548 459 588 the
480 544 570 599 43⁶¹
591 560 758 586 sermon
781 546 828 585 of
847 546 915 585 the
937 544 1025 585 first
1046 545 1155 595 Part,
1177 543 1340 597 Wyclif
1359 556 1576 595 compares
1599 542 1668 582 the
1692 540 1932 581 mendicant

207 618 323 657 friars
354 626 399 656 to
422 617 491 657 the
515 617 729 656 Pliarisees
761 616 808 655 of
835 616 904 655 the
936 615 1071 653 Bible:
1105 613 1138 652 if
1166 613 1263 666 they
1296 626 1363 652 are
1396 613 1536 660 asked,
1571 611 1665 665 why
1697 611 1795 664 they
1828 610 1931 649 have

207 688 375 727 entered
407 687 513 726 their
545 687 679 738 order,
713 685 813 738 they
847 685 961 737 reply
1002 685 1178 723 because
1224 683 1254 722 it
1300 684 1332 722 is
1378 682 1438 721 far
1482 695 1599 720 more
1643 680 1800 733 perfect
1831 680 1930 719 than

206 771 288 811 any
321 756 487 797 other.²
531 759 588 795 As
626 755 724 808 they
764 762 924 807 protest
961 762 1075 792 most
1113 752 1314 805 violently
1345 752 1467 791 when
1502 751 1657 790 several
1689 749 1931 789 mendicant

207 827 348 866 orders
381 826 500 865 settle
532 825 574 864 in
604 825 674 864 the
707 837 817 863 same
850 833 981 877 town7
1023 836 1069 861 so
1109 822 1139 861 it
1173 822 1205 860 is
1244 821 1394 860 odious
1432 829 1476 860 to
1516 821 1630 859 them
1662 819 1751 858 that
1782 819 1931 871 simple

207 896 353 948 priests
386 895 540 934 should
572 894 688 945 arise,
722 893 820 932 who
855 892 1005 945 preach
1038 891 1108 931 the
1142 891 1297 943 Gospel
1330 890 1510 930 without
1542 888 1711 940 secking
1743 887 1806 927 for
1836 887 1931 941 gain

207 966 290 1005 and
321 965 505 1005 without
537 963 706 1017 putting
738 976 794 1002 on
825 963 895 1002 the
935 963 1047 1001 dress
1093 961 1141 1000 of
1180 961 1294 1000 these
1340 960 1577 999 mendicant
1621 957 1748 997 friars.
1794 958 1933 996 These

208 1035 359 1074 monks
402 1048 457 1087 go
502 1034 631 1073 about
677 1033 746 1073 the
790 1041 905 1071 town
950 1032 1030 1071 like
1074 1032 1194 1083 dogS‚
1238 1031 1318 1070 and
1359 1030 1515 1081 grudge
1554 1027 1587 1066 if
1628 1027 1725 1080 they
1764 1027 1812 1066 be
1858 1036 1932 1066 not

208 1104 387 1144 satisfied
420 1102 505 1158 (ps.
543 1103 687 1153 LVIII,
721 1101 782 1155 7).

324 1173 488 1228 Wyclif
517 1172 750 1224 complains
783 1172 870 1210 also
903 1171 944 1210 in
978 1170 1098 1210 other
1129 1169 1315 1221 writings
1339 1169 1429 1208 that
1452 1168 1522 1208 the
1544 1166 1764 1218 travelling
1786 1165 1933 1218 priests

209 1257 276 1283 are
308 1243 464 1296 cruelly
496 1242 761 1295 persecuted.
809 1241 929 1280 Thus
970 1240 1010 1279 in
1044 1240 1114 1279 the
1148 1239 1372 1290 Trialogus
1406 1237 1476 1287 IV,
1513 1251 1579 1290 37,
1613 1250 1706 1289 pag.
1743 1249 1836 1289 379,
1881 1234 1932 1273 he

208 1313 373 1366 bitterly
411 1311 644 1364 complains
688 1311 778 1351 that
822 1311 860 1349 in
897 1310 1079 1349 London
1121 1323 1163 1347 as
1194 1308 1289 1347 well
1328 1322 1371 1347 as
1411 1308 1451 1345 in
1492 1306 1670 1345 Lincoln
1709 1305 1779 1345 the
1819 1304 1932 1344 friars

210 1382 460 1435 incessantly
491 1381 574 1420 aim
615 1390 655 1420 at
693 1379 1014 1431 exterminating
1052 1379 1166 1418 these
1206 1377 1369 1417 faithful
1408 1390 1515 1429 poor
1552 1375 1737 1428 priests‚3
1780 1374 1931 1427 simply

209 1452 385 1491 because
407 1452 505 1504 they
528 1464 680 1503 expose
703 1450 772 1489 the
801 1448 978 1488 “tricks⁷’
1001 1448 1049 1488 of
1072 1448 1141 1488 the
1170 1447 1412 1487 mendicant
1444 1446 1559 1485 friars
1593 1455 1636 1485 to
1669 1444 1737 1484 the
1770 1444 1934 1497 people.

214 1526 271 1560 As
296 1521 469 1560 Lechler
500 1520 574 1559 has
606 1519 732 1573 justly
765 1519 999 1559 concluded
1032 1518 1137 1557 from
1173 1517 1253 1557 this
1285 1529 1459 1569 passage
1491 1515 1580 1554 that
1618 1514 1688 1554 the
1711 1514 1936 1566 Trialogus

211 1591 335 1630 could
368 1599 441 1629 not
475 1590 576 1628 have
610 1590 713 1628 been
748 1590 910 1628 written
944 1588 1085 1627 before
1117 1587 1261 1638 138&1
1293 1600 1340 1625 so
1372 1586 1439 1625 the
1476 1583 1759 1636 composition
1791 1583 1839 1622 of
1867 1585 1936 1622 the

210 1660 299 1700 first
332 1661 427 1699 Part
459 1659 505 1698 of
534 1659 604 1698 the
636 1659 837 1699 Sermons
870 1667 1023 1697 cannot
1056 1658 1105 1696 be
1138 1658 1262 1696 dated
1302 1656 1443 1696 earlier
1481 1655 1578 1694 than
1621 1654 1718 1705 1381
1759 1652 1936 1707 (1381s2

211 1728 518 1783 respectively).

329 1926 336 1946 ¹
365 1926 415 1957 Cf.
441 1935 519 1967 pag.
542 1932 615 1965 132.
643 1924 694 1955 Cf.
712 1923 878 1961 Lirrdner,
906 1921 1115 1954 Geschichte
1142 1922 1201 1952 des
1219 1920 1420 1952 Deutschen
1437 1919 1571 1952 Reichs
1596 1923 1698 1950 unter
1721 1919 1797 1950 dem
1815 1918 1939 1959 Konig

212 1984 368 2016 Wenzel.
383 1986 411 2021 I,
431 1992 504 2025 110.
590 1981 602 2001 ²
620 1982 669 2013 Cf.
689 1992 766 2024 pag.
787 1979 901 2025 288s0,
921 1981 1001 2022 quia
1020 1984 1071 2011 est
1089 1980 1155 2011 alia
1172 1983 1264 2011 recta
1281 1979 1472 2021 perfeccior
1489 2003 1497 2010 .
1515 2003 1523 2010 .
1543 2002 1550 2009 .
1569 2002 1576 2009 .
1595 1978 1699 2009 Unde
1717 1978 1803 2008 sicut
1820 1978 1940 2008 fratres

211 2044 333 2074 odiunt
359 2042 453 2082 quod
478 2041 513 2071 in
539 2041 659 2071 eadem
685 2040 822 2070 civitate
849 2039 1122 2080 multiplicentur
1156 2038 1295 2069 ordines
1322 2037 1573 2074 Mendicantes,
1605 2037 1654 2067 sic
1689 2036 1812 2067 odiunt
1843 2035 1937 2076 quod

211 2102 389 2139 insurgant
404 2099 607 2131 sacerdotes
621 2098 792 2140 simplices
808 2098 881 2128 sine
897 2101 1019 2138 questu
1033 2097 1088 2128 vel
1102 2097 1211 2128 forma
1225 2106 1344 2127 eorum
1358 2094 1572 2135 evangelium
1587 2094 1815 2136 predicantes.
1835 2093 1939 2124 Unde

211 2159 378 2200 (propter)
391 2157 596 2188 insolencias
611 2157 754 2187 istarum
768 2159 938 2187 sectarum
953 2159 985 2186 et
1001 2155 1139 2197 rapinas
1154 2154 1277 2197 populi
1293 2154 1414 2184 dicunt
1428 2153 1568 2194 quidam
1582 2152 1756 2183 Psalmum
1771 2152 1904 2189 LVIII,
1919 2159 1938 2192 7

213 2216 438 2258 prophetare:
468 2215 671 2246 Circuibunt
694 2219 730 2245 ut
750 2224 861 2252 canes,
881 2214 909 2245 si
925 2224 1007 2245 vero
1025 2224 1096 2245 non
1116 2213 1242 2244 fuerint
1259 2212 1402 2244 saturati
1417 2210 1687 2243 murmurabunt.
1753 2209 1766 2229 3
1783 2234 1791 2241 .
1809 2234 1817 2241 .
1836 2235 1844 2242 .
1863 2221 1940 2241 cum

212 2275 367 2315 undique
393 2284 434 2304 ex
459 2283 519 2304 sua
545 2273 680 2303 malicia
705 2273 795 2303 fraus
821 2282 938 2303 eorum
965 2272 1140 2303 diabolica
1164 2271 1312 2313 amplius
1337 2274 1387 2301 est
1412 2272 1586 2312 percepta,
1621 2273 1652 2299 et
1684 2267 1880 2309 specialiter
1904 2268 1939 2300 in

211 2333 289 2371 hoe,
316 2332 411 2373 quod
437 2335 506 2362 tam
524 2331 718 2362 Londoniis
745 2341 847 2372 quam
871 2330 1053 2361 Lincolnie
1078 2330 1239 2361 laborant
1265 2328 1399 2360 assidue
1425 2328 1469 2359 ad
1494 2327 1691 2358 sacerdotes
1715 2330 1749 2357 et
1772 2337 1940 2368 pauperes

212 2389 483 2430 extinguendum
509 2392 543 2419 et
567 2388 764 2430 specialiter
789 2392 933 2430 propter
962 2388 1029 2419 hoc
1061 2388 1156 2429 quod
1189 2397 1305 2418 eorum
1335 2385 1504 2417 versucias
1535 2384 1709 2415 caritative
1740 2383 1776 2414 in
1807 2383 1940 2426 populo

215 2448 430 2479 detexerunt.
527 2447 539 2466 ¹¹
572 2456 650 2488 pag.
678 2454 713 2486 3:
745 2446 1016 2486 Prolegomena:
1048 2445 1231 2477 Wiclifum
1266 2455 1338 2476 non
1368 2454 1387 2475 a
1418 2443 1530 2485 primo
1561 2442 1659 2473 initio
1693 2442 1736 2472 de
1769 2442 1940 2473 ‘fratribus

215 2505 430 2543 minoribus',
456 2504 788 2546 ‘praedicatoribus’,
826 2504 978 2545 reliquis,
1003 2504 1051 2535 ita
1076 2504 1233 2542 sensisse,
1271 2503 1387 2545 potius
1412 2502 1527 2541 magni
1553 2510 1612 2532 eos
1638 2500 1845 2538 aestimasse,
1877 2510 1942 2531 nec

215 2568 293 2595 ante
319 2573 422 2604 quam
447 2563 618 2604 coepisset
651 2562 827 2593 doctrinae
859 2562 901 2593 de
934 2561 1322 2593 transsubstantiatione
1355 2570 1534 2592 censuram
1563 2569 1672 2599 agere,
1703 2558 1940 2589 mendicantes

213 2622 445 2664 impugnasse,
470 2621 577 2663 ipsius
604 2631 710 2662 opera
735 2624 916 2652 testantur.
961 2620 1048 2651 Cum
1074 2620 1166 2650 enim
1191 2619 1347 2659 theologi
1371 2618 1439 2649 illis
1465 2617 1644 2649 ordinibus
1669 2616 1835 2658 adscripti
1859 2626 1941 2657 prae

215 2680 336 2710 ceteris
374 2680 440 2721 ipsi
471 2679 735 2710 adversarentur
766 2679 809 2709 de
841 2678 998 2709 doctrina
1035 2678 1094 2709 illa
1132 2678 1258 2718 agenti,
1292 2677 1455 2708 Wielisus
1493 2675 1559 2707 sibi
1595 2674 1801 2716 persuadere
1838 2673 1941 2715 cepit,

214 2738 334 2768 fratres
371 2737 581 2768 medicantes
619 2737 772 2768 omniurn
806 2746 958 2767 errorum
995 2739 1100 2776 atque
1132 2735 1299 2766 malorum
1330 2735 1365 2766 in
1397 2733 1540 2765 ecclesia
1566 2734 1729 2763 Romana
1752 2732 1942 2772 vigentium

215 2795 397 2826 acerrimos
435 2806 509 2826 esse
546 2798 713 2836 patronos
752 2798 855 2835 atque
893 2794 1056 2825 vindices.
1100 2794 1205 2833 Quod
1237 2804 1312 2824 cum
1344 2803 1415 2824 non
1441 2795 1520 2822 ante
1546 2800 1672 2821 annum
1701 2790 1784 2830 1381
1813 2791 1942 2821 factum

217 2863 290 2883 esse
317 2877 324 2883 .
343 2877 350 2884 .
369 2877 403 2884 ..
435 2853 510 2884 luce
548 2853 671 2884 clarius
709 2856 772 2891 est,
805 2852 1006 2892 Trialogum
1043 2856 1099 2882 aut
1137 2852 1204 2882 hoc
1241 2856 1298 2883 aut
1336 2849 1522 2893 posteriori
1558 2856 1649 2880 anno
1685 2848 1817 2879 editum
1854 2857 1929 2879 esse

217 2910 267 2941 Cf.
293 2910 441 2941 Lechler
466 2911 488 2942 1.
515 2921 542 2942 e.
571 2921 648 2952 pag.
676 2910 754 2951 476.
793 2911 844 2942 Cf,
870 2911 934 2947 IV,
963 2917 1000 2950 5:
1027 2911 1081 2940 De
1106 2910 1172 2940 ista
1197 2909 1339 2940 materia.
1364 2912 1460 2951 patet
1484 2907 1519 2938 in
1545 2906 1721 2946 Trialogo.
