2017 3353
164 874 203 897 lo

163 1456 206 1478 20

166 1736 205 1770 25

166 2029 208 2062 30

218 230 353 259 sERMo
374 220 413 276 1.]
724 229 864 262 PRIMA
885 226 1010 259 PARS.
1795 233 1818 271 7

277 337 451 384 Quintus
485 337 570 374 dies
594 336 747 374 ordinis
772 332 960 371 consistit
993 332 1033 368 in
1056 332 1268 380 prioritate
1291 345 1527 381 grossorum
1546 329 1820 397 iffidgffaffigfgss

220 409 438 444 corporum
473 395 721 443 simplicium
756 390 1036 430 sublunarium
1062 399 1100 427 et
1131 390 1349 428 mixtorum
1375 391 1609 428 anima-that
1630 407 1681 426 are
1698 404 1819 427 nearest

219 464 351 491 torum
385 462 643 490 causatorum
678 453 726 489 ab
767 450 877 499 ipsiS,
919 448 1147 486 cuiusmodi
1190 458 1281 485 sunt
1320 448 1450 497 pisces
1495 433 1818 503 et¹¹¹g‘³‚efi¹}{,¹}3}¹¹{⁵nde·

218 525 328 559 aves;
360 524 456 548 nam
489 511 566 548 ista
600 511 679 547 duo
713 521 859 558 genera
892 520 937 544 ex
969 507 1202 544 substancia
1235 507 1405 544 humida
1438 520 1530 555 pro·
1634 503 1732 531 birds.

219 578 418 608 creantur.
460 572 508 605 Et
549 569 605 606 sic
638 580 762 616 opera
800 565 913 603 tercii
949 564 1026 601 diei
1061 573 1098 601 et
1138 577 1261 613 opera
1301 564 1418 601 huius
1453 565 1530 601 diei

217 641 289 677 per
321 627 577 676 prioritatem
610 624 914 663 universalioris
949 631 987 659 et
1009 623 1298 670 complecioris
1323 635 1368 660 ac
1402 622 1527 671 parti—

218 685 429 724 cularitem
475 684 726 734 specialioris
760 682 1063 730 distinguuntur
1102 682 1151 718 ab
1198 681 1396 728 invicem3
1440 680 1530 717 ideo

219 757 310 781 cum
334 746 440 780 Deus
464 743 573 780 dedit
599 742 664 779 isti
688 741 792 791 parti
818 739 1054 788 perfecciori
1078 739 1255 776 animam
1281 738 1526 786 sensitivam,

219 802 425 851 signanter
463 801 573 838 dedit
613 801 667 838 eis
709 799 898 837 affectum
934 805 971 834 et
1008 797 1238 845 potenciam
1272 797 1528 845 procreandi.

277 862 416 897 Sextus
452 860 536 896 dies
571 867 608 896 et
640 858 808 895 ultimus
843 856 956 893 istius
980 854 1133 892 ordinis
1168 864 1226 892 est
1248 855 1350 892 ordo
1383 851 1590 914 priori-{31:¹¹
1611 851 1824 915 ἷῗῖὧεῡξξὲΐζ

219 918 311 956 tatis
344 918 512 955 materie
545 916 796 965 specialioris
830 914 967 951 infime
991 913 1189 950 terrestris
1225 922 1262 950 et
1294 894 1733 961 posteriori-spgecialized
1756 922 1823 949 ani-

219 977 310 1014 tatis
345 976 532 1013 animalis
566 975 748 1024 agrestis,
783 974 891 1021 quod
915 973 963 1009 ab
998 971 1066 1008 illo
1100 971 1351 1019 producitur,
1386 970 1426 1007 in
1450 984 1530 1020 quo
1546 956 1824 1026 ffifflsbssgfflfflffl

219 1034 441 1083 produccio
488 1033 663 1071 hominis
705 1032 926 1069 secundum
967 1030 1145 1067 animam
1188 1029 1428 1067 inculcatur.
1482 1032 1532 1066 Et
1617 1026 1652 1054 of
1671 1034 1754 1054 ¹¹¹³ss-

221 1093 277 1130 sic
311 1105 402 1130 cum
435 1093 559 1129 homo
593 1091 643 1128 sit
666 1091 756 1127 finis
789 1088 973 1126 omnium
1008 1088 1175 1125 istorum
1202 1087 1529 1136 corruptibilium

221 1160 258 1188 et
281 1150 492 1187 ordinatus
527 1150 583 1187 eis
603 1148 843 1186 naturaliter
866 1146 1085 1193 dominari,
1120 1147 1325 1195 signanter
1348 1146 1530 1194 ipsorum

221 1209 431 1246 ordinacio
464 1207 575 1257 prius
611 1206 847 1256 exprimitur
880 1213 917 1242 et
956 1206 1080 1241 homo
1113 1204 1288 1241 finaliter
1320 1212 1530 1252 tamquam

220 1267 365 1304 ultima
399 1267 554 1304 factura
576 1265 648 1303 Dei
682 1266 722 1302 in
756 1263 1055 1313 possessionem
1080 1275 1194 1299 suam
1229 1262 1448 1299 inducitur.
1482 1265 1531 1299 Et

221 1327 272 1363 ad
321 1326 597 1363 denotandum
643 1324 752 1372 quod
797 1322 999 1370 scriptura
1044 1321 1112 1358 illa
1152 1333 1232 1357 non
1272 1320 1452 1369 loquitur
1484 1322 1532 1357 de

222 1384 362 1421 diebus
386 1382 581 1432 temporis
605 1383 673 1419 sed
696 1381 866 1430 predicti
889 1378 1056 1426 ordinis,
1089 1380 1310 1427 prudenter
1332 1378 1530 1427 exprimit,

221 1455 328 1479 nunc
361 1454 438 1490 que
482 1440 683 1490 posterius
728 1449 765 1477 et
809 1451 915 1476 nunc
954 1450 1031 1486 que
1070 1437 1180 1486 prius
1215 1447 1398 1486 tempore
1439 1449 1530 1486 pro-

222 1501 438 1540 ducuntur.

280 1561 382 1595 Nam
416 1559 540 1595 homo
574 1558 795 1594 secundum
821 1554 999 1592 animam
1024 1563 1105 1591 tam
1140 1554 1181 1591 in
1205 1553 1386 1591 masculo
1410 1565 1532 1601 quarn
1548 1551 1826 1616 (Ξὲξέἓᾶἓξὶῖξὶξέῐῑὲθ

225 1617 265 1654 in
304 1616 455 1654 femina
497 1614 559 1670 (ut
590 1614 856 1664 probabiliter
888 1613 1079 1658 creditur)
1119 1612 1159 1649 in
1201 1612 1334 1661 primo
1369 1610 1533 1648 instanti
1568 1622 1717 1661 orderjng
1740 1629 1809 1649 new

223 1674 416 1724 temporis
462 1683 520 1711 est
575 1674 811 1722 productus,
864 1680 902 1708 et
952 1671 1009 1708 sic
1061 1670 1315 1719 quiescencia
1360 1669 1432 1706 Dei
1472 1669 1535 1706 die
1625 1657 1742 1692 things.

223 1733 396 1782 septimo
436 1741 495 1770 est
538 1741 630 1780 post
667 1732 765 1768 istos
805 1743 869 1767 sex
901 1729 1062 1766 ordines
1105 1730 1145 1766 in
1180 1728 1318 1765 mundi
1352 1727 1536 1776 partibus

223 1804 304 1828 non
336 1803 461 1828 novos
495 1789 658 1827 ordines
692 1789 873 1826 eiusdem
908 1787 1083 1824 racionis
1118 1799 1284 1824 causare
1323 1787 1394 1823 sed
1427 1786 1536 1834 ipsos

223 1849 264 1886 in
286 1848 623 1897 singularioribus
646 1847 787 1884 mundi
812 1845 994 1895 partibus
1018 1845 1268 1883 continuare.
1304 1846 1384 1881 Ista
1403 1853 1536 1881 autem

223 1908 381 1945 videtur
412 1907 475 1944 via
516 1905 737 1955 probabilis
772 1914 810 1942 et
847 1916 1025 1941 consona
1068 1903 1161 1940 fidei
1195 1903 1404 1951 scripture,
1446 1914 1538 1939 curn

223 1978 363 2003 omnes
396 1965 518 2002 emuli
542 1963 757 2013 Augustini
791 1962 977 2000 nesciunt
999 1961 1105 1999 viam
1138 1961 1375 2008 faciliorem,
1411 1959 1538 2008 magis

223 2023 491 2072 probabilem,
538 2023 599 2060 vel
641 2022 838 2070 scripture
894 2021 982 2069 plus
1023 2032 1244 2056 consonam
1293 2019 1538 2067 sompniare.

223 2082 418 2120 Nesciunt
458 2081 564 2119 enim
603 2089 737 2117 utrum
774 2080 813 2116 in
848 2079 980 2128 primo
1026 2078 1193 2115 instanti
1226 2077 1305 2114 diei
1345 2076 1539 2125 temporis

223 2141 296 2178 fuit
337 2149 445 2177 totus
485 2140 659 2176 mundus
700 2140 921 2175 secundam
964 2136 1178 2174 materiam
1221 2144 1456 2184 procreatus
1504 2143 1541 2171 et

225 2212 297 2248 per
330 2207 458 2236 totum
495 2198 702 2234 residuum
737 2196 843 2234 illius
883 2195 1005 2244 primi
1039 2194 1116 2232 diei
1153 2197 1259 2230 Deus
1293 2193 1456 2242 quievit,
1496 2201 1540 2229 ut

225 2257 289 2294 die
323 2257 509 2305 septimo.
545 2259 594 2293 Et
618 2268 710 2292 cum
742 2255 860 2291 unius
894 2253 1079 2291 instantis
1103 2252 1291 2301 operacio
1316 2252 1537 2289 secundum

224 2315 313 2352 illos
347 2314 414 2363 qui
447 2325 595 2362 negant
630 2313 976 2361 composicionem
1010 2311 1148 2360 quanti
1174 2324 1217 2347 ex
1250 2323 1330 2347 non
1364 2309 1539 2358 quantis,

224 2386 304 2410 non
343 2373 448 2410 tollit
487 2374 534 2409 de
574 2372 833 2420 longioritate
879 2369 1037 2419 quietis,
1081 2370 1239 2407 videtur
1283 2370 1391 2417 quod
1434 2371 1539 2404 Deus

225 2431 357 2480 primo
400 2431 463 2468 die
507 2439 589 2467 tam
633 2430 700 2466 diu
751 2429 903 2477 quievit
936 2428 1039 2465 sicut
1071 2427 1265 2475 septimo:
1300 2435 1337 2463 et
1369 2427 1401 2463 si
1435 2429 1541 2462 Deus

225 2489 448 2526 successive
494 2489 682 2537 produxit
735 2487 985 2524 materialem
1040 2486 1180 2522 mundi
1225 2485 1446 2522 essenciam
1503 2484 1540 2520 in

295 2586 314 2605 1.
337 2578 365 2605 A
385 2577 415 2605 in
436 2585 551 2613 marg.:
566 2577 590 2605 5.
612 2576 634 2603 Β
649 2577 677 2604 in
694 2584 808 2615 marg3:
832 2575 966 2612 Quintus
983 2575 1059 2603 dies.
1131 2583 1161 2609 4.
1183 2576 1228 2602 A:
1245 2574 1295 2601 illa
1311 2575 1383 2600 duo.
1456 2572 1481 2600 5.
1498 2571 1541 2599 C:

225 2612 317 2640 tercie
336 2612 408 2640 diei.
481 2621 520 2640 10-
541 2614 569 2640 A
589 2613 618 2639 in
641 2619 737 2645 marg.
752 2620 758 2637 :
775 2616 802 2639 o.
825 2610 846 2637 Β
868 2612 896 2638 in
919 2618 1033 2645 marg:
1055 2609 1165 2637 Sextus
1183 2610 1258 2636 dies.
1333 2616 1373 2635 10.
1390 2609 1436 2635 A:
1459 2606 1541 2633 illius

225 2648 357 2675 ordinis.
483 2655 518 2675 11.
539 2648 588 2675 A:
619 2646 812 2680 specialioris
833 2650 861 2672 et
881 2646 911 2672 in
933 2645 1001 2672 fine.
1140 2651 1178 2671 12.
1201 2644 1245 2672 C:
1276 2651 1400 2679 quoqne
1421 2643 1457 2670 ab
1480 2641 1541 2668 illo.

225 2691 268 2715 ¹4·
288 2684 336 2710 A:
358 2682 482 2709 illorum
505 2681 727 2717 corporalium.
834 2680 871 2708 15.
893 2680 936 2708 C:
958 2684 1068 2707 natura
1089 2679 1256 2706 dominari.
1371 2677 1410 2705 ιδ.
1433 2677 1471 2704 13:
1493 2676 1542 2703 Ad

226 2717 458 2751 denotandum;
480 2717 523 2744 B:
547 2716 701 2751 scriptura
722 2717 787 2744 ista.
913 2723 959 2742 20.
981 2716 1009 2741 A
1030 2715 1060 2741 in
1082 2722 1196 2748 marg:
1218 2713 1310 2741 Nota.
1432 2719 1473 2739 22.
1495 2711 1542 2738 A:

225 2752 319 2779 homo
333 2753 426 2790 deest.
511 2759 557 2786 24.
579 2753 627 2779 A:
644 2752 673 2778 in
689 2750 896 2787 quiescencia.
970 2749 1010 2777 25.
1032 2750 1078 2786 A:
1100 2753 1171 2784 post
1191 2749 1271 2776 illos
1292 2748 1321 2775 A
1336 2747 1366 2774 in
1383 2754 1480 2780 marg.
1492 2752 1542 2807 :cy

224 2787 318 2822 27.B:
334 2787 553 2821 smgularibus.
636 2793 682 2821 29.
698 2788 744 2813 A:
759 2786 840 2813 viam
856 2784 1014 2818 nesciunt3
1032 2792 1060 2811 1n
1076 2791 1192 2818 marg:
1208 2787 1336 2810 correct.
1410 2780 1452 2809 33.
1474 2780 1495 2807 B
1535 2789 1541 2806 :

226 2821 324 2857 prime
346 2821 415 2849 diei.
438 2821 503 2849 BC:
526 2821 640 2857 quievit
660 2820 718 2848 die.
799 2819 839 2848 35.
862 2819 903 2846 B:
930 2818 1195 2854 composicionem
1217 2816 1361 2845 contenti.
1435 2823 1480 2852 37.
1503 2815 1541 2841 B·

226 2857 273 2884 die
293 2856 405 2892 primo.
