2017 3353
190 883 226 903 10

186 1174 222 1195 11>

182 1757 221 1780 21>

181 2039 222 2070 30

252 231 388 260 SERMO
410 220 495 277 xv]
772 231 911 263 PRlMA
938 231 1064 262 PARs.

247 341 374 378 mium
408 340 459 376 sit
492 352 588 387 pure
621 351 664 375 ex
696 338 844 386 gracia,
878 349 957 373 non
991 336 1034 373 fit
1056 336 1177 373 alicui
1202 337 1359 374 iniuria.
1386 339 1563 385 Apparet

246 408 379 436 autem
405 400 522 434 beato
543 396 736 445 Gregorio
762 398 871 445 quod
895 408 986 431 cum
1011 394 1184 431 venisset
1208 404 1297 442 post
1314 396 1561 443 completum

246 457 433 494 meritum
467 455 709 504 premiandi,
751 455 861 503 quod
902 453 1055 490 dictum
1101 466 1285 489 murmur
1317 452 1392 489 erit
1425 453 1465 489 in
1498 453 1562 490 die

245 514 399 561 iudicii7
453 514 546 562 quia
598 522 691 560 post
743 512 924 561 quinque
975 512 1097 547 horas
1144 511 1182 547 in
1230 511 1377 560 quibus
1426 511 1559 548 solum

245 572 412 610 ecclesia
449 571 572 608 viabit
611 571 660 607 ad
703 570 906 607 meritum.
946 571 994 606 Et
1037 569 1091 605 ita
1125 569 1216 606 licet
1250 579 1411 617 tempus
1445 570 1562 606 etatis

245 631 384 668 ultime
418 629 536 666 fuerit
569 628 820 675 diuturnum,
863 629 980 664 breve
1021 636 1157 664 tamen
1191 637 1249 664 est
1283 637 1321 664 et
1354 627 1559 663 modicum

244 698 412 737 propter
442 686 681 724 Antichristi
714 686 917 723 versucias
951 686 1084 734 quoad
1113 695 1272 733 tempus
1297 685 1559 722 merencium.

244 745 301 784 Illi
336 756 469 783 autem
505 745 573 794 qui
606 753 763 793 ponunt
795 746 867 781 hos
901 743 1080 792 quinque
1111 743 1236 779 exitus
1260 752 1351 780 ante
1375 743 1560 780 incarna-

244 805 401 842 cionem
435 803 602 840 Domini
635 802 860 848 terminari‚
888 811 1057 850 possunt
1097 801 1344 849 pertinenter
1383 814 1561 838 asserere

242 864 350 912 quod
383 862 537 899 dictum
573 874 757 897 murmur
793 861 944 897 factum
986 869 1043 896 est
1085 869 1175 907 post
1209 859 1487 896 ascencionem
1525 868 1562 896 et

242 930 332 957 ante
366 920 472 957 diem
506 918 657 956 iudicii.
694 920 771 956 Sed
803 918 881 955 alia
908 917 973 954 via
996 917 1132 954 dicens
1156 917 1428 966 pertinencius
1452 919 1560 966 quod

241 978 462 1016 novissima
494 978 594 1014 hora
627 977 816 1014 terminat
850 985 981 1014 totum
1016 984 1176 1024 tempus
1208 975 1404 1013 viacionis
1433 989 1560 1023 usque

240 1038 290 1074 ad
324 1036 429 1073 diem
463 1035 601 1073 iudicii
635 1035 751 1073 aliter
784 1036 902 1072 debet
935 1034 1172 1082 intelligere.
1208 1035 1300 1071 Ideo
1336 1038 1394 1080 (ut
1428 1034 1560 1082 placet

240 1097 356 1132 beato
390 1095 600 1142 Gregorio)
641 1094 747 1131 dicta
780 1092 1056 1129 murmuracio
1105 1101 1163 1129 est
1204 1092 1466 1140 cogitacionis
1500 1092 1560 1128 in-

209 1162 352 1190 'terna
389 1152 629 1197 admiracio‚
669 1162 706 1189 et
739 1160 869 1189 toturn
908 1150 1113 1187 residuum
1154 1160 1212 1188 est
1254 1151 1457 1187 revolucio
1490 1151 1560 1188 ad-

239 1210 473 1248 miracionis
507 1210 548 1246 in
582 1210 718 1247 animo
754 1210 912 1247 exclusa
935 1208 1245 1246 circumstancia
1274 1209 1431 1257 peccati
1456 1209 1560 1246 sicut

239 1269 340 1306 iram
389 1277 427 1306 et
478 1269 654 1305 furorem
702 1270 786 1304 Deo
834 1267 1072 1314 tribuimus3
1118 1276 1156 1303 et
1201 1268 1340 1304 eadem
1394 1276 1453 1304 est
1494 1279 1559 1304 ars

239 1327 399 1365 colandi
442 1340 569 1364 unum
609 1327 657 1363 de
696 1326 874 1363 Domino
915 1332 953 1363 et
992 1325 1192 1374 reliquum
1228 1326 1275 1362 de
1308 1325 1447 1362 beatis.
1494 1325 1559 1361 Sic

241 1399 334 1434 ergo
369 1394 454 1423 tota
486 1386 559 1422 hec
592 1384 819 1433 disputacio
852 1385 915 1421 hic
948 1392 1111 1421 narrata
1144 1392 1203 1420 est
1226 1385 1438 1421 beatorum
1465 1396 1559 1421 con-

241 1444 439 1481 sideracio
473 1443 696 1488 narrativa;
729 1453 765 1480 et
788 1442 861 1479 Dei
894 1441 1103 1490 responsio
1139 1450 1197 1478 est
1229 1441 1457 1479 declaracio
1490 1454 1558 1478 sue

241 1502 401 1539 iusticie
434 1515 479 1539 ac
503 1500 780 1538 misericordie
803 1500 887 1538 sine
912 1500 1056 1537 merito
1081 1500 1296 1548 condigno.
1323 1501 1423 1537 Cum
1450 1500 1557 1542 enim

240 1563 345 1597 Deus
390 1561 458 1598 dat
504 1559 725 1608 unicuique
768 1559 912 1596 viatori
962 1560 1068 1595 bona
1112 1558 1314 1595 naturalia
1360 1571 1405 1595 ac
1450 1560 1559 1596 bona

239 1620 398 1656 fortune
431 1631 508 1667 que
547 1618 586 1654 in
629 1617 831 1655 infinitum
881 1617 1076 1654 excedunt
1111 1617 1299 1653 meritum
1334 1629 1415 1666 quo
1449 1617 1558 1664 apud

239 1679 366 1713 Deum
408 1677 468 1713 vel
510 1676 717 1713 hominem
756 1686 992 1721 mereretur,
1031 1685 1142 1723 patet
1178 1676 1288 1724 quod
1330 1688 1450 1723 super
1485 1676 1557 1711 hec

208 1748 218 1753 ·
239 1736 372 1772 dando
401 1736 506 1771 bona
541 1734 672 1783 gracie
707 1743 744 1770 et
779 1734 952 1771 finaliter
987 1735 1212 1770 mercedem
1247 1733 1374 1782 glorie
1406 1734 1556 1769 nedum

238 1806 318 1830 non
352 1793 445 1830 facit
468 1793 655 1829 iniuriam
681 1793 750 1829 sed
774 1791 1086 1830 retribucionem
1115 1804 1214 1840 pure
1247 1801 1285 1828 et
1317 1791 1558 1839 simpliciter

237 1864 476 1900 graeiosam.

1775 227 1847 263 103

297 1909 495 1946 Denarius
518 1908 655 1957 itaque
678 1908 857 1957 signatus
890 1922 962 1956 pro
994 1908 1178 1945 mercede
1214 1916 1380 1945 cunctos
1416 1909 1555 1945 beatos
1570 1919 1619 1946 An
1642 1919 1692 1946 the
1720 1919 1842 1947 blessed

239 1967 411 2004 finaliter
454 1967 664 2016 quietabit.
709 1967 845 2015 Aliqui
892 1975 1026 2003 tamen
1070 1966 1233 2003 beacius
1282 1966 1478 2003 intensive
1518 1976 1556 2004 et

238 2026 307 2063 alii
341 2026 475 2062 minus
508 2025 614 2062 beati
649 2035 765 2062 erunt
801 2025 841 2061 in
874 2025 983 2062 dicto
1012 2025 1179 2061 denario
1203 2024 1389 2074 quietati.
1423 2027 1472 2061 Et
1496 2024 1555 2061 sic

239 2084 535 2121 considerando
577 2083 817 2120 calliditates
857 2083 1008 2120 diaboli
1048 2092 1086 2119 et
1126 2092 1252 2120 status
1295 2096 1341 2120 ac
1381 2083 1554 2119 circum-

238 2142 412 2179 stancias
452 2142 772 2182 novissimorum
804 2142 1049 2178 merencium
1086 2154 1161 2189 que
1193 2143 1411 2188 retardant,
1442 2151 1555 2188 patet

238 2201 346 2249 quod
380 2200 644 2248 predestinati
678 2209 860 2248 tempore
893 2200 1026 2248 gracie
1060 2199 1099 2236 in
1122 2200 1231 2236 brevi
1255 2208 1437 2248 tempore
1461 2212 1553 2236 cum

239 2258 387 2295 Christi
422 2259 623 2295 iuvamine
657 2258 831 2306 amplius
868 2268 1102 2296 meruerunt
1134 2271 1255 2306 quam
1289 2258 1554 2306 predestinati

207 2329 217 2333 ”
238 2317 355 2365 longe
388 2316 554 2354 maioris
587 2317 759 2365 periodi,
793 2317 885 2354 licet
918 2317 1052 2353 minus
1085 2317 1126 2353 in
1160 2317 1470 2365 comparacione
1503 2317 1553 2353 ad

240 2458 242 2460 ’
294 2472 327 2503 ἰ,
342 2471 367 2490 2.
389 2466 432 2491 A:
453 2468 581 2499 apparet
596 2471 614 2490 a
630 2464 686 2491 bea
706 2464 850 2499 Gregorii
872 2464 951 2498 (sic).
988 2462 1013 2498 5,
1030 2464 1059 2492 6.
1081 2464 1121 2492 C:
1143 2464 1231 2492 etatis
1251 2464 1334 2492 utile.
1372 2473 1399 2499 7.
1421 2463 1462 2492 C:
1483 2472 1553 2491 ver-

236 2507 366 2526 sucram.
465 2507 494 2535 9.
516 2497 583 2525 BC:
605 2498 793 2533 pertinenter
814 2499 908 2526 deest.
1009 2508 1051 2534 14.
1071 2500 1116 2526 A:
1139 2499 1324 2532 Gregorius.
1413 2499 1449 2527 15.
1472 2500 1500 2526 A
1522 2500 1552 2526 in

237 2541 349 2567 marg:
373 2533 555 2565 Gregorius.
596 2542 637 2570 ¹9·
658 2535 788 2568 A:ergo
809 2534 910 2567 deest;
932 2534 972 2560 ib.
994 2535 1039 2561 A:
1061 2535 1227 2562 bonorum.
1300 2542 1338 2561 21.
1361 2535 1400 2562 A:
1425 2535 1462 2562 de
1482 2542 1553 2561 con-

237 2569 342 2604 digno.
415 2569 457 2597 23.
479 2571 523 2597 A:
545 2570 682 2601 fortune;
704 2569 842 2604 sequitur
862 2570 987 2604 lacuna3
1008 2569 1067 2596 ib.:
1090 2577 1148 2605 que
1167 2569 1199 2596 in
1220 2569 1320 2604 dees13
1342 2569 1384 2597 C:
1406 2571 1435 2597 in
1457 2570 1552 2597 deest.

236 2612 281 2637 24.
302 2605 348 2631 A:
369 2612 475 2639 supra.
583 2603 624 2631 25.
646 2606 690 2631 A:
713 2603 793 2631 bona
813 2604 908 2631 deest.
1007 2605 1053 2631 26.
1076 2606 1116 2631 A:
1139 2611 1198 2631 non
1221 2604 1316 2631 deest.
1417 2612 1460 2639 27.
1484 2604 1550 2632 BC:

237 2640 415 2674 gloriosam.
484 2638 530 2666 2³.
551 2640 590 2666 A:
613 2646 667 2673 per
687 2640 878 2672 mercedem
900 2639 942 2667 ib.
959 2638 1028 2667 BC:
1050 2644 1179 2667 cunctos
1201 2640 1353 2667 homines.
1415 2647 1462 2674 29.
1484 2639 1552 2667 BC:

238 2679 266 2701 et
285 2674 379 2701 deest.
465 2673 504 2702 31.
526 2675 571 2701 A:
592 2681 628 2701 ac
649 2678 755 2701 status.
829 2674 870 2702 33.
891 2675 938 2701 A:
960 2681 1032 2701 cum
1054 2674 1154 2707 deest;
1176 2675 1204 2701 A
1225 2674 1254 2702 in
1276 2682 1394 2709 marg:
1415 2675 1494 2702 Nota
1515 2675 1553 2701 de

237 2710 345 2737 merito
366 2709 646 2745 predestinatorum
674 2709 836 2745 utriusque
854 2708 1040 2737 testamenti.

265 2827 339 2894 Ἧι,
362 2828 411 2857 14.
440 2816 491 2849 Cf.
518 2816 677 2860 Gregorii
706 2814 740 2847 in
759 2816 949 2858 Evangelia
975 2815 1032 2849 lib.
1053 2817 1076 2848 Ι.
1096 2816 1227 2848 Homil.
1246 2816 1392 2847 C.X1X.
1412 2815 1503 2858 Opp.
1525 2817 1549 2847 1.

243 2873 278 2894 ω
310 2873 337 2894 2.

1571 1954 1647 1981 shall
1659 1955 1778 1982 receive
1789 1955 1841 1982 thc

1623 1989 1743 2016 reward
1764 1989 1797 2017 of

1657 2025 1756 2061 glory.
