2017 3353
154 277 207 329 48
738 282 962 315 JOHANNIS
981 279 1164 313 WYCLIF
1191 279 1447 312 SERMONUM
1517 265 1673 319 [SERMO
1687 271 1754 300 vn.

443 399 534 427 sunt
566 389 723 426 veritati
758 389 887 437 prime
919 386 1125 434 contrarii,
1161 386 1216 423 sic
1249 393 1412 434 portant
1444 396 1592 420 nomen
1626 391 1662 419 et
1694 382 1753 418 of-

442 449 576 485 ficium
611 448 650 484 in
684 448 854 484 ecclesia
887 459 966 495 quo
1000 454 1115 482 erunt
1149 444 1320 481 finaliter
1361 442 1576 490 redarguti.
1631 443 1680 477 Et
1712 439 1752 476 in

442 506 560 543 istam
584 505 875 554 blasphemiam
900 503 1046 541 Christi
1070 502 1210 539 incidit
1234 511 1339 538 totus
1364 502 1549 537 mundus.
1574 501 1655 535 Nec
1680 498 1753 534 du-

443 565 552 601 bium
587 564 683 611 quin
716 563 773 600 illi
807 571 969 600 econtra
1002 561 1327 598 scandalizantur
1359 572 1380 596 a
1421 558 1568 595 sanctis
1602 555 1751 604 angelis

444 624 550 671 apud
575 622 793 667 Christum,
828 621 935 669 apud
958 632 1076 668 quem
1102 631 1221 655 omne
1241 630 1387 653 nomen
1412 617 1515 653 fame
1538 614 1752 652 laudabilis
1774 617 1789 650 5

156 692 289 730 Prelqtes
316 689 430 730 offend-
443 681 688 717 nominatur.
712 682 761 716 Et
785 679 859 715 ista
880 678 1039 715 Videtur
1060 675 1263 713 sentencia
1288 674 1436 711 Christi
1455 673 1619 711 Matthei
1636 673 1700 717 XI,
1718 672 1754 707 6:

179 727 215 754 ed
237 734 266 753 ¹¹¹
288 725 402 754 cmm·
445 740 655 789 Pauper-es,
688 737 830 786 inquit,
864 736 1184 788 evangelizantur
1217 741 1251 769 et
1286 734 1416 769 beatus
1448 733 1510 781 qui
1541 744 1612 768 non
1627 729 1755 781 suerit

444 797 731 850 scandalizatus
770 796 804 831 in
838 807 906 830 me.
963 795 1065 830 Nam
1099 805 1170 840 per
1203 790 1407 827 Christum
1442 799 1479 826 et
1523 789 1562 825 in
1596 788 1756 824 Christo

445 855 602 902 optima
625 854 703 890 vita
727 852 928 889 viancium
953 850 1168 887 nunciatur
1191 847 1417 897 evangelice
1442 860 1526 884 esse
1549 845 1760 895 pauperies

446 913 485 949 in
518 925 597 961 qua
631 910 975 960 evangelizacione
999 911 1127 945 Deum
1161 906 1487 944 scandalizantur
1517 905 1647 953 primo
1671 916 1762 951 pre-
1782 917 1820 938 xo

448 971 517 1007 lati
550 969 734 1018 predicti,
771 981 861 1004 cum
887 968 1024 1004 dicunt
1058 967 1096 1002 in
1120 966 1225 1002 facto
1252 964 1454 1001 Christum
1491 976 1574 1000 esse
1608 971 1645 999 et
1679 970 1760 997 sto-

448 1028 574 1064 lidum
629 1037 666 1064 et
718 1035 932 1064 amentem.
997 1025 1182 1061 Secundo
1237 1022 1561 1060 scandalizantur
1623 1019 1761 1057 mundi

448 1095 632 1133 potentes
656 1085 723 1133 qui
749 1085 865 1121 istam
891 1083 1206 1120 reversacionem
1233 1081 1378 1117 Christi
1403 1080 1595 1117 exercitus
1619 1090 1763 1127 procu-

450 1153 606 1191 rarunt3
632 1152 669 1180 et
694 1143 818 1179 tercio
843 1141 1167 1178 scandalizantur
1190 1139 1258 1188 qui
1282 1139 1345 1175 isti
1371 1137 1637 1175 reversacioni
1663 1149 1763 1185 quo-

450 1203 737 1250 modocunque
797 1199 1073 1237 consenciunt.
1129 1199 1206 1234 Sed
1260 1197 1348 1246 quis
1402 1205 1459 1233 est
1518 1196 1558 1232 in
1610 1195 1763 1231 mundo
1786 1195 1822 1229 15

450 1261 517 1309 qui
563 1261 611 1296 ab
657 1259 733 1296 ista
776 1257 1126 1295 scandalizacione
1171 1256 1405 1293 omnimode
1448 1263 1505 1291 est
1550 1251 1764 1290 immunis?

450 1319 590 1355 Audeo
637 1317 768 1354 dicere
813 1317 923 1364 quod
964 1315 1193 1364 quicunque
1233 1313 1323 1350 talis
1363 1313 1481 1349 fuerit
1514 1321 1573 1349 est
1611 1313 1763 1347 beatus.

450 1376 586 1412 Nostri
632 1384 764 1412 autem
805 1373 1006 1411 scolastici
1046 1382 1153 1409 stant
1197 1372 1235 1408 in
1275 1373 1348 1408 hac
1397 1383 1490 1408 ceca
1524 1368 1766 1418 superficiali

452 1433 609 1482 argucia
641 1434 751 1482 quod
784 1446 854 1481 per
886 1432 1003 1469 talem
1039 1431 1293 1467 dotacionem
1327 1429 1511 1478 providet
1534 1429 1662 1465 clerus
1696 1427 1766 1462 do-

453 1502 556 1529 tatus
598 1491 838 1540 pauperibus
878 1492 925 1526 de
968 1489 1187 1526 elemosina
1226 1488 1446 1536 corporali3
1492 1500 1564 1523 nec
1602 1484 1766 1522 dubium
1785 1495 1827 1517 20

453 1550 548 1598 quin
582 1550 612 1586 si
644 1550 719 1586 ista
752 1549 907 1585 dotacio
938 1547 1236 1584 excusacionem
1271 1546 1467 1594 acceperit
1500 1553 1576 1582 stat
1607 1544 1644 1580 in
1679 1542 1767 1579 isto.

454 1610 530 1645 Sed
563 1618 702 1656 penset
737 1610 863 1655 (rogo)
898 1606 1024 1642 fidelis
1058 1606 1265 1654 quomodo
1307 1603 1518 1652 spiritualis
1553 1600 1770 1639 elemosina

455 1676 512 1703 est
545 1667 849 1713 quodammodo
884 1664 1027 1700 melior
1059 1663 1210 1699 infinite
1255 1662 1453 1710 corporali
1494 1670 1531 1697 et
1564 1659 1771 1708 quomodo

456 1725 585 1761 clerus
623 1725 670 1760 ab
710 1723 784 1760 ista
829 1722 1047 1759 elemosina
1091 1720 1284 1770 spirituali
1329 1719 1559 1756 distrahitur
1592 1727 1629 1754 et
1673 1729 1771 1765 quo-

457 1783 579 1819 modo
600 1782 817 1819 elemosina
834 1780 1055 1828 corporalis
1082 1788 1245 1828 propter
1278 1779 1471 1814 mundum
1501 1776 1774 1813 fraudulenter
1790 1774 1830 1808 25

457 1840 733 1889 suspenditur:
774 1839 862 1875 ideo
904 1843 960 1884 (ut
999 1851 1118 1886 supra
1157 1836 1245 1882 dixi)
1285 1835 1602 1872 inexcusabiliter
1641 1832 1775 1881 regula

213 1920 319 1947 Active
341 1919 399 1946 aud
457 1899 529 1935 Dei
561 1898 872 1945 contempnitur,
907 1909 997 1933 cum
1029 1896 1157 1932 clerus
1189 1895 1307 1931 vitam
1332 1894 1512 1939 activam,
1546 1893 1670 1929 immo
1703 1904 1774 1938 po-

188 1953 426 2016 comeffip-lative
459 1957 540 1994 cius
574 1956 810 1993 diabolicam
844 1954 1112 2003 amplectitur,
1154 1963 1191 1990 et
1229 1953 1307 1989 vita
1347 1950 1658 1999 contemplativa
1698 1961 1774 1997 que

460 2016 576 2051 debet
607 2027 691 2050 esse
724 2013 886 2062 propria
916 2013 1022 2049 clero
1058 2011 1366 2059 contempnitur.

518 2073 776 2109 Contendunt
805 2080 937 2108 autem
969 2070 1129 2119 quidam
1175 2070 1222 2105 de
1252 2068 1445 2117 quiditate
1475 2079 1519 2104 ac
1549 2062 1776 2102 differencia
1792 2066 1834 2098 30

459 2130 576 2166 huius
610 2130 707 2177 vite3
747 2142 824 2177 qua
866 2128 1072 2177 supposita
1115 2127 1364 2163 contendunt
1406 2125 1566 2173 quidam
1611 2122 1775 2158 ulterius

461 2198 595 2224 utrum
621 2188 699 2224 vita
722 2186 1032 2234 contemplativa
1055 2185 1104 2221 sit
1127 2184 1270 2221 melior
1293 2197 1411 2232 quam
1442 2183 1578 2220 activa.
1635 2181 1776 2226 Quoad

462 2246 635 2294 primum
661 2245 804 2282 dicitur
826 2243 1086 2292 probabiliter
1108 2243 1217 2290 quod
1236 2252 1405 2290 utraque
1422 2241 1587 2278 istarum
1606 2239 1775 2276 vitarum

462 2317 544 2340 non
568 2313 625 2340 est
649 2303 722 2339 nisi
745 2302 998 2339 conversacio
1022 2301 1212 2347 virtuosa,
1228 2309 1263 2336 et
1285 2300 1338 2336 sic
1360 2300 1438 2336 vita
1456 2299 1582 2335 activa
1601 2307 1658 2334 est
1683 2308 1777 2333 con-

462 2361 638 2398 versacio
661 2360 832 2409 practice
855 2359 1055 2408 operantis
1079 2368 1245 2407 propter
1267 2359 1418 2394 bonum
1443 2356 1623 2404 corporis
1647 2355 1708 2391 hic
1739 2354 1777 2389 in
1793 2353 1833 2386 35

462 2420 534 2456 via.
558 2419 648 2456 Vita
669 2429 802 2455 autem
828 2417 1136 2465 contemplativa
1159 2426 1216 2453 est
1242 2415 1498 2452 conversacio
1529 2413 1776 2451 intellectua-

464 2477 554 2514 liter
576 2476 777 2525 operantis
805 2484 969 2524 propter
997 2477 1147 2511 bonum
1176 2474 1299 2522 patrie
1326 2473 1574 2522 perfeccione
1598 2469 1777 2518 corporis

465 2535 666 2572 odibiliter
697 2534 919 2582 postposita
951 2533 1013 2569 hic
1036 2533 1073 2569 in
1095 2533 1168 2569 via.
1200 2535 1253 2569 Ex
1277 2532 1420 2579 quibus
1445 2529 1646 2579 colligitur
1669 2528 1778 2577 quod

537 2632 555 2651 1.
575 2624 619 2651 A:
642 2622 754 2658 primo.
863 2620 886 2648 3.
909 2622 954 2648 A:
977 2620 1201 2656 blasphemiam
1224 2620 1293 2654 ubi;
1327 2619 1348 2646 B
1371 2620 1401 2647 in
1423 2626 1540 2652 marg.:
1579 2617 1640 2652 Qui
1662 2615 1778 2644 Christi

465 2658 526 2686 vita
554 2659 623 2693 plus
650 2657 906 2684 scandalisantur.
1014 2664 1041 2691 9.
1064 2657 1108 2683 A:
1140 2655 1188 2682 via
1214 2654 1387 2687 viancium;
1420 2655 1460 2681 ib.
1489 2654 1527 2682 C:
1559 2651 1778 2683 necessitatum

465 2694 507 2720 ib.
529 2693 568 2721 C:
592 2699 755 2728 pauperes.
864 2699 904 2718 ιο.
918 2690 964 2718 A:
986 2691 1015 2718 in
1037 2691 1137 2723 dces13
1158 2691 1202 2717 A:
1226 2690 1484 2717 scandalizentur.
1592 2694 1626 2714 11.
1647 2688 1692 2713 A:
1713 2692 1780 2712 esse

467 2728 625 2755 stolidum.
705 2734 742 2753 12.
764 2728 809 2754 A:
831 2726 968 2752 secundo
991 2725 1084 2752 deest.
1158 2732 1196 2751 21.
1219 2724 1284 2751 BC:
1306 2724 1469 2759 acciperet.
1542 2722 1584 2749 23.
1606 2723 1648 2748 A:
1671 2727 1780 2754 corpo-

466 2763 538 2790 rale.
647 2761 687 2789 25.
704 2763 749 2788 A:
771 2761 891 2788 mundi.
997 2760 1041 2787 26,
1058 2761 1107 2787 A:
1127 2764 1160 2786 ut
1179 2767 1272 2794 supra
1295 2759 1355 2786 dixi
1376 2759 1470 2785 deest.
1562 2764 1606 2790 27.
1623 2755 1689 2782 BC:
1710 2762 1778 2781 cum

467 2798 568 2825 clerus
587 2812 621 2817 —-
640 2797 871 2831 contempnitur
891 2795 984 2821 deest.
1104 2802 1150 2828 29.
1172 2795 1200 2821 A
1221 2802 1249 2820 in
1273 2801 1367 2828 marg.
1385 2801 1392 2819 ε
1414 2791 1560 2819 Dubium.
1672 2790 1711 2817 31.
1735 2790 1776 2815 A:

466 2839 526 2867 qua
547 2832 734 2867 supponitur
754 2829 960 2863 contendunt;
984 2828 1049 2856 BC:
1072 2829 1207 2863 quidem.
1312 2826 1353 2855 32.
1374 2827 1396 2853 B
1423 2827 1452 2855 in
1474 2834 1589 2861 marg.:
1629 2824 1780 2859 Questi03

466 2868 496 2894 A
514 2867 545 2894 in
567 2874 684 2901 marga
707 2865 790 2900 Quid
818 2869 862 2892 est
883 2864 942 2891 vita
968 2863 1206 2898 contemplativa
1232 2867 1259 2890 et
1279 2862 1351 2898 quid
1372 2863 1433 2889 vita
1452 2861 1559 2889 activa.
1634 2859 1679 2887 36.
1703 2860 1730 2886 A
1751 2858 1780 2885 in

468 2909 583 2936 marg:
606 2909 625 2928 1.
733 2899 779 2928 38.
799 2899 848 2927 A:
870 2898 1033 2927 edibiliter.
