<?xml version="1.0" encoding="UTF-8"?>
<!DOCTYPE html PUBLIC "-//W3C//DTD XHTML 1.0 Transitional//EN"
    "http://www.w3.org/TR/xhtml1/DTD/xhtml1-transitional.dtd">
<html xmlns="http://www.w3.org/1999/xhtml" xml:lang="en" lang="en">
 <head>
  <title>
</title>
<meta http-equiv="Content-Type" content="text/html;charset=utf-8" />
  <meta name='ocr-system' content='tesseract 3.04.00' />
  <meta name='ocr-capabilities' content='ocr_page ocr_carea ocr_par ocr_line ocrx_word'/>
</head>
<body>
  <div class='ocr_page' id='page_1' title='image "./iohanniswyclifse0701wycl_0218.png"; bbox 0 0 2017 3353; ppageno 0'>
   <div class='ocr_carea' id='block_1_1' title="bbox 132 289 206 324">
    <p class='ocr_par' dir='ltr' id='par_1_1' title="bbox 132 289 206 324">
     <span class='ocr_line' id='line_1_1' title="bbox 132 289 206 324; baseline 0.014 -1"><span class='ocrx_word' id='word_1_1' title='bbox 132 289 206 324; x_wconf 81' lang='lat'>166</span> 
     </span>
    </p>
   </div>
   <div class='ocr_carea' id='block_1_2' title="bbox 713 277 1732 334">
    <p class='ocr_par' dir='ltr' id='par_1_2' title="bbox 713 277 1732 334">
     <span class='ocr_line' id='line_1_2' title="bbox 713 277 1732 334; baseline -0.006 -9"><span class='ocrx_word' id='word_1_2' title='bbox 713 292 936 326; x_wconf 70' lang='lat' dir='ltr'>JOHANNIS</span> <span class='ocrx_word' id='word_1_3' title='bbox 962 291 1148 324; x_wconf 82' lang='lat' dir='ltr'>WYCLIF</span> <span class='ocrx_word' id='word_1_4' title='bbox 1176 290 1435 324; x_wconf 89' lang='lat' dir='ltr'>SERMONUM</span> <span class='ocrx_word' id='word_1_5' title='bbox 1463 277 1614 334; x_wconf 82' lang='lat' dir='ltr'>[SERMO</span> <span class='ocrx_word' id='word_1_6' title='bbox 1635 287 1732 316; x_wconf 81' lang='lat' dir='ltr'>XXV-</span> 
     </span>
    </p>
   </div>
   <div class='ocr_carea' id='block_1_3' title="bbox 124 397 1733 449">
    <p class='ocr_par' dir='ltr' id='par_1_3' title="bbox 124 397 1733 449">
     <span class='ocr_line' id='line_1_3' title="bbox 124 397 1733 449; baseline -0.002 -13"><span class='ocrx_word' id='word_1_7' title='bbox 124 408 574 438; x_wconf 77' lang='lat' dir='ltr'>Yetitiswellfornecesse</span> <span class='ocrx_word' id='word_1_8' title='bbox 621 409 677 437; x_wconf 91' lang='lat' dir='ltr'>est</span> <span class='ocrx_word' id='word_1_9' title='bbox 716 400 824 449; x_wconf 88' lang='lat' dir='ltr'>quod</span> <span class='ocrx_word' id='word_1_10' title='bbox 869 399 981 447; x_wconf 81' lang='lat' dir='ltr'>signa</span> <span class='ocrx_word' id='word_1_11' title='bbox 1024 397 1298 446; x_wconf 84' lang='lat' dir='ltr'>generacionis</span> <span class='ocrx_word' id='word_1_12' title='bbox 1343 398 1523 435; x_wconf 84' lang='lat' dir='ltr'>adultere</span> <span class='ocrx_word' id='word_1_13' title='bbox 1566 405 1733 446; x_wconf 87' lang='lat' dir='ltr'>propter</span> 
     </span>
    </p>
   </div>
   <div class='ocr_carea' id='block_1_4' title="bbox 143 443 383 540">
    <p class='ocr_par' dir='ltr' id='par_1_4' title="bbox 143 443 383 540">
     <span class='ocr_line' id='line_1_4' title="bbox 143 443 383 470; baseline -0.004 0"><span class='ocrx_word' id='word_1_14' title='bbox 143 443 193 470; x_wconf 86' lang='lat' dir='ltr'>the</span> <span class='ocrx_word' id='word_1_15' title='bbox 213 443 332 470; x_wconf 80' lang='lat' dir='ltr'><strong>faithful</strong></span> <span class='ocrx_word' id='word_1_16' title='bbox 352 448 383 470; x_wconf 89' lang='lat' dir='ltr'>to</span> 
     </span>
     <span class='ocr_line' id='line_1_5' title="bbox 167 477 362 505; baseline -0.005 0"><span class='ocrx_word' id='word_1_17' title='bbox 167 478 282 505; x_wconf 77' lang='lat' dir='ltr'>receive</span> <span class='ocrx_word' id='word_1_18' title='bbox 302 477 362 504; x_wconf 82' lang='lat' dir='ltr'>this</span> 
     </span>
     <span class='ocr_line' id='line_1_6' title="bbox 175 517 355 540; baseline -0.006 -1"><span class='ocrx_word' id='word_1_19' title='bbox 175 517 355 540; x_wconf 75' lang='lat' dir='ltr'>sacrament.</span> 
     </span>
    </p>
   </div>
   <div class='ocr_carea' id='block_1_5' title="bbox 129 918 402 1059">
    <p class='ocr_par' dir='ltr' id='par_1_5' title="bbox 129 918 402 1059">
     <span class='ocr_line' id='line_1_7' title="bbox 129 918 402 947; baseline -0.007 0"><span class='ocrx_word' id='word_1_20' title='bbox 129 918 207 947; x_wconf 89' lang='lat' dir='ltr'>This</span> <span class='ocrx_word' id='word_1_21' title='bbox 227 919 254 946; x_wconf 85' lang='lat' dir='ltr'>is</span> <span class='ocrx_word' id='word_1_22' title='bbox 274 919 323 946; x_wconf 83' lang='lat' dir='ltr'>the</span> <span class='ocrx_word' id='word_1_23' title='bbox 339 919 402 946; x_wconf 81' lang='lat' dir='ltr'>fifth</span> 
     </span>
     <span class='ocr_line' id='line_1_8' title="bbox 146 954 390 990; baseline -0.004 -9"><span class='ocrx_word' id='word_1_24' title='bbox 146 962 336 990; x_wconf 78' lang='lat' dir='ltr'>appearance</span> <span class='ocrx_word' id='word_1_25' title='bbox 355 954 390 980; x_wconf 84' lang='lat' dir='ltr'>of</span> 
     </span>
     <span class='ocr_line' id='line_1_9' title="bbox 185 989 348 1016; baseline -0.006 0"><span class='ocrx_word' id='word_1_26' title='bbox 185 989 289 1016; x_wconf 78' lang='lat' dir='ltr'>Christ</span> <span class='ocrx_word' id='word_1_27' title='bbox 309 997 348 1015; x_wconf 90' lang='lat' dir='ltr'>on</span> 
     </span>
     <span class='ocr_line' id='line_1_10' title="bbox 171 1024 368 1059; baseline -0.01 -8"><span class='ocrx_word' id='word_1_28' title='bbox 171 1024 368 1059; x_wconf 77' lang='lat' dir='ltr'>Baster—Day.</span> 
     </span>
    </p>
   </div>
   <div class='ocr_carea' id='block_1_6' title="bbox 151 1499 391 1631">
    <p class='ocr_par' dir='ltr' id='par_1_6' title="bbox 151 1499 391 1631">
     <span class='ocr_line' id='line_1_11' title="bbox 203 1499 334 1527; baseline -0.008 0"><span class='ocrx_word' id='word_1_29' title='bbox 203 1499 334 1527; x_wconf 83' lang='lat' dir='ltr'>Christ‘s</span> 
     </span>
     <span class='ocr_line' id='line_1_12' title="bbox 193 1534 347 1569; baseline 0.006 -9"><span class='ocrx_word' id='word_1_30' title='bbox 193 1534 347 1569; x_wconf 82' lang='lat' dir='ltr'>supposed</span> 
     </span>
     <span class='ocr_line' id='line_1_13' title="bbox 151 1573 391 1604; baseline -0.008 -8"><span class='ocrx_word' id='word_1_31' title='bbox 151 1577 340 1604; x_wconf 75' lang='lat' dir='ltr'>appearance</span> <span class='ocrx_word' id='word_1_32' title='bbox 360 1573 391 1595; x_wconf 88' lang='lat' dir='ltr'>to</span> 
     </span>
     <span class='ocr_line' id='line_1_14' title="bbox 176 1604 372 1631; baseline 0 -1"><span class='ocrx_word' id='word_1_33' title='bbox 176 1604 222 1631; x_wconf 86' lang='lat' dir='ltr'>his</span> <span class='ocrx_word' id='word_1_34' title='bbox 243 1604 372 1631; x_wconf 77' lang='lat' dir='ltr'>mother.</span> 
     </span>
    </p>
   </div>
   <div class='ocr_carea' id='block_1_7' title="bbox 166 1963 383 2067">
    <p class='ocr_par' dir='ltr' id='par_1_7' title="bbox 166 1963 383 2067">
     <span class='ocr_line' id='line_1_15' title="bbox 166 1963 383 2026; baseline -0.009 -34"><span class='ocrx_word' id='word_1_35' title='bbox 166 1965 211 1992; x_wconf 82' lang='lat' dir='ltr'>He</span> <span class='ocrx_word' id='word_1_36' title='bbox 232 1963 383 2026; x_wconf 42' lang='lat' dir='ltr'>appeared</span> 
     </span>
     <span class='ocr_line' id='line_1_16' title="bbox 186 1999 364 2034; baseline -0.011 -7"><span class='ocrx_word' id='word_1_37' title='bbox 186 2008 205 2027; x_wconf 85' lang='grc' dir='ltr'>ι.</span> <span class='ocrx_word' id='word_1_38' title='bbox 226 2004 256 2026; x_wconf 91' lang='lat' dir='ltr'>to</span> <span class='ocrx_word' id='word_1_39' title='bbox 295 1999 364 2034; x_wconf 73' lang='lat' dir='ltr'>&#39;Iary</span> 
     </span>
     <span class='ocr_line' id='line_1_17' title="bbox 189 2033 359 2067; baseline -0.012 -5"><span class='ocrx_word' id='word_1_40' title='bbox 189 2033 359 2067; x_wconf 65' lang='lat' dir='ltr'>Magdaleu,</span> 
     </span>
    </p>
   </div>
   <div class='ocr_carea' id='block_1_8' title="bbox 150 2138 402 2241">
    <p class='ocr_par' dir='ltr' id='par_1_8' title="bbox 150 2138 402 2241">
     <span class='ocr_line' id='line_1_18' title="bbox 208 2138 345 2166; baseline -0.015 0"><span class='ocrx_word' id='word_1_41' title='bbox 208 2146 232 2166; x_wconf 82' lang='lat'>2.</span> <span class='ocrx_word' id='word_1_42' title='bbox 254 2143 284 2165; x_wconf 85' lang='lat' dir='ltr'>to</span> <span class='ocrx_word' id='word_1_43' title='bbox 306 2138 345 2165; x_wconf 82' lang='lat' dir='ltr'>M.</span> 
     </span>
     <span class='ocr_line' id='line_1_19' title="bbox 150 2171 402 2209; baseline -0.012 -8"><span class='ocrx_word' id='word_1_44' title='bbox 150 2173 309 2209; x_wconf 78' lang='lat' dir='ltr'>Magdalen</span> <span class='ocrx_word' id='word_1_45' title='bbox 331 2171 402 2199; x_wconf 74' lang='lat' dir='ltr'>with</span> 
     </span>
     <span class='ocr_line' id='line_1_20' title="bbox 156 2209 394 2241; baseline -0.008 -6"><span class='ocrx_word' id='word_1_46' title='bbox 156 2209 243 2235; x_wconf 83' lang='lat' dir='ltr'>other</span> <span class='ocrx_word' id='word_1_47' title='bbox 262 2215 394 2241; x_wconf 77' lang='lat' dir='ltr'>women,</span> 
     </span>
    </p>
   </div>
   <div class='ocr_carea' id='block_1_9' title="bbox 181 2370 372 2405">
    <p class='ocr_par' dir='ltr' id='par_1_9' title="bbox 181 2370 372 2405">
     <span class='ocr_line' id='line_1_21' title="bbox 181 2370 372 2405; baseline -0.005 -8"><span class='ocrx_word' id='word_1_48' title='bbox 181 2370 205 2398; x_wconf 87' lang='lat'>3.</span> <span class='ocrx_word' id='word_1_49' title='bbox 227 2375 257 2397; x_wconf 86' lang='lat' dir='ltr'>to</span> <span class='ocrx_word' id='word_1_50' title='bbox 279 2371 372 2405; x_wconf 72' lang='lat' dir='ltr'>Peter,</span> 
     </span>
    </p>
   </div>
   <div class='ocr_carea' id='block_1_10' title="bbox 416 455 1766 671">
    <p class='ocr_par' dir='ltr' id='par_1_10' title="bbox 416 455 1766 671">
     <span class='ocr_line' id='line_1_22' title="bbox 416 455 1732 505; baseline -0.004 -9"><span class='ocrx_word' id='word_1_51' title='bbox 416 457 832 496; x_wconf 90' lang='lat' dir='ltr'>communicacionem</span> <span class='ocrx_word' id='word_1_52' title='bbox 874 457 956 493; x_wconf 88' lang='lat' dir='ltr'>eius</span> <span class='ocrx_word' id='word_1_53' title='bbox 995 457 1271 505; x_wconf 82' lang='lat' dir='ltr'>blasphemam</span> <span class='ocrx_word' id='word_1_54' title='bbox 1310 469 1381 505; x_wconf 88' lang='lat' dir='ltr'>per</span> <span class='ocrx_word' id='word_1_55' title='bbox 1419 455 1617 492; x_wconf 86' lang='lat' dir='ltr'>hereticos</span> <span class='ocrx_word' id='word_1_56' title='bbox 1655 455 1732 492; x_wconf 88' lang='lat' dir='ltr'>sint</span> 
     </span>
     <span class='ocr_line' id='line_1_23' title="bbox 416 513 1733 564; baseline -0.004 -10"><span class='ocrx_word' id='word_1_57' title='bbox 416 517 587 554; x_wconf 87' lang='lat' dir='ltr'>inventa.</span> <span class='ocrx_word' id='word_1_58' title='bbox 638 519 728 553; x_wconf 87' lang='lat' dir='ltr'>Non</span> <span class='ocrx_word' id='word_1_59' title='bbox 778 524 914 552; x_wconf 89' lang='lat' dir='ltr'>tamen</span> <span class='ocrx_word' id='word_1_60' title='bbox 957 527 1057 563; x_wconf 79' lang='lat' dir='ltr'>nego</span> <span class='ocrx_word' id='word_1_61' title='bbox 1108 514 1204 564; x_wconf 88' lang='lat' dir='ltr'>quin</span> <span class='ocrx_word' id='word_1_62' title='bbox 1248 515 1389 551; x_wconf 86' lang='lat' dir='ltr'>devote</span> <span class='ocrx_word' id='word_1_63' title='bbox 1433 526 1478 550; x_wconf 90' lang='lat' dir='ltr'>ac</span> <span class='ocrx_word' id='word_1_64' title='bbox 1529 513 1733 550; x_wconf 88' lang='lat' dir='ltr'>meritorie</span> 
     </span>
     <span class='ocr_line' id='line_1_24' title="bbox 416 571 1733 623; baseline -0.003 -11"><span class='ocrx_word' id='word_1_65' title='bbox 416 575 612 623; x_wconf 80' lang='lat' dir='ltr'>contingit</span> <span class='ocrx_word' id='word_1_66' title='bbox 665 574 822 611; x_wconf 88' lang='lat' dir='ltr'>fidelem</span> <span class='ocrx_word' id='word_1_67' title='bbox 879 572 1107 610; x_wconf 88' lang='lat' dir='ltr'>ministrare</span> <span class='ocrx_word' id='word_1_68' title='bbox 1169 581 1205 609; x_wconf 91' lang='lat' dir='ltr'>et</span> <span class='ocrx_word' id='word_1_69' title='bbox 1264 572 1446 621; x_wconf 88' lang='lat' dir='ltr'>accipere</span> <span class='ocrx_word' id='word_1_70' title='bbox 1504 571 1733 609; x_wconf 86' lang='lat' dir='ltr'>huiusmodi</span> 
     </span>
     <span class='ocr_line' id='line_1_25' title="bbox 416 630 1766 671; baseline -0.005 -1"><span class='ocrx_word' id='word_1_71' title='bbox 416 641 679 671; x_wconf 89' lang='lat' dir='ltr'>sacramenta.</span> <span class='ocrx_word' id='word_1_72' title='bbox 1750 630 1766 663; x_wconf 85' lang='grc'>5</span> 
     </span>
    </p>
   </div>
   <div class='ocr_carea' id='block_1_11' title="bbox 901 698 1254 739">
    <p class='ocr_par' dir='ltr' id='par_1_11' title="bbox 901 698 1254 739">
     <span class='ocr_line' id='line_1_26' title="bbox 901 698 1254 739; baseline 0.003 -1"><span class='ocrx_word' id='word_1_73' title='bbox 901 698 1094 739; x_wconf 90' lang='lat' dir='ltr'>SERMO</span> <span class='ocrx_word' id='word_1_74' title='bbox 1125 699 1254 739; x_wconf 87' lang='lat' dir='ltr'>XXV.</span> 
     </span>
    </p>
   </div>
   <div class='ocr_carea' id='block_1_12' title="bbox 418 793 1800 2467">
    <p class='ocr_par' dir='ltr' id='par_1_12' title="bbox 480 793 1733 839">
     <span class='ocr_line' id='line_1_27' title="bbox 480 793 1733 839; baseline -0.003 -7"><span class='ocrx_word' id='word_1_75' title='bbox 480 796 575 831; x_wconf 84' lang='lat' dir='ltr'>Cum</span> <span class='ocrx_word' id='word_1_76' title='bbox 608 802 706 832; x_wconf 81' lang='lat' dir='ltr'>esset</span> <span class='ocrx_word' id='word_1_77' title='bbox 736 806 823 831; x_wconf 84' lang='lat' dir='ltr'>sero</span> <span class='ocrx_word' id='word_1_78' title='bbox 856 794 916 830; x_wconf 85' lang='lat' dir='ltr'>die</span> <span class='ocrx_word' id='word_1_79' title='bbox 947 794 1013 829; x_wconf 86' lang='lat' dir='ltr'>illo</span> <span class='ocrx_word' id='word_1_80' title='bbox 1036 806 1110 829; x_wconf 81' lang='lat' dir='ltr'>una</span> <span class='ocrx_word' id='word_1_81' title='bbox 1133 793 1393 829; x_wconf 80' lang='lat' dir='ltr'><strong><em>sabbatorum.</em></strong></span> <span class='ocrx_word' id='word_1_82' title='bbox 1426 793 1513 829; x_wconf 85' lang='lat' dir='ltr'>Joh.</span> <span class='ocrx_word' id='word_1_83' title='bbox 1537 793 1641 838; x_wconf 82' lang='lat' dir='ltr'>XX0‚</span> <span class='ocrx_word' id='word_1_84' title='bbox 1673 804 1733 839; x_wconf 86' lang='lat'>19.</span> 
     </span>
    </p>

    <p class='ocr_par' dir='ltr' id='par_1_13' title="bbox 418 850 1795 1935">
     <span class='ocr_line' id='line_1_28' title="bbox 476 850 1734 900; baseline -0.003 -10"><span class='ocrx_word' id='word_1_85' title='bbox 476 856 562 890; x_wconf 88' lang='lat' dir='ltr'>Hoc</span> <span class='ocrx_word' id='word_1_86' title='bbox 595 852 841 900; x_wconf 80' lang='lat' dir='ltr'>evangelium</span> <span class='ocrx_word' id='word_1_87' title='bbox 879 852 937 898; x_wconf 86' lang='lat' dir='ltr'>(ut</span> <span class='ocrx_word' id='word_1_88' title='bbox 970 852 1095 888; x_wconf 87' lang='lat' dir='ltr'>multa</span> <span class='ocrx_word' id='word_1_89' title='bbox 1133 850 1227 898; x_wconf 85' lang='lat' dir='ltr'>alia)</span> <span class='ocrx_word' id='word_1_90' title='bbox 1263 859 1398 888; x_wconf 88' lang='lat' dir='ltr'>narrat</span> <span class='ocrx_word' id='word_1_91' title='bbox 1431 850 1579 887; x_wconf 81' lang='lat' dir='ltr'>Christi</span> <span class='ocrx_word' id='word_1_92' title='bbox 1620 863 1734 898; x_wconf 78' lang='lat' dir='ltr'>argu-</span> 
     </span>
     <span class='ocr_line' id='line_1_29' title="bbox 419 907 1735 959; baseline -0.003 -11"><span class='ocrx_word' id='word_1_93' title='bbox 419 920 553 948; x_wconf 89' lang='lat' dir='ltr'>menta</span> <span class='ocrx_word' id='word_1_94' title='bbox 598 911 781 947; x_wconf 90' lang='lat' dir='ltr'>fidelibus</span> <span class='ocrx_word' id='word_1_95' title='bbox 826 910 969 959; x_wconf 88' lang='lat' dir='ltr'>quibus</span> <span class='ocrx_word' id='word_1_96' title='bbox 1008 911 1058 946; x_wconf 90' lang='lat' dir='ltr'>ad</span> <span class='ocrx_word' id='word_1_97' title='bbox 1096 909 1311 945; x_wconf 83' lang='lat' dir='ltr'>utilitatem</span> <span class='ocrx_word' id='word_1_98' title='bbox 1352 908 1516 945; x_wconf 82' lang='lat' dir='ltr'>ecclesie</span> <span class='ocrx_word' id='word_1_99' title='bbox 1560 907 1735 945; x_wconf 82' lang='lat' dir='ltr'>ostendit</span> 
     </span>
     <span class='ocr_line' id='line_1_30' title="bbox 419 965 1793 1019; baseline -0.004 -13"><span class='ocrx_word' id='word_1_100' title='bbox 419 971 548 1019; x_wconf 89' lang='lat' dir='ltr'>ipsum</span> <span class='ocrx_word' id='word_1_101' title='bbox 582 968 842 1005; x_wconf 81' lang='lat' dir='ltr'>resurrexisse</span> <span class='ocrx_word' id='word_1_102' title='bbox 875 981 897 1005; x_wconf 94' lang='lat' dir='ltr'>a</span> <span class='ocrx_word' id='word_1_103' title='bbox 930 967 1111 1004; x_wconf 84' lang='lat' dir='ltr'>mortuis.</span> <span class='ocrx_word' id='word_1_104' title='bbox 1146 970 1223 1004; x_wconf 89' lang='lat' dir='ltr'>Ista</span> <span class='ocrx_word' id='word_1_105' title='bbox 1255 975 1389 1003; x_wconf 89' lang='lat' dir='ltr'>autem</span> <span class='ocrx_word' id='word_1_106' title='bbox 1422 966 1628 1015; x_wconf 87' lang='lat' dir='ltr'>apparicio</span> <span class='ocrx_word' id='word_1_107' title='bbox 1662 965 1734 1002; x_wconf 89' lang='lat' dir='ltr'>fuit</span> <span class='ocrx_word' id='word_1_108' title='bbox 1754 978 1793 1000; x_wconf 87' lang='lat'>10</span> 
     </span>
     <span class='ocr_line' id='line_1_31' title="bbox 420 1024 1735 1076; baseline -0.003 -12"><span class='ocrx_word' id='word_1_109' title='bbox 420 1028 558 1076; x_wconf 90' lang='lat' dir='ltr'>quinta</span> <span class='ocrx_word' id='word_1_110' title='bbox 603 1036 640 1064; x_wconf 90' lang='lat' dir='ltr'>et</span> <span class='ocrx_word' id='word_1_111' title='bbox 682 1026 825 1063; x_wconf 85' lang='lat' dir='ltr'>ultima</span> <span class='ocrx_word' id='word_1_112' title='bbox 869 1025 932 1062; x_wconf 89' lang='lat' dir='ltr'>die</span> <span class='ocrx_word' id='word_1_113' title='bbox 971 1026 1132 1062; x_wconf 85' lang='lat' dir='ltr'>Pasche.</span> <span class='ocrx_word' id='word_1_114' title='bbox 1172 1027 1274 1061; x_wconf 89' lang='lat' dir='ltr'>Nam</span> <span class='ocrx_word' id='word_1_115' title='bbox 1313 1038 1399 1061; x_wconf 89' lang='lat' dir='ltr'>mos</span> <span class='ocrx_word' id='word_1_116' title='bbox 1444 1033 1501 1061; x_wconf 89' lang='lat' dir='ltr'>est</span> <span class='ocrx_word' id='word_1_117' title='bbox 1539 1024 1735 1072; x_wconf 88' lang='lat' dir='ltr'>scripture</span> 
     </span>
     <span class='ocr_line' id='line_1_32' title="bbox 418 1082 1735 1131; baseline -0.003 -9"><span class='ocrx_word' id='word_1_118' title='bbox 418 1097 563 1122; x_wconf 81' lang='lat' dir='ltr'>vocare</span> <span class='ocrx_word' id='word_1_119' title='bbox 595 1098 717 1122; x_wconf 89' lang='lat' dir='ltr'>unam</span> <span class='ocrx_word' id='word_1_120' title='bbox 752 1085 1013 1121; x_wconf 79' lang='lat' dir='ltr'>sabbatorum</span> <span class='ocrx_word' id='word_1_121' title='bbox 1048 1083 1152 1119; x_wconf 88' lang='lat' dir='ltr'>diem</span> <span class='ocrx_word' id='word_1_122' title='bbox 1186 1082 1361 1131; x_wconf 89' lang='lat' dir='ltr'>primum</span> <span class='ocrx_word' id='word_1_123' title='bbox 1395 1091 1485 1131; x_wconf 89' lang='lat' dir='ltr'>post</span> <span class='ocrx_word' id='word_1_124' title='bbox 1524 1083 1735 1119; x_wconf 89' lang='lat' dir='ltr'>sabbatum</span> 
     </span>
     <span class='ocr_line' id='line_1_33' title="bbox 420 1140 1736 1193; baseline -0.003 -13"><span class='ocrx_word' id='word_1_125' title='bbox 420 1145 529 1193; x_wconf 82' lang='lat' dir='ltr'>quod</span> <span class='ocrx_word' id='word_1_126' title='bbox 568 1143 641 1179; x_wconf 89' lang='lat' dir='ltr'>fuit</span> <span class='ocrx_word' id='word_1_127' title='bbox 679 1144 729 1180; x_wconf 85' lang='lat' dir='ltr'>ad</span> <span class='ocrx_word' id='word_1_128' title='bbox 769 1142 926 1179; x_wconf 88' lang='lat' dir='ltr'>literam</span> <span class='ocrx_word' id='word_1_129' title='bbox 968 1141 1050 1178; x_wconf 90' lang='lat' dir='ltr'>dies</span> <span class='ocrx_word' id='word_1_130' title='bbox 1084 1142 1246 1186; x_wconf 85' lang='lat' dir='ltr'>Pasche,</span> <span class='ocrx_word' id='word_1_131' title='bbox 1286 1142 1392 1177; x_wconf 88' lang='lat' dir='ltr'>unde</span> <span class='ocrx_word' id='word_1_132' title='bbox 1424 1153 1498 1189; x_wconf 88' lang='lat' dir='ltr'>pro</span> <span class='ocrx_word' id='word_1_133' title='bbox 1531 1140 1736 1177; x_wconf 88' lang='lat' dir='ltr'>intellectu</span> 
     </span>
     <span class='ocr_line' id='line_1_34' title="bbox 420 1198 1737 1249; baseline -0.003 -11"><span class='ocrx_word' id='word_1_134' title='bbox 420 1201 536 1238; x_wconf 89' lang='lat' dir='ltr'>huius</span> <span class='ocrx_word' id='word_1_135' title='bbox 570 1200 763 1249; x_wconf 81' lang='lat' dir='ltr'>evangelii</span> <span class='ocrx_word' id='word_1_136' title='bbox 803 1209 839 1237; x_wconf 86' lang='lat' dir='ltr'>et</span> <span class='ocrx_word' id='word_1_137' title='bbox 878 1199 1157 1236; x_wconf 87' lang='lat' dir='ltr'>declaracione</span> <span class='ocrx_word' id='word_1_138' title='bbox 1195 1198 1299 1235; x_wconf 90' lang='lat' dir='ltr'>illius</span> <span class='ocrx_word' id='word_1_139' title='bbox 1339 1198 1532 1247; x_wconf 83' lang='lat' dir='ltr'>evangelii</span> <span class='ocrx_word' id='word_1_140' title='bbox 1571 1198 1737 1235; x_wconf 88' lang='lat' dir='ltr'>materie</span> 
     </span>
     <span class='ocr_line' id='line_1_35' title="bbox 419 1256 1793 1307; baseline -0.004 -11"><span class='ocrx_word' id='word_1_141' title='bbox 419 1261 642 1296; x_wconf 86' lang='lat' dir='ltr'>notandum</span> <span class='ocrx_word' id='word_1_142' title='bbox 677 1260 785 1307; x_wconf 87' lang='lat' dir='ltr'>quod</span> <span class='ocrx_word' id='word_1_143' title='bbox 818 1257 998 1295; x_wconf 87' lang='lat' dir='ltr'>Christus</span> <span class='ocrx_word' id='word_1_144' title='bbox 1031 1266 1122 1294; x_wconf 88' lang='lat' dir='ltr'>ante</span> <span class='ocrx_word' id='word_1_145' title='bbox 1155 1257 1429 1294; x_wconf 86' lang='lat' dir='ltr'>ascensionem</span> <span class='ocrx_word' id='word_1_146' title='bbox 1453 1269 1565 1293; x_wconf 88' lang='lat' dir='ltr'>suam</span> <span class='ocrx_word' id='word_1_147' title='bbox 1592 1256 1793 1293; x_wconf 81' lang='lat' dir='ltr'>dicitur15</span> 
     </span>
     <span class='ocr_line' id='line_1_36' title="bbox 421 1314 1738 1366; baseline -0.003 -12"><span class='ocrx_word' id='word_1_148' title='bbox 421 1317 654 1366; x_wconf 86' lang='lat' dir='ltr'>apparuisse</span> <span class='ocrx_word' id='word_1_149' title='bbox 693 1318 830 1353; x_wconf 89' lang='lat' dir='ltr'>decem</span> <span class='ocrx_word' id='word_1_150' title='bbox 875 1315 1040 1361; x_wconf 82' lang='lat' dir='ltr'>vicibus,</span> <span class='ocrx_word' id='word_1_151' title='bbox 1080 1316 1283 1364; x_wconf 88' lang='lat' dir='ltr'>loquendo</span> <span class='ocrx_word' id='word_1_152' title='bbox 1324 1316 1372 1351; x_wconf 87' lang='lat' dir='ltr'>de</span> <span class='ocrx_word' id='word_1_153' title='bbox 1411 1314 1738 1363; x_wconf 88' lang='lat' dir='ltr'>apparicionibus</span> 
     </span>
     <span class='ocr_line' id='line_1_37' title="bbox 420 1372 1738 1423; baseline -0.003 -11"><span class='ocrx_word' id='word_1_154' title='bbox 420 1376 460 1412; x_wconf 90' lang='lat' dir='ltr'>in</span> <span class='ocrx_word' id='word_1_155' title='bbox 493 1375 698 1423; x_wconf 82' lang='lat' dir='ltr'>evangelio</span> <span class='ocrx_word' id='word_1_156' title='bbox 733 1373 980 1422; x_wconf 84' lang='lat' dir='ltr'>expressatis.</span> <span class='ocrx_word' id='word_1_157' title='bbox 1020 1375 1199 1422; x_wconf 83' lang='lat' dir='ltr'>Apparet</span> <span class='ocrx_word' id='word_1_158' title='bbox 1231 1382 1365 1410; x_wconf 90' lang='lat' dir='ltr'>autem</span> <span class='ocrx_word' id='word_1_159' title='bbox 1400 1372 1669 1409; x_wconf 87' lang='lat' dir='ltr'>Lincolniensi</span> <span class='ocrx_word' id='word_1_160' title='bbox 1702 1381 1738 1408; x_wconf 89' lang='lat' dir='ltr'>et</span> 
     </span>
     <span class='ocr_line' id='line_1_38' title="bbox 422 1430 1737 1482; baseline -0.003 -12"><span class='ocrx_word' id='word_1_161' title='bbox 422 1433 562 1471; x_wconf 87' lang='lat' dir='ltr'>ceteris</span> <span class='ocrx_word' id='word_1_162' title='bbox 595 1434 716 1482; x_wconf 85' lang='lat' dir='ltr'>quod,</span> <span class='ocrx_word' id='word_1_163' title='bbox 750 1432 842 1469; x_wconf 90' lang='lat' dir='ltr'>licet</span> <span class='ocrx_word' id='word_1_164' title='bbox 874 1431 1122 1480; x_wconf 81' lang='lat' dir='ltr'>evangelium</span> <span class='ocrx_word' id='word_1_165' title='bbox 1158 1432 1232 1469; x_wconf 89' lang='lat' dir='ltr'>boc</span> <span class='ocrx_word' id='word_1_166' title='bbox 1264 1444 1345 1468; x_wconf 90' lang='lat' dir='ltr'>non</span> <span class='ocrx_word' id='word_1_167' title='bbox 1375 1430 1572 1479; x_wconf 75' lang='lat' dir='ltr'>exprimit,</span> <span class='ocrx_word' id='word_1_168' title='bbox 1605 1430 1737 1479; x_wconf 92' lang='lat' dir='ltr'>primo</span> 
     </span>
     <span class='ocr_line' id='line_1_39' title="bbox 422 1488 1737 1539; baseline -0.003 -11"><span class='ocrx_word' id='word_1_169' title='bbox 422 1491 603 1528; x_wconf 91' lang='lat' dir='ltr'>omnium</span> <span class='ocrx_word' id='word_1_170' title='bbox 637 1490 826 1539; x_wconf 89' lang='lat' dir='ltr'>apparuit</span> <span class='ocrx_word' id='word_1_171' title='bbox 860 1490 978 1526; x_wconf 88' lang='lat' dir='ltr'>matri</span> <span class='ocrx_word' id='word_1_172' title='bbox 1012 1502 1092 1535; x_wconf 87' lang='lat' dir='ltr'>sue,</span> <span class='ocrx_word' id='word_1_173' title='bbox 1134 1498 1171 1525; x_wconf 92' lang='lat' dir='ltr'>et</span> <span class='ocrx_word' id='word_1_174' title='bbox 1211 1490 1285 1526; x_wconf 91' lang='lat' dir='ltr'>hoc</span> <span class='ocrx_word' id='word_1_175' title='bbox 1317 1488 1474 1525; x_wconf 87' lang='lat' dir='ltr'>videtur</span> <span class='ocrx_word' id='word_1_176' title='bbox 1506 1489 1645 1525; x_wconf 89' lang='lat' dir='ltr'>saltem</span> <span class='ocrx_word' id='word_1_177' title='bbox 1679 1488 1737 1524; x_wconf 91' lang='lat' dir='ltr'>in-</span> 
     </span>
     <span class='ocr_line' id='line_1_40' title="bbox 422 1546 1795 1598; baseline -0.004 -12"><span class='ocrx_word' id='word_1_178' title='bbox 422 1549 638 1598; x_wconf 82' lang='lat' dir='ltr'>telligendo</span> <span class='ocrx_word' id='word_1_179' title='bbox 672 1549 719 1585; x_wconf 91' lang='lat' dir='ltr'>de</span> <span class='ocrx_word' id='word_1_180' title='bbox 752 1547 1013 1597; x_wconf 84' lang='lat' dir='ltr'>apparicione</span> <span class='ocrx_word' id='word_1_181' title='bbox 1045 1547 1214 1593; x_wconf 85' lang='lat' dir='ltr'>interna,</span> <span class='ocrx_word' id='word_1_182' title='bbox 1249 1547 1342 1596; x_wconf 83' lang='lat' dir='ltr'>quia</span> <span class='ocrx_word' id='word_1_183' title='bbox 1375 1559 1464 1583; x_wconf 91' lang='lat' dir='ltr'>cum</span> <span class='ocrx_word' id='word_1_184' title='bbox 1490 1546 1562 1582; x_wconf 89' lang='lat' dir='ltr'>fuit</span> <span class='ocrx_word' id='word_1_185' title='bbox 1585 1546 1625 1582; x_wconf 90' lang='lat' dir='ltr'>in</span> <span class='ocrx_word' id='word_1_186' title='bbox 1649 1548 1737 1582; x_wconf 90' lang='lat' dir='ltr'>sab-</span> <span class='ocrx_word' id='word_1_187' title='bbox 1754 1557 1795 1578; x_wconf 88' lang='lat'>20</span> 
     </span>
     <span class='ocr_line' id='line_1_41' title="bbox 424 1605 1737 1653; baseline -0.003 -9"><span class='ocrx_word' id='word_1_188' title='bbox 424 1610 517 1644; x_wconf 87' lang='lat' dir='ltr'>bato</span> <span class='ocrx_word' id='word_1_189' title='bbox 542 1608 663 1644; x_wconf 88' lang='lat' dir='ltr'>archa</span> <span class='ocrx_word' id='word_1_190' title='bbox 686 1606 778 1643; x_wconf 88' lang='lat' dir='ltr'>fidei</span> <span class='ocrx_word' id='word_1_191' title='bbox 802 1605 1030 1651; x_wconf 75' lang='lat' dir='ltr'>christiane,</span> <span class='ocrx_word' id='word_1_192' title='bbox 1055 1605 1305 1642; x_wconf 78' lang='lat' dir='ltr'>convincitur</span> <span class='ocrx_word' id='word_1_193' title='bbox 1327 1614 1409 1641; x_wconf 89' lang='lat' dir='ltr'>tam</span> <span class='ocrx_word' id='word_1_194' title='bbox 1434 1617 1476 1641; x_wconf 85' lang='lat' dir='ltr'>ex</span> <span class='ocrx_word' id='word_1_195' title='bbox 1510 1605 1584 1641; x_wconf 91' lang='lat' dir='ltr'>hoc</span> <span class='ocrx_word' id='word_1_196' title='bbox 1617 1617 1737 1653; x_wconf 86' lang='lat' dir='ltr'>quam</span> 
     </span>
     <span class='ocr_line' id='line_1_42' title="bbox 424 1662 1739 1712; baseline -0.004 -10"><span class='ocrx_word' id='word_1_197' title='bbox 424 1678 468 1702; x_wconf 83' lang='lat' dir='ltr'>ex</span> <span class='ocrx_word' id='word_1_198' title='bbox 507 1664 654 1702; x_wconf 88' lang='lat' dir='ltr'>Christi</span> <span class='ocrx_word' id='word_1_199' title='bbox 692 1664 936 1712; x_wconf 82' lang='lat' dir='ltr'>gratitudine</span> <span class='ocrx_word' id='word_1_200' title='bbox 975 1665 1082 1712; x_wconf 89' lang='lat' dir='ltr'>quod</span> <span class='ocrx_word' id='word_1_201' title='bbox 1121 1663 1252 1711; x_wconf 90' lang='lat' dir='ltr'>primo</span> <span class='ocrx_word' id='word_1_202' title='bbox 1291 1663 1471 1699; x_wconf 89' lang='lat' dir='ltr'>omnium</span> <span class='ocrx_word' id='word_1_203' title='bbox 1513 1662 1739 1698; x_wconf 86' lang='lat' dir='ltr'>mentaliter</span> 
     </span>
     <span class='ocr_line' id='line_1_43' title="bbox 423 1719 1739 1772; baseline -0.003 -12"><span class='ocrx_word' id='word_1_204' title='bbox 423 1723 610 1772; x_wconf 87' lang='lat' dir='ltr'>apparuit</span> <span class='ocrx_word' id='word_1_205' title='bbox 643 1722 761 1759; x_wconf 87' lang='lat' dir='ltr'>matri</span> <span class='ocrx_word' id='word_1_206' title='bbox 794 1735 881 1768; x_wconf 83' lang='lat' dir='ltr'>sue3</span> <span class='ocrx_word' id='word_1_207' title='bbox 915 1722 989 1759; x_wconf 86' lang='lat' dir='ltr'>sibi</span> <span class='ocrx_word' id='word_1_208' title='bbox 1014 1721 1117 1758; x_wconf 92' lang='lat' dir='ltr'>enim</span> <span class='ocrx_word' id='word_1_209' title='bbox 1142 1721 1274 1769; x_wconf 89' lang='lat' dir='ltr'>primo</span> <span class='ocrx_word' id='word_1_210' title='bbox 1298 1720 1477 1757; x_wconf 88' lang='lat' dir='ltr'>omnium</span> <span class='ocrx_word' id='word_1_211' title='bbox 1513 1729 1568 1756; x_wconf 90' lang='lat' dir='ltr'>est</span> <span class='ocrx_word' id='word_1_212' title='bbox 1592 1719 1739 1757; x_wconf 90' lang='lat' dir='ltr'>Christi</span> 
     </span>
     <span class='ocr_line' id='line_1_44' title="bbox 424 1779 1739 1828; baseline -0.003 -10"><span class='ocrx_word' id='word_1_213' title='bbox 424 1781 670 1819; x_wconf 88' lang='lat' dir='ltr'>resurreccio</span> <span class='ocrx_word' id='word_1_214' title='bbox 715 1781 900 1817; x_wconf 86' lang='lat' dir='ltr'>revelata.</span> <span class='ocrx_word' id='word_1_215' title='bbox 951 1782 1033 1817; x_wconf 92' lang='lat' dir='ltr'>Nec</span> <span class='ocrx_word' id='word_1_216' title='bbox 1076 1779 1191 1817; x_wconf 88' lang='lat' dir='ltr'>video</span> <span class='ocrx_word' id='word_1_217' title='bbox 1243 1781 1351 1828; x_wconf 87' lang='lat' dir='ltr'>quod</span> <span class='ocrx_word' id='word_1_218' title='bbox 1401 1787 1561 1827; x_wconf 89' lang='lat' dir='ltr'>oportet</span> <span class='ocrx_word' id='word_1_219' title='bbox 1611 1791 1739 1815; x_wconf 88' lang='lat' dir='ltr'>resur-</span> 
     </span>
     <span class='ocr_line' id='line_1_45' title="bbox 424 1836 1795 1887; baseline -0.004 -11"><span class='ocrx_word' id='word_1_220' title='bbox 424 1839 620 1877; x_wconf 88' lang='lat' dir='ltr'>reccionis</span> <span class='ocrx_word' id='word_1_221' title='bbox 664 1838 811 1876; x_wconf 88' lang='lat' dir='ltr'>Christi</span> <span class='ocrx_word' id='word_1_222' title='bbox 857 1850 939 1875; x_wconf 89' lang='lat' dir='ltr'>esse</span> <span class='ocrx_word' id='word_1_223' title='bbox 983 1837 1284 1887; x_wconf 89' lang='lat' dir='ltr'>apparicionem</span> <span class='ocrx_word' id='word_1_224' title='bbox 1330 1837 1449 1874; x_wconf 87' lang='lat' dir='ltr'>aliam</span> <span class='ocrx_word' id='word_1_225' title='bbox 1495 1836 1612 1873; x_wconf 89' lang='lat' dir='ltr'>matri</span> <span class='ocrx_word' id='word_1_226' title='bbox 1656 1845 1738 1873; x_wconf 88' lang='lat' dir='ltr'>tam</span> <span class='ocrx_word' id='word_1_227' title='bbox 1756 1837 1795 1870; x_wconf 81' lang='lat'>25</span> 
     </span>
     <span class='ocr_line' id='line_1_46' title="bbox 425 1898 781 1935; baseline -0.006 0"><span class='ocrx_word' id='word_1_228' title='bbox 425 1898 531 1935; x_wconf 88' lang='lat' dir='ltr'>fideli</span> <span class='ocrx_word' id='word_1_229' title='bbox 565 1906 781 1934; x_wconf 88' lang='lat' dir='ltr'>ostensam.</span> 
     </span>
    </p>

    <p class='ocr_par' dir='ltr' id='par_1_14' title="bbox 427 1952 1740 2118">
     <span class='ocr_line' id='line_1_47' title="bbox 484 1952 1740 2004; baseline -0.004 -12"><span class='ocrx_word' id='word_1_230' title='bbox 484 1957 704 2004; x_wconf 89' lang='lat' dir='ltr'>Loquendo</span> <span class='ocrx_word' id='word_1_231' title='bbox 728 1963 861 1991; x_wconf 87' lang='lat' dir='ltr'>autem</span> <span class='ocrx_word' id='word_1_232' title='bbox 886 1956 934 1990; x_wconf 93' lang='lat' dir='ltr'>de</span> <span class='ocrx_word' id='word_1_233' title='bbox 957 1953 1216 2002; x_wconf 85' lang='lat' dir='ltr'>apparicione</span> <span class='ocrx_word' id='word_1_234' title='bbox 1240 1952 1440 2001; x_wconf 88' lang='lat' dir='ltr'>corporali</span> <span class='ocrx_word' id='word_1_235' title='bbox 1470 1952 1509 1988; x_wconf 91' lang='lat' dir='ltr'>in</span> <span class='ocrx_word' id='word_1_236' title='bbox 1536 1952 1740 2000; x_wconf 83' lang='lat' dir='ltr'>evangelio</span> 
     </span>
     <span class='ocr_line' id='line_1_48' title="bbox 427 2010 1740 2062; baseline -0.004 -12"><span class='ocrx_word' id='word_1_237' title='bbox 427 2026 609 2062; x_wconf 80' lang='lat' dir='ltr'>expressa</span> <span class='ocrx_word' id='word_1_238' title='bbox 642 2013 775 2061; x_wconf 89' lang='lat' dir='ltr'>primo</span> <span class='ocrx_word' id='word_1_239' title='bbox 809 2011 996 2060; x_wconf 87' lang='lat' dir='ltr'>apparuit</span> <span class='ocrx_word' id='word_1_240' title='bbox 1020 2012 1255 2060; x_wconf 77' lang='lat' dir='ltr'>Magdalene</span> <span class='ocrx_word' id='word_1_241' title='bbox 1287 2010 1439 2047; x_wconf 84' lang='lat' dir='ltr'>sedenti</span> <span class='ocrx_word' id='word_1_242' title='bbox 1474 2010 1580 2047; x_wconf 85' lang='lat' dir='ltr'>iuxta</span> <span class='ocrx_word' id='word_1_243' title='bbox 1612 2010 1740 2058; x_wconf 87' lang='lat' dir='ltr'>sepul-</span> 
     </span>
     <span class='ocr_line' id='line_1_49' title="bbox 427 2068 1560 2118; baseline -0.004 -10"><span class='ocrx_word' id='word_1_244' title='bbox 427 2085 537 2108; x_wconf 90' lang='lat' dir='ltr'>crum</span> <span class='ocrx_word' id='word_1_245' title='bbox 572 2071 658 2108; x_wconf 89' lang='lat' dir='ltr'>aliis</span> <span class='ocrx_word' id='word_1_246' title='bbox 691 2070 969 2107; x_wconf 85' lang='lat' dir='ltr'>recedentibus</span> <span class='ocrx_word' id='word_1_247' title='bbox 1005 2071 1063 2115; x_wconf 72' lang='lat' dir='ltr'>(ut</span> <span class='ocrx_word' id='word_1_248' title='bbox 1096 2078 1205 2118; x_wconf 86' lang='lat' dir='ltr'>patet</span> <span class='ocrx_word' id='word_1_249' title='bbox 1236 2068 1427 2105; x_wconf 88' lang='lat' dir='ltr'>Johannis</span> <span class='ocrx_word' id='word_1_250' title='bbox 1460 2070 1560 2115; x_wconf 83' lang='lat' dir='ltr'>XX).</span> 
     </span>
    </p>

    <p class='ocr_par' dir='ltr' id='par_1_15' title="bbox 427 2126 1800 2350">
     <span class='ocr_line' id='line_1_50' title="bbox 485 2126 1800 2177; baseline -0.005 -11"><span class='ocrx_word' id='word_1_251' title='bbox 485 2131 670 2166; x_wconf 86' lang='lat' dir='ltr'>Secundo</span> <span class='ocrx_word' id='word_1_252' title='bbox 704 2128 891 2177; x_wconf 88' lang='lat' dir='ltr'>apparuit</span> <span class='ocrx_word' id='word_1_253' title='bbox 929 2127 1003 2176; x_wconf 90' lang='lat' dir='ltr'>ipsi</span> <span class='ocrx_word' id='word_1_254' title='bbox 1038 2127 1162 2164; x_wconf 87' lang='lat' dir='ltr'>Marie</span> <span class='ocrx_word' id='word_1_255' title='bbox 1204 2140 1293 2164; x_wconf 90' lang='lat' dir='ltr'>cum</span> <span class='ocrx_word' id='word_1_256' title='bbox 1334 2126 1421 2163; x_wconf 88' lang='lat' dir='ltr'>aliis</span> <span class='ocrx_word' id='word_1_257' title='bbox 1455 2126 1688 2162; x_wconf 88' lang='lat' dir='ltr'>mulieribus</span> <span class='ocrx_word' id='word_1_258' title='bbox 1720 2127 1800 2161; x_wconf 68' lang='lat'>{130</span> 
     </span>
     <span class='ocr_line' id='line_1_51' title="bbox 427 2183 1741 2236; baseline -0.004 -12"><span class='ocrx_word' id='word_1_259' title='bbox 427 2189 611 2236; x_wconf 87' lang='lat' dir='ltr'>sepulcro</span> <span class='ocrx_word' id='word_1_260' title='bbox 645 2186 951 2231; x_wconf 75' lang='lat' dir='ltr'>revertentibus3</span> <span class='ocrx_word' id='word_1_261' title='bbox 985 2199 1076 2222; x_wconf 89' lang='lat' dir='ltr'>nam</span> <span class='ocrx_word' id='word_1_262' title='bbox 1101 2193 1315 2233; x_wconf 88' lang='lat' dir='ltr'>postquam</span> <span class='ocrx_word' id='word_1_263' title='bbox 1348 2184 1501 2221; x_wconf 80' lang='lat' dir='ltr'>viderat</span> <span class='ocrx_word' id='word_1_264' title='bbox 1524 2183 1741 2227; x_wconf 82' lang='lat' dir='ltr'>Christum,</span> 
     </span>
     <span class='ocr_line' id='line_1_52' title="bbox 428 2241 1742 2282; baseline -0.004 0"><span class='ocrx_word' id='word_1_265' title='bbox 428 2254 563 2282; x_wconf 88' lang='lat' dir='ltr'>secuta</span> <span class='ocrx_word' id='word_1_266' title='bbox 596 2254 652 2281; x_wconf 90' lang='lat' dir='ltr'>est</span> <span class='ocrx_word' id='word_1_267' title='bbox 685 2244 783 2281; x_wconf 87' lang='lat' dir='ltr'>alias</span> <span class='ocrx_word' id='word_1_268' title='bbox 817 2253 853 2280; x_wconf 92' lang='lat' dir='ltr'>et</span> <span class='ocrx_word' id='word_1_269' title='bbox 893 2243 1042 2280; x_wconf 89' lang='lat' dir='ltr'>invenit</span> <span class='ocrx_word' id='word_1_270' title='bbox 1076 2255 1140 2280; x_wconf 90' lang='lat' dir='ltr'>eas</span> <span class='ocrx_word' id='word_1_271' title='bbox 1174 2243 1213 2279; x_wconf 91' lang='lat' dir='ltr'>in</span> <span class='ocrx_word' id='word_1_272' title='bbox 1252 2242 1393 2279; x_wconf 89' lang='lat' dir='ltr'>itinere</span> <span class='ocrx_word' id='word_1_273' title='bbox 1428 2250 1463 2278; x_wconf 90' lang='lat' dir='ltr'>et</span> <span class='ocrx_word' id='word_1_274' title='bbox 1496 2251 1591 2278; x_wconf 86' lang='lat' dir='ltr'>tunc</span> <span class='ocrx_word' id='word_1_275' title='bbox 1623 2241 1742 2277; x_wconf 91' lang='lat' dir='ltr'>simul</span> 
     </span>
     <span class='ocr_line' id='line_1_53' title="bbox 428 2300 1187 2350; baseline -0.003 -11"><span class='ocrx_word' id='word_1_276' title='bbox 428 2303 652 2340; x_wconf 86' lang='lat' dir='ltr'>sensibilius</span> <span class='ocrx_word' id='word_1_277' title='bbox 686 2302 873 2350; x_wconf 88' lang='lat' dir='ltr'>apparuit</span> <span class='ocrx_word' id='word_1_278' title='bbox 906 2301 960 2338; x_wconf 92' lang='lat' dir='ltr'>eis</span> <span class='ocrx_word' id='word_1_279' title='bbox 994 2300 1187 2338; x_wconf 88' lang='lat' dir='ltr'>Christus.</span> 
     </span>
    </p>

    <p class='ocr_par' dir='ltr' id='par_1_16' title="bbox 429 2356 1800 2467">
     <span class='ocr_line' id='line_1_54' title="bbox 478 2356 1744 2409; baseline -0.005 -11"><span class='ocrx_word' id='word_1_280' title='bbox 478 2360 622 2398; x_wconf 88' lang='lat' dir='ltr'>Tercio</span> <span class='ocrx_word' id='word_1_281' title='bbox 656 2360 842 2409; x_wconf 85' lang='lat' dir='ltr'>apparuit</span> <span class='ocrx_word' id='word_1_282' title='bbox 866 2362 983 2396; x_wconf 87' lang='lat' dir='ltr'>Petro</span> <span class='ocrx_word' id='word_1_283' title='bbox 1020 2360 1077 2406; x_wconf 86' lang='lat' dir='ltr'>(ut</span> <span class='ocrx_word' id='word_1_284' title='bbox 1110 2360 1278 2395; x_wconf 86' lang='lat' dir='ltr'>habetur</span> <span class='ocrx_word' id='word_1_285' title='bbox 1303 2360 1407 2394; x_wconf 88' lang='lat' dir='ltr'>Luce</span> <span class='ocrx_word' id='word_1_286' title='bbox 1445 2357 1618 2403; x_wconf 86' lang='lat' dir='ltr'>ultimo),</span> <span class='ocrx_word' id='word_1_287' title='bbox 1652 2356 1744 2393; x_wconf 91' lang='lat' dir='ltr'>licet</span> 
     </span>
     <span class='ocr_line' id='line_1_55' title="bbox 429 2414 1800 2467; baseline -0.005 -11"><span class='ocrx_word' id='word_1_288' title='bbox 429 2418 678 2467; x_wconf 77' lang='lat' dir='ltr'>evangelium</span> <span class='ocrx_word' id='word_1_289' title='bbox 722 2431 803 2455; x_wconf 90' lang='lat' dir='ltr'>non</span> <span class='ocrx_word' id='word_1_290' title='bbox 855 2417 1049 2466; x_wconf 87' lang='lat' dir='ltr'>exprimat</span> <span class='ocrx_word' id='word_1_291' title='bbox 1099 2417 1259 2465; x_wconf 88' lang='lat' dir='ltr'>quando</span> <span class='ocrx_word' id='word_1_292' title='bbox 1310 2415 1515 2464; x_wconf 78' lang='lat' dir='ltr'>apparuit3</span> <span class='ocrx_word' id='word_1_293' title='bbox 1569 2414 1745 2451; x_wconf 86' lang='lat' dir='ltr'>creditur</span> <span class='ocrx_word' id='word_1_294' title='bbox 1761 2416 1800 2449; x_wconf 81' lang='lat'>35</span> 
     </span>
    </p>
   </div>
   <div class='ocr_carea' id='block_1_13' title="bbox 477 2526 1744 2562">
    <p class='ocr_par' dir='ltr' id='par_1_17' title="bbox 477 2526 1744 2562">
     <span class='ocr_line' id='line_1_56' title="bbox 477 2526 1744 2562; baseline -0.004 -5"><span class='ocrx_word' id='word_1_295' title='bbox 477 2539 502 2558; x_wconf 82' lang='lat'>2.</span> <span class='ocrx_word' id='word_1_296' title='bbox 514 2530 578 2557; x_wconf 81' lang='lat' dir='ltr'>BC:</span> <span class='ocrx_word' id='word_1_297' title='bbox 595 2529 928 2557; x_wconf 83' lang='lat' dir='ltr'>communidaciouem.</span> <span class='ocrx_word' id='word_1_298' title='bbox 963 2528 1177 2561; x_wconf 75' lang='lat' dir='ltr'>4.A:f1delem</span> <span class='ocrx_word' id='word_1_299' title='bbox 1188 2528 1281 2554; x_wconf 78' lang='lat' dir='ltr'>deest.</span> <span class='ocrx_word' id='word_1_300' title='bbox 1319 2536 1349 2562; x_wconf 72' lang='lat'>4,</span> <span class='ocrx_word' id='word_1_301' title='bbox 1360 2527 1438 2555; x_wconf 67' lang='lat' dir='ltr'>§.Ae</span> <span class='ocrx_word' id='word_1_302' title='bbox 1452 2526 1542 2554; x_wconf 87' lang='lat' dir='ltr'>huius</span> <span class='ocrx_word' id='word_1_303' title='bbox 1554 2530 1744 2553; x_wconf 78' lang='lat' dir='ltr'>sacramenta</span> 
     </span>
    </p>
   </div>
   <div class='ocr_carea' id='block_1_14' title="bbox 430 2561 1744 2668">
    <p class='ocr_par' dir='ltr' id='par_1_18' title="bbox 430 2561 1744 2668">
     <span class='ocr_line' id='line_1_57' title="bbox 432 2561 1743 2599; baseline -0.005 -6"><span class='ocrx_word' id='word_1_304' title='bbox 432 2571 487 2593; x_wconf 80' lang='lat' dir='ltr'>etc.</span> <span class='ocrx_word' id='word_1_305' title='bbox 562 2565 590 2592; x_wconf 74' lang='grc' dir='ltr'>ὁ.</span> <span class='ocrx_word' id='word_1_306' title='bbox 606 2566 633 2592; x_wconf 87' lang='lat' dir='ltr'><strong>A</strong></span> <span class='ocrx_word' id='word_1_307' title='bbox 654 2565 683 2592; x_wconf 88' lang='lat' dir='ltr'>in</span> <span class='ocrx_word' id='word_1_308' title='bbox 706 2572 820 2599; x_wconf 62' lang='lat' dir='ltr'>marg:</span> <span class='ocrx_word' id='word_1_309' title='bbox 842 2564 951 2592; x_wconf 81' lang='lat' dir='ltr'>Sermo</span> <span class='ocrx_word' id='word_1_310' title='bbox 972 2562 1072 2595; x_wconf 69' lang='lat' dir='ltr'>XXV:</span> <span class='ocrx_word' id='word_1_311' title='bbox 1094 2562 1134 2589; x_wconf 90' lang='lat' dir='ltr'>ib.</span> <span class='ocrx_word' id='word_1_312' title='bbox 1152 2563 1172 2589; x_wconf 74' lang='grc' dir='ltr'>Β</span> <span class='ocrx_word' id='word_1_313' title='bbox 1194 2562 1222 2589; x_wconf 85' lang='lat' dir='ltr'>iu</span> <span class='ocrx_word' id='word_1_314' title='bbox 1246 2570 1358 2596; x_wconf 51' lang='lat' dir='ltr'>marg:</span> <span class='ocrx_word' id='word_1_315' title='bbox 1380 2561 1424 2594; x_wconf 82' lang='lat'>25,</span> <span class='ocrx_word' id='word_1_316' title='bbox 1446 2562 1475 2588; x_wconf 84' lang='lat' dir='ltr'>in</span> <span class='ocrx_word' id='word_1_317' title='bbox 1498 2561 1613 2588; x_wconf 70' lang='lat' dir='ltr'>Octava</span> <span class='ocrx_word' id='word_1_318' title='bbox 1635 2561 1743 2593; x_wconf 81' lang='lat' dir='ltr'>Pasce;</span> 
     </span>
     <span class='ocr_line' id='line_1_58' title="bbox 430 2595 1744 2633; baseline -0.005 -6"><span class='ocrx_word' id='word_1_319' title='bbox 430 2601 471 2627; x_wconf 88' lang='lat' dir='ltr'>ib.</span> <span class='ocrx_word' id='word_1_320' title='bbox 494 2599 518 2627; x_wconf 92' lang='lat' dir='ltr'>C</span> <span class='ocrx_word' id='word_1_321' title='bbox 538 2600 567 2627; x_wconf 84' lang='lat' dir='ltr'>iu</span> <span class='ocrx_word' id='word_1_322' title='bbox 590 2608 703 2633; x_wconf 48' lang='lat' dir='ltr'>marg:</span> <span class='ocrx_word' id='word_1_323' title='bbox 725 2598 887 2625; x_wconf 80' lang='lat' dir='ltr'>Dominica</span> <span class='ocrx_word' id='word_1_324' title='bbox 908 2598 1006 2633; x_wconf 81' lang='lat' dir='ltr'>prima</span> <span class='ocrx_word' id='word_1_325' title='bbox 1027 2601 1098 2632; x_wconf 71' lang='lat' dir='ltr'>post</span> <span class='ocrx_word' id='word_1_326' title='bbox 1118 2597 1243 2624; x_wconf 75' lang='lat' dir='ltr'>Pascha.</span> <span class='ocrx_word' id='word_1_327' title='bbox 1323 2605 1349 2632; x_wconf 86' lang='lat'>7.</span> <span class='ocrx_word' id='word_1_328' title='bbox 1370 2597 1415 2624; x_wconf 88' lang='lat' dir='ltr'>A:</span> <span class='ocrx_word' id='word_1_329' title='bbox 1438 2596 1536 2629; x_wconf 87' lang='lat' dir='ltr'>Dum;</span> <span class='ocrx_word' id='word_1_330' title='bbox 1563 2595 1606 2622; x_wconf 88' lang='lat' dir='ltr'>ib.</span> <span class='ocrx_word' id='word_1_331' title='bbox 1626 2595 1672 2622; x_wconf 88' lang='lat' dir='ltr'>A:</span> <span class='ocrx_word' id='word_1_332' title='bbox 1693 2595 1744 2622; x_wconf 85' lang='lat' dir='ltr'>illa</span> 
     </span>
     <span class='ocr_line' id='line_1_59' title="bbox 430 2629 1743 2668; baseline -0.005 -6"><span class='ocrx_word' id='word_1_333' title='bbox 430 2635 491 2662; x_wconf 87' lang='lat' dir='ltr'>vita</span> <span class='ocrx_word' id='word_1_334' title='bbox 512 2639 567 2662; x_wconf 76' lang='lat' dir='ltr'>etc.</span> <span class='ocrx_word' id='word_1_335' title='bbox 646 2634 674 2667; x_wconf 69' lang='lat'>8,</span> <span class='ocrx_word' id='word_1_336' title='bbox 696 2642 724 2665; x_wconf 84' lang='lat' dir='ltr'>Q.</span> <span class='ocrx_word' id='word_1_337' title='bbox 745 2633 789 2660; x_wconf 77' lang='lat' dir='ltr'>A:</span> <span class='ocrx_word' id='word_1_338' title='bbox 811 2637 1002 2667; x_wconf 58' lang='lat' dir='ltr'>argumenta</span> <span class='ocrx_word' id='word_1_339' title='bbox 1082 2639 1120 2658; x_wconf 83' lang='lat'>12.</span> <span class='ocrx_word' id='word_1_340' title='bbox 1141 2633 1184 2659; x_wconf 79' lang='lat' dir='ltr'>A:</span> <span class='ocrx_word' id='word_1_341' title='bbox 1206 2636 1275 2667; x_wconf 86' lang='lat' dir='ltr'>post</span> <span class='ocrx_word' id='word_1_342' title='bbox 1295 2631 1388 2658; x_wconf 79' lang='lat' dir='ltr'>deest.</span> <span class='ocrx_word' id='word_1_343' title='bbox 1468 2639 1509 2664; x_wconf 75' lang='lat'>14.</span> <span class='ocrx_word' id='word_1_344' title='bbox 1530 2631 1575 2657; x_wconf 82' lang='lat' dir='ltr'>A:</span> <span class='ocrx_word' id='word_1_345' title='bbox 1597 2629 1743 2668; x_wconf 51' lang='lat' dir='ltr'>eyangelii</span> 
     </span>
    </p>
   </div>
   <div class='ocr_carea' id='block_1_15' title="bbox 432 2666 1744 2873">
    <p class='ocr_par' dir='ltr' id='par_1_19' title="bbox 432 2666 1744 2873">
     <span class='ocr_line' id='line_1_60' title="bbox 432 2666 1743 2707; baseline -0.005 -11"><span class='ocrx_word' id='word_1_346' title='bbox 432 2670 533 2697; x_wconf 77' lang='lat' dir='ltr'>deest:</span> <span class='ocrx_word' id='word_1_347' title='bbox 555 2669 595 2696; x_wconf 77' lang='lat' dir='ltr'>ib.</span> <span class='ocrx_word' id='word_1_348' title='bbox 614 2669 634 2695; x_wconf 74' lang='grc' dir='ltr'>Β</span> <span class='ocrx_word' id='word_1_349' title='bbox 650 2668 679 2695; x_wconf 87' lang='lat' dir='ltr'>iu</span> <span class='ocrx_word' id='word_1_350' title='bbox 696 2666 810 2702; x_wconf 47' lang='lat' dir='ltr'>marg:</span> <span class='ocrx_word' id='word_1_351' title='bbox 833 2666 939 2694; x_wconf 71' lang='lat' dir='ltr'>Decies</span> <span class='ocrx_word' id='word_1_352' title='bbox 955 2666 1098 2693; x_wconf 83' lang='lat' dir='ltr'>Christus</span> <span class='ocrx_word' id='word_1_353' title='bbox 1114 2666 1256 2701; x_wconf 75' lang='lat' dir='ltr'>apparuit</span> <span class='ocrx_word' id='word_1_354' title='bbox 1276 2670 1347 2707; x_wconf 78' lang='lat' dir='ltr'>post</span> <span class='ocrx_word' id='word_1_355' title='bbox 1363 2673 1449 2692; x_wconf 85' lang='lat' dir='ltr'>suam</span> <span class='ocrx_word' id='word_1_356' title='bbox 1466 2672 1743 2693; x_wconf 78' lang='lat' dir='ltr'>resurreccionem:</span> 
     </span>
     <span class='ocr_line' id='line_1_61' title="bbox 432 2699 1742 2741; baseline -0.005 -10"><span class='ocrx_word' id='word_1_357' title='bbox 432 2705 472 2731; x_wconf 87' lang='lat' dir='ltr'>ib.</span> <span class='ocrx_word' id='word_1_358' title='bbox 489 2705 516 2731; x_wconf 86' lang='lat' dir='ltr'>A</span> <span class='ocrx_word' id='word_1_359' title='bbox 537 2704 566 2730; x_wconf 83' lang='lat' dir='ltr'>iu</span> <span class='ocrx_word' id='word_1_360' title='bbox 589 2711 702 2741; x_wconf 61' lang='lat' dir='ltr'>marg:</span> <span class='ocrx_word' id='word_1_361' title='bbox 725 2702 866 2729; x_wconf 82' lang='lat' dir='ltr'>Christus</span> <span class='ocrx_word' id='word_1_362' title='bbox 887 2710 924 2735; x_wconf 82' lang='lat' dir='ltr'>ap</span> <span class='ocrx_word' id='word_1_363' title='bbox 951 2701 1030 2728; x_wconf 81' lang='lat' dir='ltr'>aruit</span> <span class='ocrx_word' id='word_1_364' title='bbox 1049 2701 1159 2728; x_wconf 77' lang='lat' dir='ltr'>decies.</span> <span class='ocrx_word' id='word_1_365' title='bbox 1211 2709 1219 2728; x_wconf 86' lang='lat'><strong>1</strong></span> <span class='ocrx_word' id='word_1_366' title='bbox 1244 2722 1250 2727; x_wconf 92' lang='lat'>.</span> <span class='ocrx_word' id='word_1_367' title='bbox 1267 2702 1306 2727; x_wconf 70' lang='lat' dir='ltr'>C:</span> <span class='ocrx_word' id='word_1_368' title='bbox 1328 2699 1524 2727; x_wconf 80' lang='lat' dir='ltr'>Lincoliensi.</span> <span class='ocrx_word' id='word_1_369' title='bbox 1583 2706 1624 2729; x_wconf 71' lang='lat'>21,</span> <span class='ocrx_word' id='word_1_370' title='bbox 1639 2706 1682 2725; x_wconf 83' lang='lat'>22.</span> <span class='ocrx_word' id='word_1_371' title='bbox 1698 2699 1742 2725; x_wconf 82' lang='lat' dir='ltr'>A:</span> 
     </span>
     <span class='ocr_line' id='line_1_62' title="bbox 433 2709 1742 2773; baseline -0.005 -8"><span class='ocrx_word' id='word_1_372' title='bbox 433 2747 523 2773; x_wconf 77' lang='lat' dir='ltr'>quam</span> <span class='ocrx_word' id='word_1_373' title='bbox 545 2747 580 2765; x_wconf 76' lang='lat' dir='ltr'>ex</span> <span class='ocrx_word' id='word_1_374' title='bbox 601 2737 715 2765; x_wconf 86' lang='lat' dir='ltr'>Christi</span> <span class='ocrx_word' id='word_1_375' title='bbox 738 2737 831 2764; x_wconf 76' lang='lat' dir='ltr'>deest.</span> <span class='ocrx_word' id='word_1_376' title='bbox 906 2743 919 2762; x_wconf 84' lang='lat'>2</span> <span class='ocrx_word' id='word_1_377' title='bbox 947 2757 952 2762; x_wconf 89' lang='lat'><em>.</em></span> <span class='ocrx_word' id='word_1_378' title='bbox 975 2736 1018 2762; x_wconf 86' lang='lat' dir='ltr'>A:</span> <span class='ocrx_word' id='word_1_379' title='bbox 1040 2740 1195 2762; x_wconf 81' lang='lat' dir='ltr'>ostensam</span> <span class='ocrx_word' id='word_1_380' title='bbox 1217 2709 1310 2762; x_wconf 66' lang='lat' dir='ltr'>cieest.</span> <span class='ocrx_word' id='word_1_381' title='bbox 1384 2742 1428 2768; x_wconf 81' lang='lat'>27.</span> <span class='ocrx_word' id='word_1_382' title='bbox 1450 2735 1492 2761; x_wconf 88' lang='lat' dir='ltr'>A:</span> <span class='ocrx_word' id='word_1_383' title='bbox 1513 2733 1589 2760; x_wconf 83' lang='lat' dir='ltr'>Item</span> <span class='ocrx_word' id='word_1_384' title='bbox 1611 2733 1742 2767; x_wconf 82' lang='lat' dir='ltr'>primam</span> 
     </span>
     <span class='ocr_line' id='line_1_63' title="bbox 432 2768 1742 2808; baseline -0.005 -8"><span class='ocrx_word' id='word_1_385' title='bbox 432 2773 587 2808; x_wconf 77' lang='lat' dir='ltr'>loquendo</span> <span class='ocrx_word' id='word_1_386' title='bbox 602 2777 720 2805; x_wconf 78' lang='lat' dir='ltr'>autem:</span> <span class='ocrx_word' id='word_1_387' title='bbox 742 2771 782 2798; x_wconf 91' lang='lat' dir='ltr'>ib.</span> <span class='ocrx_word' id='word_1_388' title='bbox 797 2772 841 2798; x_wconf 79' lang='lat' dir='ltr'>A:</span> <span class='ocrx_word' id='word_1_389' title='bbox 858 2770 1053 2806; x_wconf 65' lang='lat' dir='ltr'>aspersione3</span> <span class='ocrx_word' id='word_1_390' title='bbox 1074 2770 1114 2797; x_wconf 92' lang='lat' dir='ltr'>ib.</span> <span class='ocrx_word' id='word_1_391' title='bbox 1130 2770 1202 2797; x_wconf 84' lang='lat' dir='ltr'>Ain</span> <span class='ocrx_word' id='word_1_392' title='bbox 1220 2778 1315 2804; x_wconf 80' lang='lat' dir='ltr'>marg.</span> <span class='ocrx_word' id='word_1_393' title='bbox 1330 2779 1335 2796; x_wconf 90' lang='lat'>:</span> <span class='ocrx_word' id='word_1_394' title='bbox 1353 2777 1373 2796; x_wconf 83' lang='lat'>1.</span> <span class='ocrx_word' id='word_1_395' title='bbox 1431 2776 1478 2803; x_wconf 81' lang='lat'>29.</span> <span class='ocrx_word' id='word_1_396' title='bbox 1493 2769 1521 2795; x_wconf 83' lang='lat' dir='ltr'>A</span> <span class='ocrx_word' id='word_1_397' title='bbox 1536 2768 1564 2795; x_wconf 84' lang='lat' dir='ltr'>in</span> <span class='ocrx_word' id='word_1_398' title='bbox 1581 2775 1695 2801; x_wconf 46' lang='lat' dir='ltr'>marga</span> <span class='ocrx_word' id='word_1_399' title='bbox 1711 2775 1742 2796; x_wconf 82' lang='lat'>2:</span> 
     </span>
     <span class='ocr_line' id='line_1_64' title="bbox 433 2802 1744 2842; baseline -0.005 -8"><span class='ocrx_word' id='word_1_400' title='bbox 433 2808 472 2834; x_wconf 90' lang='lat' dir='ltr'>ib.</span> <span class='ocrx_word' id='word_1_401' title='bbox 494 2808 536 2834; x_wconf 79' lang='lat' dir='ltr'>A:</span> <span class='ocrx_word' id='word_1_402' title='bbox 560 2811 639 2842; x_wconf 81' lang='lat' dir='ltr'>patet</span> <span class='ocrx_word' id='word_1_403' title='bbox 658 2805 807 2833; x_wconf 86' lang='lat' dir='ltr'>Johannis</span> <span class='ocrx_word' id='word_1_404' title='bbox 828 2805 892 2832; x_wconf 84' lang='lat' dir='ltr'>XX.</span> <span class='ocrx_word' id='word_1_405' title='bbox 948 2803 994 2832; x_wconf 78' lang='lat'>30.</span> <span class='ocrx_word' id='word_1_406' title='bbox 1015 2805 1058 2832; x_wconf 89' lang='lat' dir='ltr'>A:</span> <span class='ocrx_word' id='word_1_407' title='bbox 1081 2804 1148 2831; x_wconf 84' lang='lat' dir='ltr'>aliis</span> <span class='ocrx_word' id='word_1_408' title='bbox 1168 2804 1262 2831; x_wconf 81' lang='lat' dir='ltr'>deest.</span> <span class='ocrx_word' id='word_1_409' title='bbox 1318 2802 1361 2831; x_wconf 84' lang='lat'>32.</span> <span class='ocrx_word' id='word_1_410' title='bbox 1383 2804 1427 2830; x_wconf 91' lang='lat' dir='ltr'>A:</span> <span class='ocrx_word' id='word_1_411' title='bbox 1450 2811 1518 2833; x_wconf 75' lang='lat' dir='ltr'>cos:</span> <span class='ocrx_word' id='word_1_412' title='bbox 1545 2802 1585 2829; x_wconf 93' lang='lat' dir='ltr'>ib.</span> <span class='ocrx_word' id='word_1_413' title='bbox 1607 2802 1651 2829; x_wconf 83' lang='lat' dir='ltr'>A:</span> <span class='ocrx_word' id='word_1_414' title='bbox 1672 2806 1744 2828; x_wconf 79' lang='lat' dir='ltr'>tunc</span> 
     </span>
     <span class='ocr_line' id='line_1_65' title="bbox 434 2836 1741 2873; baseline -0.005 -5"><span class='ocrx_word' id='word_1_415' title='bbox 434 2842 578 2869; x_wconf 81' lang='lat' dir='ltr'>secundo.</span> <span class='ocrx_word' id='word_1_416' title='bbox 622 2839 665 2869; x_wconf 85' lang='lat'>33.</span> <span class='ocrx_word' id='word_1_417' title='bbox 680 2842 724 2868; x_wconf 91' lang='lat' dir='ltr'>A:</span> <span class='ocrx_word' id='word_1_418' title='bbox 740 2839 926 2867; x_wconf 82' lang='lat' dir='ltr'>sensibilem.</span> <span class='ocrx_word' id='word_1_419' title='bbox 970 2838 1016 2873; x_wconf 71' lang='lat'>34.</span> <span class='ocrx_word' id='word_1_420' title='bbox 1033 2839 1073 2866; x_wconf 87' lang='lat' dir='ltr'>C:</span> <span class='ocrx_word' id='word_1_421' title='bbox 1090 2838 1232 2866; x_wconf 70' lang='lat' dir='ltr'>Christus</span> <span class='ocrx_word' id='word_1_422' title='bbox 1247 2838 1327 2865; x_wconf 85' lang='lat' dir='ltr'>Luce</span> <span class='ocrx_word' id='word_1_423' title='bbox 1341 2838 1449 2865; x_wconf 85' lang='lat' dir='ltr'>ultimo</span> <span class='ocrx_word' id='word_1_424' title='bbox 1466 2841 1495 2864; x_wconf 88' lang='lat' dir='ltr'>ut</span> <span class='ocrx_word' id='word_1_425' title='bbox 1510 2837 1648 2871; x_wconf 82' lang='lat' dir='ltr'>habetur,</span> <span class='ocrx_word' id='word_1_426' title='bbox 1664 2836 1741 2863; x_wconf 81' lang='lat' dir='ltr'>licet.</span> 
     </span>
    </p>
   </div>
   <div class='ocr_carea' id='block_1_16' title="bbox 494 2892 1761 2954">
    <p class='ocr_par' dir='ltr' id='par_1_20' title="bbox 494 2892 1761 2954">
     <span class='ocr_line' id='line_1_66' title="bbox 494 2892 1761 2954; baseline -0.005 -11"><span class='ocrx_word' id='word_1_427' title='bbox 494 2912 524 2945; x_wconf 74' lang='lat'>6.</span> <span class='ocrx_word' id='word_1_428' title='bbox 535 2911 750 2954; x_wconf 72' lang='lat' dir='ltr'>Cf.WycliPs</span> <span class='ocrx_word' id='word_1_429' title='bbox 760 2911 925 2942; x_wconf 82' lang='lat' dir='ltr'>Sermons</span> <span class='ocrx_word' id='word_1_430' title='bbox 935 2911 988 2942; x_wconf 88' lang='lat' dir='ltr'>ed.</span> <span class='ocrx_word' id='word_1_431' title='bbox 999 2910 1043 2953; x_wconf 88' lang='lat' dir='ltr'>by</span> <span class='ocrx_word' id='word_1_432' title='bbox 1053 2910 1184 2941; x_wconf 86' lang='lat' dir='ltr'>Arnold</span> <span class='ocrx_word' id='word_1_433' title='bbox 1195 2909 1218 2950; x_wconf 78' lang='grc' dir='ltr'>Ι,</span> <span class='ocrx_word' id='word_1_434' title='bbox 1232 2908 1305 2950; x_wconf 81' lang='lat'>134.</span> <span class='ocrx_word' id='word_1_435' title='bbox 1358 2908 1410 2949; x_wconf 84' lang='lat'>34.</span> <span class='ocrx_word' id='word_1_436' title='bbox 1425 2908 1540 2940; x_wconf 85' lang='lat' dir='ltr'>Lucae</span> <span class='ocrx_word' id='word_1_437' title='bbox 1551 2907 1672 2945; x_wconf 86' lang='lat' dir='ltr'>XXIV,</span> <span class='ocrx_word' id='word_1_438' title='bbox 1688 2905 1740 2947; x_wconf 73' lang='lat'>34.</span> <span class='ocrx_word' id='word_1_439' title='bbox 1758 2892 1761 2895; x_wconf 89' lang='lat'>.</span> 
     </span>
    </p>
   </div>
  </div>
 </body>
</html>
