2017 3353
143 328 218 364 174
717 326 942 358 JOHANNIS
963 325 1148 359 wvcmr
1167 327 1427 360 sERMONUM
1456 311 1606 371 [SERMO
1628 324 1738 353 XXVI.

210 444 240 466 10
262 438 337 471 seed,
423 431 533 468 sione
570 431 822 469 subditorum
862 434 910 469 ab
949 431 1153 469 invasione
1192 433 1295 470 hosti
1324 429 1328 487 l
1357 433 1383 469 li
1423 442 1459 470 et
1498 433 1665 470 tercium
1699 433 1739 469 in
1755 413 1836 491 {gg}

188 501 217 524 10
239 496 360 525 defend.
423 489 636 527 sanacione
659 490 807 526 subditi
830 490 1035 527 infirmati.
1060 492 1143 527 Hec
1166 500 1299 528 autem
1323 491 1398 528 tria
1422 501 1587 540 possunt
1610 492 1738 528 solum

210 555 337 583 tohu-al.
423 561 493 596 per
531 561 570 584 se
610 548 768 585 Christo
807 558 1048 597 competere.
1102 551 1202 585 Nam
1243 550 1350 586 solus
1384 549 1564 586 Christus
1598 562 1668 598 per
1700 562 1740 586 se

424 615 460 642 et
505 606 772 643 essencialiter
811 616 867 643 est
910 606 1121 655 scriptura,
1156 609 1203 643 de
1236 620 1314 656 qua
1344 609 1431 644 Joh.
1464 609 1532 654 XO,
1570 607 1634 654 35,
1670 607 1739 644 36:

423 664 509 700 Non
548 672 676 714 potest
718 665 818 701 solvi
858 665 1074 714 scriptura.-
1116 677 1225 714 quem
1257 673 1374 715 pater
1416 666 1668 716 sanctificavit
1706 667 1773 702 et5

153 729 346 773 1.Tl1ef00d
368 728 393 756 is
422 723 524 758 misit
555 723 590 758 in
623 723 818 758 mundum.
853 724 953 759 Cum
988 735 1081 771 ergo
1112 723 1242 759 solum
1280 723 1478 772 scriptura
1511 723 1559 760 sit
1592 736 1740 772 pascua

186 767 354 800 semitm-e,
422 779 654 828 spiritualis,
689 780 796 817 utilis
830 780 1012 817 fidelibus
1053 790 1090 817 et
1123 781 1306 828 salubris,
1341 791 1450 830 patet
1483 781 1613 830 prima
1647 794 1739 818 con-

423 838 562 875 clusio.
607 837 685 874 Alii
730 847 863 875 autem
916 840 1101 876 doctores
1153 848 1307 888 ponunt
1352 839 1408 876 sic
1458 852 1621 889 pascere
1670 841 1738 876 sed

422 897 551 933 solum
586 897 633 932 de
666 905 817 945 quanto
850 896 1049 945 scriptura
1082 896 1148 933 illa
1181 897 1435 946 participant.
1466 943 1474 950 ·

135 970 162 990 2.
183 961 251 1000 The
272 961 407 990 dest-nce.
481 955 624 1000 Quoad
648 956 867 991 secundum
893 964 1015 1003 patet,
1051 967 1141 991 cum
1166 955 1319 992 hostilis
1342 955 1494 993 invasio
1526 955 1575 992 sit
1608 956 1737 992 solum
1758 968 1797 989 10

177 997 365 1058 agfflxsitlilie
423 1025 493 1060 per
527 1025 567 1048 se
600 1012 845 1060 pertinenter
869 1012 1032 1059 diaboli,
1056 1012 1237 1049 Christus
1261 1022 1394 1050 autem
1418 1016 1523 1050 Deus
1557 1023 1593 1050 et
1616 1014 1738 1050 homo

423 1071 552 1106 solum
587 1083 657 1118 per
689 1083 729 1107 se
763 1071 882 1107 habet
913 1070 1016 1107 inter
1048 1071 1230 1108 homines
1254 1084 1372 1120 super
1395 1085 1533 1108 omnes
1557 1071 1738 1108 diabolos

423 1127 707 1176 principatum,
760 1138 869 1177 patet
916 1130 1024 1178 quod
1060 1129 1240 1166 Christus
1283 1130 1412 1167 solum
1456 1130 1558 1166 inter
1600 1142 1739 1166 omnes

423 1195 555 1234 potest
594 1199 663 1234 per
702 1199 742 1223 se
782 1187 993 1224 defendere
1032 1187 1167 1224 fideles
1200 1189 1248 1224 ab
1282 1187 1483 1225 hostiliter
1515 1187 1738 1225 invadente.

132 1253 157 1281 3.
180 1253 283 1293 clu-ist
303 1253 407 1280 healed
481 1246 529 1280 Et
561 1245 695 1293 quoad
719 1244 886 1281 tercium
911 1254 1032 1294 patet,
1068 1259 1157 1282 cum
1182 1247 1310 1282 solum
1337 1245 1517 1283 Christus
1545 1245 1593 1282 sit
1618 1247 1739 1282 homo
1759 1247 1795 1279 15

138 1289 340 1355 lffilffilffi‘jffffi
352 1289 407 1350 1¹³1*ss
423 1315 493 1350 per
526 1315 566 1339 se
599 1303 742 1339 tollens
773 1312 940 1351 peccata
964 1303 1115 1350 mundi,
1146 1317 1219 1340 nec
1243 1313 1299 1340 est
1322 1305 1481 1341 macula
1503 1305 1564 1341 vel
1587 1303 1739 1340 scabies

167 1354 175 1359 i
222 1352 301 1385 'list'-
424 1359 514 1397 huic
546 1360 748 1408 pertinens
785 1360 826 1397 in
858 1361 1058 1408 subiectis,
1099 1371 1207 1410 patet
1246 1363 1354 1411 quod
1391 1363 1520 1399 solum
1560 1361 1740 1398 Christus

422 1419 541 1455 habet
586 1431 656 1467 per
706 1432 746 1455 se
802 1418 989 1456 virtutem
1046 1420 1213 1456 sanandi
1268 1419 1448 1457 subditos
1500 1419 1737 1456 infirmatos.

423 1478 633 1513 Summum
679 1489 772 1525 ergo
816 1476 994 1514 officium
1039 1477 1205 1515 curandi
1250 1491 1295 1515 ac
1339 1477 1501 1515 iuvandi
1539 1478 1738 1515 subiectos

422 1534 524 1571 foret
568 1543 771 1583 pastorem
816 1535 991 1572 animam
1037 1549 1149 1572 suam
1195 1537 1255 1572 vel
1298 1535 1420 1572 vitam
1466 1549 1613 1584 ponere
1665 1548 1738 1584 pro
1755 1546 1798 1569 20

423 1592 623 1639 subiectis,
664 1594 772 1642 quod
811 1593 902 1630 licet
941 1593 1055 1630 multi
1095 1593 1237 1642 prelati
1275 1593 1452 1640 fecerint,
1493 1603 1627 1630 tamen
1659 1606 1739 1630 non

424 1663 494 1698 per
531 1664 571 1687 se
609 1652 675 1687 sed
716 1650 756 1687 in
788 1651 933 1688 virtute
966 1651 1085 1700 primi
1120 1651 1292 1700 pastoris
1325 1661 1362 1688 et
1394 1651 1547 1689 domini
1579 1653 1655 1688 hoc
1687 1652 1740 1687 fe-

137 1718 268 1745 Prolatos
285 1717 408 1756 nun-dp
425 1718 575 1746 cerunt.
610 1708 790 1745 Christus
823 1718 957 1746 autem
990 1710 1139 1746 habens
1173 1718 1413 1758 potestatem
1452 1709 1626 1758 ponendi
1659 1709 1741 1746 ani-

137 1753 185 1780 ¹¹¹⁶
202 1753 337 1822 ⁵²¹1¹1¹ffiplf5
353 1752 409 1779 ¹4¹³
425 1780 532 1803 mam
573 1779 685 1803 suam
725 1776 762 1803 et
800 1767 944 1804 iterum
984 1767 1167 1804 sumendi
1207 1781 1293 1805 eam
1328 1781 1398 1816 per
1429 1781 1469 1804 se
1502 1767 1634 1816 posuit
1667 1780 1740 1815 pro

425 1824 650 1861 christianis
682 1825 803 1862 vitam
838 1835 906 1862 aut
938 1825 1114 1862 animam
1141 1835 1177 1862 et
1201 1826 1442 1874 posteriores
1466 1839 1535 1862 sua
1558 1825 1740 1862 iuvaneia
1757 1827 1796 1858 25

424 1882 518 1919 satis
552 1882 741 1931 equivoce
773 1883 828 1920 sic
861 1884 1051 1920 fecerunt.
1086 1886 1134 1920 Et
1167 1884 1260 1933 quia
1293 1884 1572 1932 oppositorum
1600 1885 1739 1920 eadem

424 1950 480 1977 est
521 1941 744 1989 disciplina,
791 1941 1062 1978 mercenarius
1107 1951 1239 1978 autem
1281 1941 1550 1979 contrariatur
1589 1941 1739 1989 pastori

423 1998 666 2045 huiusmodi,
701 1999 791 2036 ideo
824 1999 1026 2048 subiungit
1050 2000 1327 2037 condicionem
1352 1999 1608 2037 mercenarii:
1632 2000 1739 2035 Mer-

423 2057 613 2104 cennrius,
657 2057 798 2106 inquit,
844 2065 879 2094 et
917 2058 981 2106 qui
1016 2071 1087 2094 non
1127 2066 1182 2094 est
1214 2066 1365 2108 pastor,
1404 2058 1510 2094 cuius
1550 2070 1621 2093 non
1654 2064 1741 2093 sunt

424 2128 511 2151 oves
550 2116 726 2165 proprie,
761 2116 860 2151 videt
903 2116 1033 2165 lupum
1080 2116 1285 2152 venientem
1322 2123 1357 2152 et
1396 2116 1549 2151 dimittit
1587 2128 1674 2151 oves
1705 2122 1741 2151 et
1757 2116 1798 2148 30

413 2173 539 2223 fugit.
590 2176 690 2210 Nam
725 2173 995 2210 mercenarius
1028 2175 1077 2210 ad
1110 2174 1266 2210 literam
1302 2183 1358 2210 est
1390 2173 1454 2210 ille
1488 2173 1554 2222 qui
1590 2175 1738 2209 bonum

425 2243 497 2278 pro
544 2232 725 2267 mercede
769 2232 981 2279 temporali
1026 2231 1224 2268 ministrat
1261 2231 1318 2268 illi
1357 2231 1467 2268 cuius
1506 2240 1597 2267 sunt
1635 2232 1739 2267 bona

425 2288 589 2336 propria
621 2291 689 2325 sed
723 2302 744 2325 a
778 2289 1026 2326 mercenario
1059 2289 1201 2326 aliena.
1246 2292 1300 2325 Ex
1333 2303 1411 2338 quo
1443 2289 1599 2326 videtur
1632 2289 1739 2337 quod

425 2359 563 2382 omnes
588 2356 767 2395 pastores
791 2347 857 2396 qui
881 2360 961 2383 non
979 2348 1147 2383 induunt
1163 2347 1519 2384 dominumJesum
1536 2346 1736 2383 Christum

426 2413 462 2440 et
486 2405 613 2440 solum
639 2418 711 2453 pro
736 2407 886 2442 honore
909 2405 1032 2454 ipsius
1052 2406 1110 2442 vel
1128 2407 1267 2442 saltem
1293 2405 1567 2453 principaliter
1590 2404 1738 2441 faciunt
1755 2405 1795 2438 35

426 2463 626 2510 pastorale
665 2463 857 2510 officium,
898 2473 988 2500 sunt
1022 2463 1109 2500 falsi
1143 2463 1392 2509 mercenarii,
1432 2476 1513 2500 non
1544 2471 1737 2512 pastores.

498 2652 516 2670 1.
540 2643 561 2670 I}
582 2643 610 2670 in
632 2650 746 2677 marga
769 2651 793 2670 2.
850 2651 875 2670 2.
898 2643 919 2670 B
941 2644 969 2671 in
992 2651 1105 2678 maur:
1126 2642 1152 2671 3.
1207 2652 1236 2678 4.
1258 2644 1302 2671 A:
1322 2643 1390 2671 Joh.
1412 2643 1462 2671 XI.
1521 2643 1545 2671 5.
1567 2643 1606 2671 C:
1629 2643 1739 2670 saneti-

428 2679 505 2705 ficut.
556 2678 583 2705 ὅ.
605 2678 633 2705 Α
653 2677 681 2704 in
704 2686 818 2712 marg:
840 2686 872 2712 23
894 2678 933 2705 ib.
957 2678 996 2705 C:
1019 2683 1149 2713 possunt
1170 2678 1223 2706 sic.
1276 2687 1316 2705 10.
1337 2679 1381 2705 A:
1403 2687 1471 2705 cnm
1494 2678 1586 2705 deest.
1638 2687 1671 2705 11.
1694 2679 1737 2705 A:

428 2721 557 2747 persone
575 2712 769 2750 pertinenter.
827 2712 864 2739 13.
886 2713 956 2739 AB:
978 2722 1037 2739 non
1061 2714 1178 2745 solnm:
1208 2713 1248 2740 ib.
1269 2714 1313 2740 A:
1334 2713 1411 2753 inter
1427 2717 1575 2750 past-ores.
1633 2721 1673 2747 ¹4·
1694 2713 1737 2739 A:

428 2756 497 2782 per:
519 2752 657 2781 seqnnnr
677 2747 802 2776 lacuna:
824 2756 853 2773 se
875 2747 968 2774 deest.
1061 2748 1098 2775 15.
1120 2749 1147 2775 A
1168 2748 1196 2774 in
1219 2756 1332 2782 marg:
1353 2746 1378 2774 3.
1471 2750 1512 2774 10.
1536 2747 1575 2774 C:
1597 2747 1654 2774 alia
1675 2755 1737 2773 ma-

429 2782 505 2808 cula.
552 2790 590 2816 ¹7-
612 2783 655 2808 A:
678 2781 747 2808 huic
769 2782 857 2816 parti.
907 2790 953 2809 20.
976 2783 1018 2809 A:
1041 2782 1173 2809 animani
1197 2783 1239 2808 vel
1264 2782 1355 2809 vitam
1378 2790 1475 2809 snam.
1523 2789 1562 2809 21.
1584 2782 1628 2809 A:
1650 2781 1736 2808 multi

428 2817 528 2850 deest;
556 2817 596 2843 ib.
620 2816 660 2842 C:
681 2816 826 2843 fecerunt.
912 2824 955 2843 22.
980 2817 1044 2844 BC:
1067 2816 1118 2843 sed
1142 2825 1245 2852 perse
1266 2816 1410 2852 pastoris.
1496 2824 1542 2849 24.
1565 2817 1610 2843 A:
1633 2824 1686 2851 per
1707 2824 1738 2842 se

427 2851 521 2878 deest.
636 2850 678 2877 25.
701 2849 740 2877 C:
762 2855 793 2877 ut
813 2851 959 2878 animani.
1067 2851 1114 2878 26.
1135 2852 1178 2878 A:
1200 2851 1237 2878 Et
1257 2851 1318 2886 qui.
1426 2851 1470 2878 28.
1493 2851 1536 2878 A:
1558 2850 1626 2877 ideo
1647 2858 1736 2877 nunc.

427 2886 471 2914 28,
494 2893 540 2920 25).
562 2886 589 2912 A
610 2885 639 2911 in
662 2893 774 2912 mar0.:
795 2885 1012 2913 Mereenarins.
1086 2893 1132 2921 29.
1154 2886 1197 2913 A:
1219 2885 1266 2912 cni
1287 2893 1359 2912 non.
1431 2884 1478 2920 30,
1493 2884 1532 2912 31.
1553 2886 1598 2912 A:
1619 2893 1738 2911 oves—

427 2920 502 2955 sngit
523 2920 616 2946 deest.
724 2904 763 2948 ξι.
785 2921 828 2947 A:
855 2920 905 2955 qui
927 2920 1044 2951 solum:
1068 2920 1106 2947 ib.
1130 2920 1151 2947 15
1172 2920 1201 2947 in
1223 2928 1336 2955 marg:
1363 2919 1569 2947 Mercenarius
1593 2919 1661 2955 quis
1681 2923 1735 2946 est.

426 2953 469 2981 33.
491 2955 519 2981 A
539 2954 568 2981 in
590 2962 703 2989 marg:
726 2963 746 2982 1.
819 2954 866 2989 34.
887 2955 931 2982 A:
953 2954 1111 2982 inducunt.
