2017 3353
191 275 272 310 412

545 375 604 403 uod
626 376 729 404 omnis
749 376 910 411 utriusque
931 385 1022 416 sextis

556 419 593 439 oc
628 415 855 440 sacramentum
892 416 1023 448 accipiat

187 377 337 407 Statuicio
365 375 496 404 heretica

222 413 314 440 semel
356 412 387 440 in
422 419 503 439 anno

223 448 281 481 165,
304 448 367 475 166.

188 482 370 517 Eucaristia,
392 481 462 509 vide
482 482 567 510 Sacr.
588 481 714 509 Altaris.

187 518 244 545 Vir
264 517 457 556 evangelicus
476 516 664 544 formidatur
683 515 743 551 375.

186 552 360 588 Evangelici
389 551 446 579 viri
476 551 588 579 debent
615 551 701 586 sequi
731 550 889 579 Christum
923 556 950 579 et
971 551 1021 578 de-

221 592 322 623 tegere
343 591 466 622 peccata
487 587 594 625 populi
615 586 674 614 281.

186 621 380 658 Evangeliste
412 629 594 657 precipuum
627 629 706 657 opus
736 621 814 649 foret
843 625 940 648 sectas
970 621 1020 648 de-

221 661 338 684 struere
358 664 386 690 17
413 677 419 683 .

186 663 437 728 Evangelizanfies
460 696 530 718 sunt
552 691 792 718 instrumentum
816 690 931 718 Christi
961 698 1018 725 217.

186 725 451 762 Evangelizacioni
472 726 555 753 Deus
575 726 692 753 assistit
712 734 766 753 iio.

184 761 300 789 Totum
321 761 512 796 evangelium
529 765 573 788 est
588 760 818 796 infringibiliter
832 768 938 787 verum
959 760 1018 788 218.

186 795 481 824 Excommunicacio
501 803 565 822 202.

185 831 272 893 Cur3i18
294 830 569 893 ex3communicatis
598 830 667 858 licet
695 830 926 858 communicare
955 829 1017 866 237,

219 873 234 892 2
305 873 320 892 2
341 873 368 896 o.

186 888 332 936 Quinc⁷1ue
342 897 450 928 'exitus
471 900 703 935 patrisfamilias
726 908 780 927 101.

184 935 320 963 Exorare
342 943 397 971 pro
418 935 564 962 omnibus
585 934 643 962 281.

184 970 326 1006 Expense
341 969 494 1005 superflue
508 971 577 1005 (pro
589 969 748 1005 fratribus)
764 969 923 998 debilitant
939 978 1018 998 rem—

222 1005 378 1040 publicam
399 1003 461 1032 303.

581 1079 622 1110 F.

185 1146 293 1174 Febris
314 1145 387 1182 quid
409 1145 509 1180 signat
528 1143 595 1176 340.

185 1181 314 1216 Triplex
333 1180 428 1209 t'ebris
449 1179 516 1214 349,
538 1176 599 1208 350.

185 1216 353 1252 Quomodo
378 1215 473 1243 febris
499 1215 544 1242 vel
572 1215 630 1242 alia
656 1215 826 1250 spiritualis
854 1215 1017 1243 infirmitas

220 1250 385 1278 remittitur
406 1249 464 1278 352.

183 1287 228 1314 De
248 1285 305 1313 tide
325 1285 388 1315 328.
410 1284 475 1319 329,
497 1282 565 1317 340,
587 1283 650 1317 343.

181 1321 273 1350 Fides
294 1325 338 1348 est
358 1319 594 1348 fundamentum
616 1320 652 1347 ad
674 1319 827 1356 agendum
847 1320 1018 1348 virtualiter

180 1365 272 1420 Fides
290 1364 540 1453 {iiii-damentum
574 1389 714 1417 omnium
753 1390 882 1418 aliarum
921 1390 1017 1418 virtu-

216 1432 279 1453 tUss]
322 1434 349 1456 O.

180 1461 272 1500 Fid-es
293 1460 371 1488 inter
394 1468 503 1487 omnes
522 1459 651 1487 virtutes
671 1464 717 1487 est
736 1460 854 1487 cunctis
876 1461 1017 1487 substan-

216 1504 262 1523 cia
284 1503 337 1523 117.

182 1531 274 1573 Fides
295 1534 340 1557 est
361 1529 516 1557 viantibus
538 1538 658 1558 summe
679 1529 852 1557 necessaria
873 1528 935 1559 338.
952 1528 1015 1565 339.

217 1574 284 1597 340.

183 1600 269 1628 Fidei
291 1600 425 1627 efficacia
445 1599 493 1628 88.
515 1607 564 1634 90.

187 1636 228 1662 De
248 1634 355 1670 viginti
378 1634 514 1662 articulis
535 1634 603 1661 fidei
624 1633 781 1669 293—296.

186 1670 316 1698 Articuli
348 1669 416 1697 tidei
447 1669 483 1697 de
511 1669 635 1697 Christo
666 1674 737 1696 sunt
765 1669 927 1697 efficaciter
954 1677 1017 1697 cre-

221 1704 313 1732 dendi
334 1703 396 1734 350.

185 1739 314 1775 Triplex
342 1739 427 1769 fides,
459 1739 573 1767 scilicet
602 1747 670 1775 que,
701 1747 761 1774 qua
787 1743 815 1766 et
844 1747 898 1774 per
924 1747 1016 1774 quam

220 1774 381 1802 ordinatur
400 1775 468 1809 296.
490 1781 555 1809 297.

184 1810 313 1837 Scutuni
335 1809 402 1836 fidei
426 1817 490 1844 297.

184 1844 269 1872 Fidei
289 1848 418 1906 Sscutum
446 1852 526 1871 nunc
556 1848 739 1878 attenuatur,
770 1851 851 1870 nunc
881 1843 1018 1879 perfora-

220 1884 269 1906 tur
309 1886 337 1907 Ο.

186 1913 384 1949 Impossibile
405 1918 450 1940 est
470 1913 629 1941 hominem
650 1913 786 1940 incidere
807 1913 837 1940 in
858 1917 1016 1948 peccatum

219 1948 277 1975 nisi
299 1948 436 1975 defectus
456 1948 524 1976 fidei
547 1948 585 1975 sit
604 1949 634 1975 in
660 1956 752 1975 causa
773 1946 833 1975 358.

186 1983 271 2011 Fidei
291 1987 320 2010 et
340 1983 404 2018 spei
426 1988 511 2011 actus
533 1988 603 2010 sunt
623 1982 758 2017 disparis
779 1982 890 2017 speciei
911 1982 958 2009 80.

186 2018 277 2046 Fides
298 2022 343 2045 est
362 2022 423 2045 tani
445 2018 481 2045 de
503 2017 592 2045 bouis
613 2026 705 2053 quam
727 2017 763 2044 de
784 2017 873 2044 malis
894 2025 1017 2052 presen-

219 2053 312 2082 tibus,
334 2053 487 2086 preteritis
507 2058 535 2080 et
554 2053 666 2080 futuris
686 2051 733 2079 86.

184 2088 301 2115 Lumen
329 2087 397 2114 tidei
424 2088 582 2123 quomodo
610 2096 640 2114 se
661 2087 751 2114 habet
770 2087 806 2114 ad
828 2086 1017 2114 evidenciam

218 2122 249 2149 in
270 2122 386 2149 lumine
407 2123 535 2149 naturali
560 2131 609 2150 170
624 2129 705 2155 —172.

185 2157 267 2185 Satis
287 2161 332 2183 est
353 2157 492 2184 fidelibus
513 2157 672 2184 Christum
700 2156 867 2184 secundum
890 2157 1018 2183 virtutes

219 2191 408 2226 theologicas
441 2192 548 2218 devote
582 2192 724 2221 recolere.
758 2192 827 2218 licet
859 2199 1016 2226 nunquam

219 2226 353 2253 viderint
373 2226 530 2253 basilicam
553 2235 607 2253 nec
622 2231 812 2254 sacramenta
828 2234 908 2253 nunc
923 2226 1018 2253 intro-

219 2261 309 2288 ducta
330 2261 387 2289 165.

184 2295 262 2324 Filia
293 2295 323 2322 in
362 2295 456 2323 domo
495 2301 615 2323 mortua
654 2301 812 2331 peecatum
851 2297 948 2323 latens
987 2296 1015 2323 iii

220 2330 312 2357 corde
333 2329 397 2365 367.

186 2366 289 2404 Quare
311 2365 409 2392 solum
432 2365 511 2392 filius
531 2365 587 2392 fuit
608 2365 784 2392 incarnatus
805 2364 871 2397 32¹3-

184 2399 322 2427 Fimbria
343 2399 458 2427 Christi
479 2399 652 2427 vestimenti
675 2399 747 2434 quid
771 2400 869 2435 signat
890 2399 955 2427 ⁴300.

185 2434 270 2462 Finis
295 2439 341 2461 est
367 2435 486 2469 primus
513 2434 544 2462 in
572 2434 745 2462 intencione
773 2440 801 2462 et
830 2435 958 2462 ultimus
986 2435 1016 2462 iu

218 2469 401 2496 execucione
421 2469 487 2503 298.

186 2504 288 2531 Fletus
308 2503 549 2539 dampnatorum
572 2504 670 2540 qualis
691 2503 747 2530 erit
768 2503 811 2530 82.

182 2538 365 2566 Fornicacio
386 2539 445 2573 145,
469 2539 532 2572 146.

183 2572 365 2600 Fornicacio
385 2573 495 2609 triplex
516 2581 573 2608 127.

184 2607 307 2635 Fratres
327 2607 357 2634 in
378 2607 436 2635 fide
456 2608 600 2636 vacillant
619 2606 667 2639 88.
689 2608 736 2642 So.

183 2641 307 2670 Fratres
326 2643 466 2670 laborare
487 2643 617 2670 debeant
637 2643 780 2670 manibus
803 2651 863 2674 101.

183 2693 216 2697 ,-
238 2676 359 2712 rapiunt
379 2678 562 2712 temporalia
581 2686 644 2709 104.
666 2676 720 2706 153.
743 2677 800 2710 154.

183 2727 218 2732 -—
240 2711 352 2739 domus
373 2717 506 2740 secretas
526 2716 686 2748 penetrant
699 2711 771 2746 280.

182 2761 217 2766 -
237 2745 346 2784 odiunt
364 2747 446 2781 quod
467 2747 498 2774 in
518 2747 624 2774 eadem
639 2746 759 2774 civitate
775 2746 1015 2782 multiplicentur

220 2780 345 2808 ordines
364 2781 575 2809 Mendicantes
595 2781 659 2815 289.

182 2831 217 2836 -
236 2815 403 2843 introducti
418 2816 530 2843 habent
544 2816 698 2843 racionem
714 2815 856 2851 superbie
871 2815 934 2848 288,
947 2816 1012 2850 289.

181 2865 217 2872 -
237 2850 368 2884 allegant
392 2850 474 2885 quod
502 2859 563 2879 non
590 2855 661 2878 sunt
687 2855 814 2886 propter
839 2858 875 2877 ne
901 2849 1011 2878 uiciam

220 2884 312 2912 unius
332 2884 439 2912 discoli
461 2884 497 2913 de
513 2894 568 2913 suo
582 2885 689 2912 ordine
704 2885 850 2921 puniendi
867 2884 881 2912 3
905 2884 929 2921 3,
945 2884 1010 2918 384.

868 272 1020 304 GENER
1030 273 1085 304 AL
1108 273 1258 305 INDEX.

1095 376 1218 405 Fratres
1239 382 1358 413 partem
1377 377 1561 405 Antichristi
1583 381 1684 405 tenent
1705 384 1769 410 274-

1094 427 1129 432 --
1148 412 1323 448 spirituales
1343 412 1503 448 quomodo
1523 412 1672 440 debemus
1692 412 1847 440 honorare
1872 418 1926 440 112.

1094 447 1238 475 Fratrum
1258 446 1421 475 excusacio
1440 446 1470 474 in
1492 447 1625 483 peccatis
1644 455 1695 481 40.

1093 482 1237 510 Fratrum
1258 481 1364 517 religio
1385 486 1445 509 stat
1464 481 1493 509 in
1515 481 1653 509 vestibus
1673 486 1728 509 etc.
1743 482 1784 510 55.

1094 517 1217 545 Fratres
1238 517 1395 552 simplices
1415 516 1574 552 predicare
1594 516 1797 552 prohibentur
1817 516 1882 551 289.

1093 552 1216 579 Fratres
1237 551 1395 588 simplices
1416 551 1480 578 sine
1500 556 1610 588 questu
1636 552 1682 579 vel
1708 551 1810 588 forma
1835 560 1925 579 evan-

1129 587 1242 622 gelium
1264 586 1426 621 predicant
1444 586 1510 621 289.

1093 621 1217 649 Fratres
1238 621 1319 656 (vide
1340 625 1369 649 et
1388 620 1548 656 Pharisei).

1092 657 1195 684 Fucus
1215 661 1335 684 astutus
1363 655 1436 694 cleri
1462 664 1524 692 quo
1550 655 1726 684 dominium
1753 656 1812 684 sibi
1839 665 1927 684 usur-

1129 696 1203 726 pant
1222 691 1253 719 in
1273 690 1499 726 temporalibus
1520 691 1575 719 56.

1092 727 1285 788 Ar3gum3enta
1294 729 1412 788 3co3ntra
1432 725 1638 754 fraternitates
1664 730 1692 754 et
1712 730 1810 754 sectas
1830 734 1926 754 novas

1145 769 1186 792 01,
1226 768 1261 788 02
1312 769 1330 788 0
1352 782 1357 787 .

1093 795 1136 823 oe
1155 783 1395 823 fundacionibus
1416 795 1570 831 388—393.

1093 830 1445 893 Contra3fgmdacionem
1472 831 1668 867 cellegiorum
1696 836 1724 859 et
1750 831 1924 867 privilegio-

1128 874 1196 893 rum
1278 887 1284 893 .

1091 873 1309 928 Fundacio9in
1338 900 1403 936 lege
1431 901 1579 940 evangelii
1609 900 1746 929 intendat
1774 901 1924 930 honorem

1126 935 1181 962 Dei
1202 943 1263 962 non
1283 935 1398 963 famam
1419 943 1580 971 propriam
1600 934 1663 971 392.

1091 969 1200 998 Furari
1222 968 1360 997 130—131.

1091 1004 1200 1033 Furari
1221 1004 1382 1041 tripliciter
1401 1004 1551 1040 contingit
1571 1003 1622 1033 131.

1487 1077 1531 1110 G.

1091 1146 1151 1175 Sex
1170 1153 1280 1181 genera
1301 1153 1472 1172 consensus
1492 1144 1685 1172 declarantur
1704 1143 1851 1177 321—324.

1090 1180 1170 1208 Tota
1189 1179 1350 1215 generacio
1370 1179 1506 1207 hominis
1526 1183 1572 1206 est
1591 1187 1651 1206 una
1671 1188 1804 1214 persona
1823 1179 1888 1215 367.

1092 1215 1230 1243 Gloriam
1244 1223 1330 1242 suam
1343 1214 1521 1249 redemptor
1530 1218 1703 1241 nosternon
1738 1214 1847 1242 uesivit
1859 1223 1922 1250 149·

1092 1250 1174 1312 grele-t
1194 1249 1322 1292 Christi,
1343 1257 1416 1285 grex
1435 1248 1619 1276 Aiitichristi
1640 1247 1707 1284 396.
1747 1256 1794 1284 97.

1122 1294 1140 1312 u
1155 1293 1171 1312 a
1190 1292 1219 1315 0,
1241 1292 1298 1312 21).

1089 1320 1134 1347 De
1154 1317 1224 1355 gula
1245 1319 1387 1347 diabolus
1407 1318 1568 1354 temptavit
1587 1317 1746 1346 Christum
1768 1325 1823 1346 122.

1092 1354 1200 1382 Gulosi
1221 1362 1270 1389 90,
1292 1362 1333 1383 01.
1355 1361 1500 1387 212-——214.

1091 1389 1201 1417 Gracie
1221 1388 1380 1425 plenitudo
1403 1396 1462 1422 147.

1091 1424 1302 1452 Grammatica
1323 1423 1495 1451 necessaria
1515 1422 1668 1458 theologis
1689 1429 1755 1457 209.

1091 1459 1209 1487 Gustus
1229 1457 1286 1495 213,
1308 1466 1367 1492 214.

1484 1531 1536 1563 H.

1088 1599 1192 1627 Homo
1212 1598 1339 1626 interior
1358 1597 1494 1634 loquitur
1513 1597 1578 1624 Deo
1605 1597 1773 1624 seeundum
1802 1601 1920 1624 motum

1124 1633 1316 1661 consciencie
1336 1631 1398 1666 365,
1420 1631 1487 1660 366⁴

1090 1669 1202 1696 Omnis
1228 1669 1323 1696 homo
1349 1667 1556 1695 essencialiter
1582 1672 1627 1694 est
1647 1675 1754 1694 servus
1775 1666 1826 1693 sed
1848 1674 1919 1694 cou-

1124 1703 1275 1743 tingenter
1295 1702 1441 1730 dominus
1462 1701 1524 1730 263.

1090 1738 1234 1766 Hominis
1272 1738 1377 1766 hostes
1414 1742 1486 1771 tres,

1125 1782 1196 1800 caro
1217 1780 1278 1808 107.

1089 1808 1240 1835 Homines
1261 1806 1468 1834 diversimode
1490 1806 1700 1834 beatificantur
1720 1805 1784 1840 298.

1090 1843 1229 1905 3111111301
1249 1843 1343 1869 homo
1364 1841 1487 1869 cuilibet
1508 1846 1552 1868 est
1572 1841 1733 1876 proximus
1754 1848 1820 1875 299.

1121 1877 1302 1905 omicidium
1323 1883 1350 1911 9.

1089 1912 1302 1940 Homicidium
1323 1911 1433 1947 triplex
1455 1918 1510 1945 119,
1533 1918 1590 1938 120.

1090 1946 1301 1975 Homicidium
1323 1954 1429 1973 cavere
1449 1945 1632 1973 instruimur
1653 1944 1705 1972 118.

1089 1981 1290 2017 Hospitalarii
1311 1981 1384 2016 quid
1405 1980 1523 2008 fraudis
1544 1979 1659 2007 faciunt
1679 1978 1745 2013 403.

1091 2018 1133 2044 De
1153 2016 1255 2044 hostia
1276 2021 1453 2043 consecrata
1474 2022 1516 2045 oi,
1538 2022 1583 2049 02.

1090 2052 1238 2087 Exempla
1258 2050 1501 2078 manuducencia
1521 2049 1558 2077 ad
1579 2049 1800 2085 humanitatem
1820 2047 1884 2084 287.

1090 2086 1275 2114 Humanitas
1295 2085 1411 2113 Christi
1432 2090 1477 2112 est
1497 2084 1607 2119 mulier
1630 2082 1686 2111 183.

1089 2121 1275 2148 Humanitas
1295 2125 1391 2147 mater
1410 2119 1558 2147 virtutum
1579 2118 1643 2145 288.

1089 2155 1280 2183 Humilitatis
1300 2159 1362 2182 tres
1382 2154 1495 2189 gradus
1515 2154 1559 2182 58.
1580 2153 1624 2188 59.

1090 2191 1133 2218 De
1154 2190 1262 2217 humili
1283 2189 1425 2216 oracione
1446 2188 1511 2216 286.
1533 2188 1596 2222 287.
1874 2220 1879 2224 ¹

1092 2225 1174 2261 Quid
1209 2224 1359 2260 significat
1390 2222 1581 2259 hydropicus
1611 2226 1638 2249 et
1668 2230 1726 2257 que
1755 2226 1825 2248 sunt
1855 2229 1920 2248 eius

1126 2259 1329 2295 proprietates
1349 2256 1409 2292 323,
1431 2257 1495 2289 324,

1090 2294 1296 2329 Proprietates
1316 2292 1559 2329 hydropicorum
1581 2290 1642 2319 328.
1771 2325 1776 2328 1

1090 2328 1274 2364 vaocrisis
1294 2332 1339 2355 est
1359 2327 1529 2354 maximum
1551 2326 1721 2365 periculum
1743 2325 1805 2363 205:
1827 2359 1833 2362 ι

1091 2361 1274 2398 H‘vpocrisis
1295 2366 1452 2397 peccatum
1474 2360 1693 2397 grax‘issimum
1715 2358 1778 2398 3625.
1794 2358 1866 2397 ⁶304.
1911 2392 1917 2397 ,

1090 2396 1259 2433 Ηγροοπίῖε
1279 2401 1477 2432 comparatur
1499 2396 1603 2430 simee,
1631 2395 1833 2429 sterquilinio,
1854 2402 1918 2420 vasi

1120 2430 1263 2466 sordido,
1292 2431 1392 2467 cigno.
1421 2430 1598 2465 struthioni,
1625 2430 1698 2464 lupo
1726 2429 1803 2464 pelle
1828 2427 1920 2456 ovina

1125 2467 1243 2502 indum,
1265 2465 1420 2502 arundini,
1440 2465 1538 2501 vulpi.

1492 2540 1520 2570 1.

1086 2607 1239 2634 Jactaiicia
1254 2607 1382 2634 fratrum
1405 2605 1441 2633 de
1462 2604 1652 2640 perfeccione
1672 2602 1790 2630 ordinis
1806 2601 1852 2629 sui
1872 2600 1916 2629 28.

1087 2642 1244 2669 idolorum
1267 2641 1398 2668 servitus
1418 2648 1461 2675 91.

1090 2677 1132 2703 De
1152 2676 1266 2704 ieiunio
1286 2676 1330 2703 56.

1087 2711 1238 2738 Ieiunium
1261 2710 1375 2738 Christi
1398 2717 1457 2738 120.
1480 2716 1534 2736 122.
1875 2739 1880 2744 .

1086 2746 1207 2773 Jericho
1226 2745 1299 2781 quid
1322 2744 1473 2780 significat
1493 2742 1664 2770 secundum
1686 2741 1917 2776 interpretaCio-

1122 2788 1190 2807 nem
1213 2785 1268 2807 iio.

1084 2815 1172 2842 Jesus
1187 2813 1345 2850 quomodo
1359 2813 1579 2848 interpretatur
1593 2812 1651 2839 hoc
1666 2818 1777 2838 nomen
1798 2806 1914 2844 37—39.

1083 2849 1172 2877 Jesus
1200 2857 1256 2876 cur
1284 2848 1320 2875 ad
1355 2846 1603 2885 predicacionem
1632 2853 1720 2872 suam
1746 2848 1790 2871 tot
1818 2850 1915 2870 sacer·
2004 2852 2017 2881 ‘⁴

1118 2884 1205 2911 dotes
1225 2888 1280 2910 etc.
1302 2903 1307 2909 .
1325 2903 1331 2909 .
1349 2904 1355 2909 .
1376 2886 1447 2909 sunt
1466 2889 1602 2917 perversi
1620 2888 1672 2913 4ο.

1526 1736 1671 1766 mundus,
1711 1736 1854 1764 diabolus
1892 1740 1919 1763 et
