2017 3353
204 271 281 307 302
788 279 1011 311 JOHANNIS
1034 279 1216 310 WYCLIF
1236 278 1491 311 SERMONUM
1534 264 1686 323 [SERMO
1707 275 1799 303 Κιν-

257 391 305 419 Το
327 392 415 418 make
546 388 656 431 Item,
697 385 877 422 Christus
911 387 1016 421 Deus
1055 394 1190 421 noster
1229 384 1349 432 ligam
1390 392 1426 420 et
1464 385 1591 432 legem
1630 383 1803 420 instituit

199 427 472 489 1112‘}ss⁰g{f1¹1sltagij
488 456 561 491 pro
595 415 926 480 confederacione
956 442 1186 479 dileccionis
1220 421 1273 479 ad
1304 455 1424 491 quam
1457 443 1588 478 nullus
1622 441 1803 478 chiistia-

241 497 429 532 blisphenn.
488 514 560 538 nus
605 501 645 537 in
691 501 930 538 auctoritate
968 501 1028 537 vel
1067 501 1245 537 efficacia
1284 509 1414 548 potest
1455 499 1662 548 attingere.
1697 501 1802 547 Ergo

489 549 761 608 presumptiva
799 558 1049 607 blasphemia
1089 567 1145 595 est
1185 558 1270 606 ipsa
1303 558 1527 606 postposita
1565 570 1712 594 novam
1744 557 1803 593 in-

490 619 647 654 ducere
681 618 942 680 Assumptum
967 625 1076 665 patet
1100 629 1170 665 per
1193 618 1268 652 hoc
1293 617 1400 665 quod
1424 628 1562 652 omnes
1596 614 1803 652 christiani
1820 615 1835 646 5

488 676 633 712 virtute
666 673 942 723 generacionis
975 673 1192 722 spiritualis
1224 676 1288 721 (de
1312 687 1389 722 qua
1411 673 1605 710 Johannis
1638 675 1690 720 10)
1723 685 1804 709 non

490 746 533 770 ex
565 733 825 781 sanguinibus
857 733 925 769 sed
958 745 1002 768 ex
1035 735 1118 769 Deo
1150 732 1234 769 nati
1267 741 1370 778 sunt,
1406 731 1476 768 filii
1501 731 1572 768 Dei
1605 740 1642 768 et
1668 740 1804 768 sancte

491 791 629 828 matris
675 790 853 836 ecclesie,
900 802 975 838 que
1021 790 1167 827 filiacio
1207 799 1264 827 est
1307 790 1509 826 infinitum
1554 789 1805 838 prestancior

490 862 610 898 quam
645 848 792 885 filiacio
825 847 999 885 hominis
1032 848 1237 885 naturalis.

547 906 728 944 Christus
761 906 887 943 eciam
912 905 1079 943 Matthei
1111 907 1200 943 XIIO
1224 905 1458 954 superaddit
1489 904 1554 942 isti
1586 905 1661 953 legi
1695 905 1804 954 quod
1824 914 1863 936 ¹0

490 965 620 1002 omnis
672 966 837 1002 credens
890 964 930 1001 in
981 964 1113 1013 ipsum
1165 973 1202 1001 et
1252 963 1401 1001 faciens
1443 964 1691 1000 voluntatem
1731 962 1803 999 Dei

491 1023 615 1072 patris
654 1032 712 1060 est
743 1035 837 1060 suus
870 1021 987 1069 filius,
1026 1022 1148 1059 frater
1180 1023 1315 1071 quoad
1347 1021 1546 1070 spiritum,
1586 1034 1658 1058 sua
1690 1033 1804 1058 soror

491 1083 625 1131 quoad
665 1093 826 1118 carnem
867 1093 944 1130 que
983 1089 1040 1117 est
1083 1089 1228 1117 natura
1266 1079 1444 1126 inferior,
1491 1088 1528 1116 et
1566 1087 1694 1116 mater
1733 1091 1805 1115 sua

490 1141 624 1189 quoad
662 1148 849 1177 naturam
889 1138 1171 1188 compositam.
1211 1139 1272 1175 Ad
1304 1147 1459 1174 tantam
1494 1150 1587 1186 ergo
1621 1137 1805 1174 confede-

490 1197 695 1235 racionem
747 1209 820 1234 nec
872 1206 1017 1234 natura
1070 1205 1203 1234 creata
1254 1208 1327 1233 nec
1377 1195 1585 1233 ordinacio
1630 1192 1862 1232 humana15

490 1264 621 1305 potest
660 1255 874 1304 attingere3
907 1268 989 1292 non
1030 1254 1287 1292 mediocriter
1325 1266 1418 1302 ergo
1451 1262 1592 1302 peccat
1624 1252 1692 1302 qui
1730 1253 1806 1289 hoc

492 1314 636 1351 maiori
670 1315 776 1351 bono
809 1313 1035 1362 postposito
1069 1313 1178 1361 eligit
1211 1312 1341 1349 minus
1375 1314 1538 1349 bonum.

225 1366 454 1437 kffssssffifflffigt
550 1374 661 1418 Item,
696 1385 740 1408 ex
772 1371 1078 1408 condicionibus
1102 1380 1139 1407 et
1163 1369 1293 1407 modis
1316 1370 1483 1407 istarum
1507 1369 1804 1406 fraternitatum

243 1438 434 1472 ofpcrsous.
494 1438 602 1478 patet
642 1442 779 1466 earum
817 1429 1016 1478 nequicia,
1058 1442 1149 1465 nam
1188 1429 1229 1465 in
1261 1428 1356 1477 ipsis
1394 1427 1715 1476 inseparabiliter
1747 1426 1805 1462 in-

495 1488 668 1524 cluditur
706 1488 894 1536 accepcio
934 1500 1211 1536 personarum,
1258 1486 1480 1523 excluditur
1518 1486 1694 1522 fraterna
1733 1484 1805 1520 Dei
1823 1492 1864 1513 20

495 1546 661 1583 dileccio
700 1547 921 1582 secundum
961 1545 1195 1594 dignitatem
1236 1557 1405 1593 persone
1438 1553 1475 1581 et
1513 1543 1679 1580 omnino
1712 1555 1806 1579 con-

493 1604 668 1653 spiratus
713 1613 854 1640 contra
899 1603 1099 1640 iusticiam
1144 1612 1187 1639 ut
1230 1603 1370 1639 fratres
1415 1602 1581 1638 istarum
1625 1600 1807 1638 fraterni-

493 1671 622 1699 tatum
656 1662 873 1698 defendunt
896 1661 1124 1698 differenter
1156 1673 1230 1709 pro
1263 1660 1350 1709 ligis
1383 1660 1462 1696 suis
1496 1659 1674 1696 iniurias.
1698 1658 1808 1695 Talis

495 1734 587 1768 ergo
621 1720 723 1756 foret
755 1719 990 1757 omnimode
1023 1720 1083 1756 lex
1114 1719 1264 1767 iniqua.

261 1785 348 1820 They
369 1792 418 1811 are
554 1780 759 1824 Quantum
783 1779 834 1814 ad
857 1777 1033 1826 primum
1057 1786 1166 1826 patet
1190 1778 1297 1825 quod
1332 1777 1453 1812 homo
1487 1774 1649 1812 alterius
1683 1773 1809 1822 gentis
1826 1772 1866 1805 25

205 1820 479 1889 oppocffiiritgltrut·
494 1837 554 1873 vel
594 1845 811 1882 contracte,
852 1836 944 1872 licet
989 1835 1146 1883 dignior
1185 1836 1291 1884 apud
1325 1837 1466 1879 Deum,
1513 1832 1734 1870 excluditur
1774 1840 1810 1868 et

494 1907 564 1943 per
603 1906 851 1943 consequens
890 1902 947 1930 est
987 1902 1176 1942 acceptor
1215 1905 1479 1941 personarum
1514 1900 1551 1928 et
1590 1903 1634 1927 ex
1666 1891 1806 1926 eodem

494 1952 673 2001 sequitur
697 1953 805 2000 quod
837 1965 919 1988 non
953 1951 1363 2000 proporcionabiliter
1386 1950 1564 1998 diligitur
1588 1949 1807 1985 secundum

495 2010 610 2047 istam
656 2010 949 2046 fraternitatem
994 2009 1213 2058 proximus,
1258 2018 1300 2045 ut
1340 2017 1396 2045 est
1435 2007 1561 2056 magis
1606 2005 1809 2054 diligibilis

495 2070 602 2116 apud
625 2070 767 2104 Deum.
801 2069 850 2104 Et
882 2068 938 2104 sic
971 2067 1045 2104 ista
1078 2067 1245 2104 dileccio
1276 2075 1332 2103 est
1362 2064 1660 2114 dampnabilior
1688 2076 1808 2112 quam
1826 2061 1869 2093 30

496 2126 667 2163 carnalis
708 2125 889 2172 dileccio,
936 2138 1026 2162 cum
1065 2125 1152 2174 ipsa
1192 2126 1336 2161 habeat
1381 2123 1558 2172 aliquam
1603 2121 1808 2158 racionem

496 2183 778 2230 excusacionis,
805 2197 925 2233 quam
960 2184 1035 2220 ista
1058 2183 1272 2220 adinventa
1304 2195 1385 2219 non
1418 2182 1549 2217 habet.
1595 2182 1643 2216 Et
1676 2180 1809 2228 quoad

495 2242 664 2278 tercium
697 2251 806 2290 patet
840 2243 947 2291 quod
980 2250 1085 2278 secte
1117 2241 1257 2277 talium
1291 2239 1588 2276 fraternitatum
1621 2250 1701 2274 non
1725 2246 1810 2273 tan-

495 2309 580 2336 tum
626 2299 905 2336 illuminantur
949 2312 970 2336 a
1015 2302 1098 2336 Deo
1143 2299 1239 2347 quin
1283 2310 1375 2347 sepe
1426 2310 1500 2346 pro
1553 2308 1690 2332 amore
1735 2294 1810 2330 isto

496 2370 634 2394 amore
667 2357 817 2394 carnali
851 2357 977 2406 magis
1017 2366 1204 2393 extraneo
1240 2356 1455 2392 defendant
1487 2367 1561 2403 pro
1594 2362 1708 2402 parte
1740 2365 1810 2388 sua
1826 2351 1867 2385 35

496 2415 662 2452 iniurias
708 2424 745 2451 et
789 2415 980 2451 suscitent
1025 2414 1290 2452 contumelias
1334 2414 1438 2450 inter
1481 2421 1630 2461 gentes.
1666 2412 1809 2458 Sump-

496 2482 613 2510 tuosa
650 2485 756 2521 ergo,
802 2473 1050 2509 infructuosa
1095 2482 1131 2509 et
1175 2471 1377 2520 superflua
1422 2479 1478 2508 est
1522 2469 1612 2507 talis
1649 2468 1727 2517 liga
1767 2480 1810 2504 ex

497 2544 574 2580 qua
608 2539 840 2579 contempta
872 2531 944 2566 Dei
977 2531 1060 2578 lege
1093 2530 1319 2578 germinant
1351 2538 1409 2566 tot
1442 2529 1561 2565 mala.

554 2592 635 2626 Nec
655 2589 760 2626 valet
781 2588 988 2625 excusacio
1016 2588 1056 2624 in
1083 2589 1257 2636 peccatis
1279 2601 1357 2636 qua
1385 2587 1530 2623 dicitur
1557 2585 1612 2622 sic
1636 2585 1809 2620 fraterne

497 2647 706 2695 colligatos
732 2646 1024 2683 fraternitatem
1054 2659 1174 2695 quam
1199 2646 1379 2683 Christus
1402 2644 1573 2681 instituit
1603 2644 1807 2687 roborare,
1822 2650 1866 2682 40

567 2743 586 2762 1.
607 2735 662 2762 AB
682 2733 712 2761 in
734 2742 847 2769 marg:
869 2741 894 2760 2.
968 2741 994 2767 7.
1017 2734 1060 2760 A.
1083 2733 1143 2760 nati
1165 2733 1236 2760 nati.
1317 2741 1358 2760 10.
1379 2732 1402 2759 B
1422 2731 1453 2759 in
1473 2739 1570 2766 marg.
1582 2729 1633 2758 ·.3
1708 2737 1747 2757 12.
1769 2729 1808 2756 B:

497 2774 542 2796 est
562 2769 642 2796 filius
662 2769 736 2796 eius.
830 2755 872 2803 1‘6,
895 2776 933 2803 17
955 2769 998 2795 A:
1022 2772 1176 2802 peccint
1218 2789 1223 2795 .
1247 2751 1627 2794 eiiount.18.Ass'in
1649 2772 1745 2799 marg.
1757 2773 1762 2778 ·
1757 2762 1807 2790 ..3

497 2812 600 2835 2,12.2
622 2790 919 2842 Ass:conspicit'u1.
1051 2802 1093 2829 23.
1115 2803 1159 2829 A:
1170 2788 1370 2829 detondant.
1487 2800 1530 2828 25.
1552 2801 1580 2827 A
1600 2800 1630 2826 in
1652 2806 1765 2837 marga
1788 2806 1808 2824 1.

498 2839 545 2866 26
567 2835 1305 2867 13C.xclcont1arie:ib.13C:dit10ni01dcest.
1396 2834 1593 2863 32.13C.Ex
1615 2842 1692 2873 quq·
1719 2833 1760 2860 1b.

498 2868 1036 2907 i11111112.3S.C.12·.11111
1065 2866 1160 2901 111111
1192 2871 1231 2898 ib
1255 2873 1281 2898 A
1311 2871 1339 2898 in
1372 2878 1484 2905 marg:
1514 2869 1643 2903 Triplex
1662 2855 1764 2896 ficcio:
1787 2875 1806 2893 1.

497 2916 546 2942 40.
570 2894 634 2935 BC:
656 2907 841 2941 colligente&
