2017 3353
223 274 360 302 sERMo
373 262 474 320 xvi]
740 274 880 306 PRIMA
908 271 1034 307 PARS.

224 383 386 419 caduce.
431 383 511 417 Nec
556 380 691 416 dicant
735 377 809 414 nisi
855 378 1074 426 sophistice
1113 375 1216 414 sicut
1254 377 1405 413 faciunt
1449 389 1538 413 vere

224 439 367 477 divicie
400 451 476 487 que
510 447 684 475 mentem
720 437 954 473 habundare
987 435 1140 472 faciunt
1175 435 1213 471 in
1246 435 1404 473 virtute.

282 500 479 543 Quartum
519 505 652 533 autem
693 507 815 543 genus
857 493 1015 530 serendi
1056 502 1115 530 est
1155 492 1305 529 dictum
1344 505 1469 530 semen
1503 494 1538 529 in

223 564 331 593 terra
370 557 482 599 bona,
522 555 598 591 hoc
638 562 709 599 est,
754 553 793 589 in
826 551 962 588 anima
1001 560 1225 599 temperata
1258 563 1328 598 per
1359 550 1537 599 graciam

191 613 433 652 5seminare.
468 614 569 649 Cum
602 620 733 648 autem
768 610 846 647 sint
885 619 963 646 tres
997 610 1129 646 hostes
1162 608 1350 655 hominis,
1387 608 1540 645 scilicet

226 673 412 717 mundus,
447 670 632 707 diabolus
667 678 704 706 et
736 680 841 714 caro,
877 676 986 716 patet
1018 668 1126 716 quod
1160 668 1305 703 horum
1333 666 1454 703 trium
1481 667 1538 702 in-

224 729 442 777 disposicio
476 727 698 776 indisponit
732 736 878 763 terram
918 734 1114 772 nostram,
1155 734 1199 761 ut
1232 725 1271 761 in
1304 725 1537 772 centuplum

224 786 449 833 fructificet,
494 787 572 823 hoc
617 794 688 831 est,
734 793 778 821 ut
822 793 926 820 terra
969 794 1109 820 nostra
1154 783 1443 820 beatitudinem
1490 784 1538 818 de

225 857 403 894 congruo
448 853 660 882 mereatur.
710 842 973 879 Centenarius
1019 842 1137 888 enim,
1174 839 1452 890 sexagenarius
1502 849 1539 876 et

170 920 209 942 ιο
227 902 466 952 trigenarius
511 911 603 939 sunt
642 901 799 938 numeri
845 900 1048 948 signantes
1080 899 1380 936 universitatem
1416 899 1540 935 beati-

224 961 374 998 tudinis
419 970 457 997 et
500 970 669 1008 possunt
715 958 845 995 notari
897 957 936 995 in
981 957 1159 1007 qualibet
1207 957 1338 1005 specie
1382 956 1539 993 virtutis

223 1019 504 1068 predestinati;
537 1020 605 1055 sed
639 1018 740 1054 sicut
773 1029 893 1054 omne
916 1016 1061 1053 vicium
1087 1025 1145 1053 est
1168 1015 1391 1064 spiritualis
1416 1015 1539 1052 forni-

224 1078 350 1129 cacio,
397 1077 453 1113 sic
498 1076 629 1113 omnis
673 1076 798 1112 virtus
844 1083 901 1111 est
945 1074 1107 1111 castitas
1151 1073 1389 1122 spiritualis;
1434 1074 1539 1109 unde

223 1136 363 1173 dicunt
408 1136 593 1171 doctores
638 1133 911 1171 communiter
954 1134 1065 1181 quod
1113 1132 1289 1168 castitati
1338 1131 1538 1179 coniugali

170 1202 207 1234 15
224 1195 392 1230 debetur
423 1194 574 1230 fructus
598 1192 843 1238 tricesimus,
882 1190 1055 1227 castitati
1077 1189 1225 1227 viduali
1257 1190 1409 1226 fructus
1432 1202 1539 1225 sexa-

224 1252 398 1301 gesimus
433 1261 470 1288 et
502 1250 678 1288 castitati
710 1249 896 1298 virginali
939 1249 1090 1285 fructus
1131 1248 1386 1286 centesimus.
1437 1249 1538 1284 Lau-

226 1311 351 1347 reolas
385 1319 518 1347 autem
551 1308 790 1346 ascribimus
832 1307 963 1344 solum
1005 1307 1260 1354 martyribus,
1300 1305 1539 1342 doctoribus

223 1377 341 1417 atque
374 1368 606 1417 virginibus.
640 1369 689 1403 Et
721 1366 817 1403 tales
851 1376 929 1402 tres
961 1366 1110 1414 gradus
1145 1377 1359 1412 possumus
1392 1364 1431 1400 in
1464 1363 1540 1400 vir-

225 1436 306 1463 tute
340 1426 518 1474 qualibet
549 1426 763 1473 assignare.

168 1501 209 1523 20
282 1486 407 1521 Terra
452 1493 587 1521 autem
635 1483 768 1520 cordis
802 1481 931 1519 nostri
979 1483 1096 1518 debet
1137 1493 1222 1517 esse
1255 1482 1362 1517 bona
1393 1479 1540 1517 virtute

225 1542 480 1592 quintuplici.
527 1543 653 1578 Debet
698 1541 803 1577 enim
852 1541 943 1576 loco
989 1538 1205 1576 soliditatis
1246 1549 1349 1575 terre
1394 1539 1539 1575 habere

225 1601 317 1637 fidei
350 1600 642 1645 constanciam,
676 1600 766 1636 loco
801 1597 1128 1636 continuacionis
1174 1597 1437 1633 devocionem
1478 1596 1538 1632 vel

226 1659 433 1707 pietatem,
468 1658 558 1695 loco
592 1656 825 1706 frigiditatis
859 1656 1053 1693 miticiam
1087 1655 1292 1704 passiones
1332 1654 1539 1691 iracundie

226 1717 537 1765 extinguentem‚
605 1718 696 1753 loco
764 1715 959 1752 siccitatis
1024 1714 1340 1761 temperanciam
1406 1712 1538 1749 carnis

170 1775 441 1823 25ingluviem
493 1774 774 1821 exsiccantem,
821 1774 910 1810 loco
955 1772 1162 1820 gravitatis
1201 1784 1336 1808 veram
1377 1770 1539 1807 humili-

228 1842 364 1879 tatem,
389 1846 437 1870 ne
461 1833 638 1870 elevetur
652 1832 691 1868 in
707 1833 923 1880 superbam
941 1829 1256 1877 temptacionem
1275 1829 1537 1873 diabolicam;

227 1901 264 1928 et
308 1891 403 1940 quia
444 1891 518 1927 ista
551 1890 736 1927 doctrina
784 1889 956 1926 maxime
990 1898 1047 1925 est
1081 1889 1272 1934 notanda,
1318 1886 1408 1923 ideo
1443 1886 1542 1922 dicit

227 1951 290 1998 qni
321 1951 431 1986 habet
463 1961 578 1985 aures
609 1949 791 1986 audiendi
822 1948 966 1984 audiat.
1015 1948 1102 1983 Hoc
1135 1945 1241 1982 enirn
1274 1946 1440 1981 verbum
1481 1957 1540 1980 se-

227 2009 403 2044 cundum
451 2016 611 2044 sanctos
645 2015 860 2043 attestatur
892 2017 1010 2053 super
1047 2003 1313 2041 saluberrima
1353 2003 1540 2048 veritate;

169 2072 211 2104 30
228 2066 450 2102 carioribus
489 2074 623 2102 autem
664 2064 813 2102 Christi
861 2065 991 2100 datum
1031 2070 1085 2099 est
1124 2062 1269 2099 clarius
1308 2073 1543 2112 cognoscere

227 2125 478 2161 ministerium
511 2124 625 2175 regni
655 2124 742 2168 Dei,
776 2123 912 2159 ceteris
943 2129 1069 2158 autem
1103 2121 1138 2158 in
1169 2120 1384 2170 parabolis.
1419 2118 1542 2155 Cuius

226 2195 305 2219 una
339 2191 396 2219 est
429 2195 550 2219 causa
583 2182 622 2218 in
657 2194 801 2230 penam
837 2180 1007 2228 peccati⁷
1042 2189 1086 2216 ut
1125 2178 1304 2215 videntes
1343 2176 1542 2214 sensibili-

227 2250 346 2277 tatem
384 2240 603 2277 oculariter
635 2252 713 2276 non
746 2239 907 2275 videant
944 2237 1144 2275 sentencie
1183 2236 1447 2273 subtilitatem
1484 2235 1542 2271 in-

228 2298 526 2345 tellectualiter,
571 2299 678 2334 unde
711 2297 957 2333 sentenciam
1000 2295 1118 2332 huius
1151 2294 1345 2343 parabole
1379 2301 1543 2342 propter

170 2363 210 2395 35
225 2356 310 2393 eius
344 2356 645 2405 preciositatem
680 2356 868 2404 dignatus
901 2364 962 2391 est
998 2353 1197 2390 Dominus
1230 2365 1299 2401 per
1332 2365 1371 2389 se
1410 2351 1540 2399 ipsum

230 2427 438 2462 exponere.
472 2416 552 2451 Nec
594 2414 712 2450 debet
744 2413 961 2462 quicquam
996 2425 1082 2450 esse
1115 2410 1224 2448 fideli
1258 2410 1388 2447 carius
1420 2411 1541 2446 verbo

295 2537 321 2565 5.
342 2539 383 2565 A:
399 2541 462 2565 tres
477 2537 571 2564 deest.
622 2544 648 2571 7.
671 2537 714 2563 A:
741 2536 926 2571 cestuplum.
977 2534 1004 2570 8,
1021 2543 1048 2570 9.
1065 2535 1109 2561 A:
1132 2533 1213 2561 Deus
1228 2541 1380 2563 congruo.
1439 2541 1479 2565 14.
1496 2534 1541 2559 A:

227 2573 309 2607 quod
326 2573 420 2600 deest.
553 2572 589 2600 15.
604 2573 646 2599 Α;
664 2571 832 2603 debentur;
854 2571 894 2597 ib.
911 2571 940 2598 A
954 2569 984 2597 in
1004 2577 1120 2603 marg.:
1142 2568 1268 2603 Triplex
1283 2569 1418 2602 castitas;
1440 2567 1480 2594 ib.
1497 2568 1542 2594 A:

230 2611 350 2634 tructus
381 2606 523 2641 triginta:
553 2607 594 2634 ib.
622 2607 670 2633 A:
697 2607 865 2640 sexaginta.
992 2612 1037 2631 20.
1058 2606 1102 2631 A:
1133 2604 1213 2631 bona
1235 2612 1314 2630 esse.
1438 2610 1476 2629 21.
1498 2604 1540 2628 A:

229 2642 419 2678 quintiplici3
435 2643 476 2668 ib.
492 2641 557 2669 BC:
574 2642 680 2674 terris3
703 2641 740 2667 B:
763 2646 842 2668 terre
855 2639 1001 2673 bonori53
1022 2640 1062 2666 ib.
1080 2639 1101 2665 Β
1118 2639 1147 2666 in
1164 2646 1279 2673 marg:
1301 2637 1398 2665 Terra
1415 2636 1543 2664 humani

229 2678 331 2704 cordis
351 2677 583 2712 quintupliciter
604 2676 694 2703 debet
714 2684 780 2703 esse
803 2676 882 2702 bona
902 2674 1066 2702 virtutibus
1087 2673 1204 2701 fertilis.
1253 2673 1299 2700 26.
1320 2674 1364 2700 A:
1386 2672 1415 2699 in
1437 2679 1542 2706 super-

231 2713 313 2739 biam
334 2712 540 2746 temptacione
556 2711 718 2738 diabolica.
787 2718 833 2745 29.
854 2711 898 2737 A:
921 2709 1119 2736 saluberiam.
1189 2709 1230 2735 32.
1252 2710 1296 2735 A:
1319 2715 1377 2734 una
1399 2707 1429 2733 in
1450 2714 1542 2733 causa

230 2751 291 2780 est;
314 2747 351 2773 B:
372 2754 465 2774 causa
485 2751 538 2772 est.
638 2744 681 2773 33.
703 2747 748 2772 A:
770 2745 947 2772 subtilitate.
1049 2743 1090 2771 35.
1110 2744 1154 2770 A:
1178 2743 1244 2770 eius
1265 2741 1541 2777 preconscitatem:

230 2782 271 2808 ib.
293 2781 314 2808 Β
335 2782 365 2809 in
387 2788 502 2814 marg:
534 2780 625 2808 Nota.
655 2780 760 2815 Quare
781 2779 924 2807 Christus
944 2779 1009 2806 suis
1031 2783 1180 2813 patenter,
1204 2778 1313 2805 ceteris
1334 2777 1363 2803 in
1387 2776 1542 2811 parabolis

231 2816 424 2852 loquebatur,
446 2821 474 2842 et
500 2822 615 2851 quante
635 2815 817 2842 excellencie
840 2819 885 2841 est
905 2815 1035 2841 verbum
1059 2814 1122 2840 liei.

302 2899 355 2932 30.
383 2898 555 2932 Matthaei.
582 2899 684 2939 xt11⁰‚
715 2910 764 2931 11.

1749 276 1823 311 109

1618 502 1653 529 In
1675 503 1758 537 good

1622 539 1756 571 ground.

1585 1489 1658 1517 Five
1677 1490 1793 1517 virtues

1569 1525 1687 1552 needed
1708 1526 1738 1551 in
1759 1527 1809 1551 tlte

1602 1561 1661 1587 soil
1683 1559 1717 1586 of
1733 1568 1792 1587 our

1633 1597 1747 1622 bearts.
