2017 3353
294 273 430 302 sERMo
446 260 571 319 xxix]
802 273 943 304 PRIMA
969 271 1094 303 PARS.

293 384 519 420 ostenderet
535 381 691 418 mittere
707 379 761 416 eis
771 378 964 427 Spiritum
976 377 1367 415 Sanctum.Tantum
1384 375 1488 411 enim
1506 388 1607 422 opus

293 449 453 489 oportet
486 439 587 476 mira
619 437 838 475 subtilitate
871 449 954 473 esse
986 436 1026 472 in
1049 435 1128 472 suis
1153 433 1334 483 partibus
1357 432 1606 469 ordinatum.

352 501 394 534 In
427 499 501 534 hoc
534 495 738 544 evangelio
777 496 892 531 debet
932 493 1143 542 predicans
1182 493 1401 529 secundum
1436 491 1608 527 formam

295 558 433 593 rudem
483 565 519 592 et
566 566 785 602 congruam
831 561 969 602 aptare
1013 552 1165 600 populo
1204 563 1363 586 sensum
1410 548 1609 585 oracionis

260 616 277 649 5
295 613 508 651 dominice.
533 613 651 649 Nulla
674 611 779 648 enim
803 610 940 647 oracio
965 619 1022 646 est
1038 609 1114 645 ista
1129 607 1391 657 prestancior‚
1409 605 1611 643 efficacior

294 682 330 709 et
370 671 584 720 unicuique
623 669 729 706 fideli
768 669 916 705 utilior.
958 667 1157 704 Dividitur
1195 675 1329 703 autem
1362 664 1463 701 sicut
1498 666 1611 700 deca-

295 732 406 778 logus
439 729 478 765 in
512 731 609 765 duas
642 737 788 776 partes,
823 739 992 775 quarum
1026 725 1157 774 prima
1190 723 1367 761 continet
1402 732 1481 759 tres
1514 721 1613 770 peti-

296 788 429 825 ciones
480 788 699 824 secundum
753 783 1062 833 congruenciam
1110 782 1300 819 trinitatis
1355 790 1391 817 et
1438 781 1614 817 secunda

296 846 473 883 continet
517 854 669 893 septem
722 844 1084 891 correspondentes
1128 842 1178 877 ad
1222 848 1373 888 septem
1424 840 1615 875 mandata

241 916 281 939 ιο
297 905 469 941 secunde
513 903 659 940 tabule.
701 901 899 938 Premittit
945 913 1038 948 ergo
1084 898 1276 935 humilem
1323 896 1614 934 confessionem

297 961 532 999 excellencie
555 960 716 997 Domini
749 958 958 996 adorandi.
985 959 1116 1004 Pater,
1148 956 1289 1005 inquit,
1324 963 1454 992 noster
1485 955 1550 1004 qui
1579 967 1618 991 es

296 1022 331 1056 in
376 1020 477 1056 celis.
523 1021 693 1068 Oportet
737 1017 842 1054 enim
888 1016 1142 1053 considerare
1186 1016 1314 1051 Deum
1359 1023 1402 1049 ut
1446 1021 1616 1061 patrem,

296 1078 390 1128 quia
435 1079 581 1114 habere
625 1077 759 1123 fidem,
805 1088 915 1124 spem
963 1083 999 1111 et
1044 1073 1266 1119 caritatem,
1306 1081 1348 1108 ut
1387 1072 1510 1108 abbas
1552 1070 1617 1106 ille

297 1149 451 1174 summe
492 1135 719 1172 misericors
758 1133 940 1182 perficiat
980 1133 1086 1181 quod
1126 1143 1348 1173 exoramus,
1390 1138 1426 1166 et
1466 1137 1508 1165 ut
1546 1141 1616 1164 no-

243 1195 280 1228 15
297 1204 402 1232 tetur
435 1193 667 1230 oracionem
700 1201 880 1229 nostram
915 1192 1058 1227 debere
1091 1202 1174 1226 esse
1207 1190 1255 1225 de
1288 1187 1403 1224 bonis
1437 1199 1617 1224 commu-

297 1253 426 1298 nibus,
473 1265 562 1289 cum
607 1252 686 1288 sint
731 1250 898 1286 meliora
951 1247 1115 1297 privatis
1168 1260 1214 1284 ac
1257 1259 1329 1282 nos
1382 1247 1618 1282 deberemus

298 1323 413 1348 orare
447 1310 714 1355 concorditer,
749 1321 839 1345 cum
874 1305 1221 1344 communicamus
1251 1304 1291 1340 in
1314 1316 1394 1340 uno
1417 1302 1618 1351 principio

298 1379 334 1406 et
368 1368 533 1417 quilibet
567 1381 686 1404 orans
720 1368 836 1403 debet
869 1365 1004 1402 iuvare
1037 1363 1235 1412 reliquum
1270 1362 1309 1398 in
1342 1362 1509 1407 orando,
1544 1360 1619 1408 sig-

297 1436 440 1464 nanter
482 1426 627 1462 dicitur
660 1427 778 1461 Pater
810 1431 950 1460 noster.
1004 1425 1052 1458 Et
1091 1423 1140 1458 ad
1180 1420 1494 1469 imprimendum
1536 1418 1619 1455 eius

242 1496 282 1516 20
299 1484 578 1522 excellenciam
618 1496 738 1532 supra
777 1481 995 1530 terrigenas
1046 1480 1248 1528 signanter
1289 1477 1514 1515 annectitur
1559 1477 1622 1525 qui

209 1533 283 1594 1:9¹3
298 1557 336 1580 es
363 1538 369 1598 Ι
397 1544 432 1579 in
471 1543 572 1579 celis.
619 1542 729 1579 Sicut
769 1540 873 1577 enim
914 1553 936 1576 a
975 1540 1064 1575 loco
1103 1536 1301 1586 superiori
1342 1539 1447 1572 Deus
1489 1534 1620 1571 influit

208 1580 267 1612 ¹⁰3
300 1600 537 1650 corporibus
570 1599 757 1637 subiectis
790 1600 925 1635 lumen
959 1606 995 1634 et
1029 1597 1148 1633 aliam
1180 1594 1508 1632 conservanciam
1534 1606 1620 1630 eor-

300 1660 494 1708 pomlem,
534 1658 590 1695 sic
628 1658 668 1694 in
706 1657 815 1694 omni
855 1655 1051 1704 spirituali
1092 1653 1292 1703 peticione
1333 1652 1470 1689 oracio
1505 1653 1621 1688 debet

301 1717 416 1766 dirigi
449 1719 497 1754 ad
531 1716 712 1764 superius
744 1715 783 1751 in
817 1724 972 1751 natura.
1013 1715 1060 1749 Et
1100 1711 1282 1761 quamvis
1315 1714 1420 1747 Deus
1453 1709 1501 1746 sit
1535 1709 1621 1745 infi-

245 1775 284 1807 25
300 1776 427 1812 nitum
462 1775 501 1811 in
534 1784 677 1811 natura
699 1773 814 1810 nobis
843 1771 1025 1820 superior
1059 1784 1177 1819 quam
1204 1771 1332 1806 celum
1357 1778 1414 1805 est
1438 1767 1620 1816 superius

301 1848 421 1883 quam
446 1847 561 1881 spera
584 1842 699 1878 terre,
731 1832 955 1879 exemplum
981 1839 1115 1866 tamen
1138 1828 1323 1865 sensibile
1347 1828 1620 1863 manuducens

301 1891 505 1930 sensibiles
538 1900 667 1939 potest
700 1890 888 1926 inducere
922 1889 960 1924 in
993 1887 1241 1936 superiorem
1275 1885 1481 1922 noticiam.
1521 1885 1620 1920 Tres

300 1960 433 1988 autem
480 1949 699 1997 peticiones
743 1956 952 1996 sequentes
998 1946 1036 1982 in
1087 1945 1218 1994 prima
1262 1953 1375 1993 parte
1420 1942 1620 1979 oracionis

301 2008 501 2045 dominice
535 2007 710 2055 dirigunt
741 2008 907 2043 verbum
941 2017 1054 2041 suum
1090 2005 1139 2040 ad
1173 2006 1299 2039 Deum
1334 2003 1405 2039 sub
1430 2001 1505 2038 isto
1529 2014 1621 2049 pro-

244 2077 285 2098 20
301 2067 463 2104 nomine
496 2074 615 2111 tuum,
646 2067 694 2102 ad
729 2065 1001 2101 denotandum
1036 2063 1143 2110 quod
1176 2061 1260 2109 ipse
1293 2061 1460 2097 existens
1489 2059 1621 2107 singu-

302 2126 437 2163 lariter
469 2125 577 2161 solus
610 2126 715 2160 Deus
748 2122 833 2159 odit
866 2121 1109 2169 superbiam.
1165 2120 1445 2169 Sanctg'ficetur‚
1479 2117 1620 2166 inquit,

302 2197 435 2220 nomen
468 2191 587 2219 tuum.
628 2184 728 2218 Cum
763 2181 866 2217 enim
902 2192 1049 2215 nomen
1085 2177 1155 2214 Dei
1190 2178 1239 2214 sit
1276 2176 1532 2225 omnipotens
1566 2179 1622 2221 (ut

302 2242 448 2278 dicitur
462 2241 704 2279 ExodiXV0,
725 2240 778 2287 3),
795 2252 875 2275 non
900 2251 1062 2274 oramus
1086 2245 1127 2272 ut
1157 2235 1196 2272 in
1219 2249 1289 2273 sua
1311 2244 1455 2271 natura
1477 2233 1622 2271 sancti-

303 2301 455 2346 ficetur,
489 2301 557 2336 sed
590 2308 632 2334 ut
665 2298 926 2334 confirmetur
959 2296 1056 2332 fides
1089 2296 1233 2331 devota
1264 2293 1303 2329 in
1336 2293 1450 2329 nobis
1484 2305 1622 2329 secun-

246 2359 285 2391 35
304 2360 397 2394 dum
445 2358 551 2406 quod
595 2356 807 2405 glutinium
847 2355 913 2391 illa
952 2367 1023 2402 per
1061 2366 1100 2389 se
1139 2352 1329 2389 sanctitas
1362 2350 1623 2388 effectualiter

303 2416 342 2452 in
374 2416 489 2452 nobis
529 2416 716 2452 reluceat.
761 2416 809 2450 Et
842 2413 917 2450 ista
949 2410 1251 2460 omnipotencia
1282 2409 1458 2446 nominis
1491 2421 1622 2446 corre-

313 2552 316 2553 7
375 2525 393 2543 ι.
417 2517 458 2543 A:
480 2517 627 2542 Sanctum
649 2515 742 2542 deest.
808 2524 836 2547 ψ.
858 2514 902 2541 A:
925 2522 1026 2540 sensu.
1085 2512 1107 2539 5.
1130 2512 1173 2538 A:
1195 2511 1274 2546 ipsa.
1338 2510 1365 2537 (ᾗ.
1389 2509 1454 2537 BC:
1476 2508 1620 2543 undique.

302 2558 330 2579 t».
353 2561 378 2584 7.
401 2551 438 2578 B:
460 2550 503 2578 sic
523 2550 698 2585 decalogus.
780 2558 805 2583 7.
826 2550 855 2576 A
875 2548 904 2575 in
927 2556 1040 2581 marg-n:
1063 2546 1181 2575 Divisio
1203 2545 1358 2574 oracionis
1379 2544 1551 2575 dominice:
1581 2543 1621 2569 ib.

303 2587 324 2613 Η
346 2588 374 2614 in
396 2593 510 2619 marg:
532 2585 671 2612 Declarat
692 2584 869 2611 oracionem
891 2582 1090 2610 dominicam.
1142 2589 1170 2616 9.
1188 2580 1304 2608 Codd.:
1326 2584 1468 2616 quatuor.
1514 2586 1555 2605 10.
1578 2578 1620 2604 A:

303 2620 452 2649 l'remitlit
472 2620 571 2647 deest:
594 2620 632 2646 ib.
649 2620 692 2647 A:
714 2620 831 2646 lacuna.
914 2626 946 2645 11.
962 2618 991 2645 A
1011 2617 1039 2644 in
1063 2624 1175 2649 marga
1198 2624 1218 2643 1.
1302 2623 1339 2642 12.
1355 2615 1398 2642 A:
1420 2613 1501 2649 quod
1524 2612 1622 2641 enim:

302 2657 342 2683 ib.
363 2657 406 2683 A:
429 2655 526 2682 Deum
549 2654 642 2681 deest.
708 2653 744 2681 13.
767 2653 832 2681 BC:
854 2654 920 2681 iste.
988 2661 1027 2686 14.
1051 2651 1117 2679 BC:
1138 2659 1274 2677 oramus.
1333 2649 1374 2676 16.
1396 2649 1441 2676 A:
1463 2648 1621 2682 debemus

305 2700 342 2726 ¹7-
364 2692 408 2718 A:
431 2698 518 2717 orare
540 2690 633 2716 deest.
684 2697 723 2716 21.
745 2690 787 2716 A:
810 2689 838 2715 in
861 2688 933 2715 celis
954 2687 1046 2714 deest.
1098 2694 1143 2719 24.
1166 2685 1232 2713 BC:
1254 2685 1283 2712 in
1306 2685 1399 2712 deest.
1451 2683 1493 2713 25,
1510 2688 1556 2709 20.
1578 2683 1621 2708 A:

304 2726 453 2787 {aepffhiis'
470 2724 506 2785 a?
529 2732 650 2786 spffragi
665 2729 767 2785 Ἦὶεά
794 2722 840 2750 30.
856 2724 900 2785 Ab:
921 2720 1303 2784 {djdenoganduqueegtd
1322 2719 1362 2780 ilg.
1379 2720 1406 2745 A
1422 2719 1450 2745 in
1468 2724 1562 2779 mag}
1575 2724 1623 2778 ςΑι.

503 2767 585 2785 ur.
665 2779 719 2786 i„
781 2767 986 2785 ’:.:
1077 2764 1236 2782 ·.s..
1314 2761 1622 2780 :*³1·.„.:

304 2768 484 2830 glutinurtic:l
497 2794 536 2821 ib.
556 2767 626 2820 Bxion
643 2763 924 2828 lmargsklgbetclzirat
943 2760 1341 2819 ()ι·ειέ;1ὶῖοηῖἷῃῖᾱοιη4ῐηὶαηη.
1358 2758 1540 2814 ιιῃξῖλῃῧίῑ
1562 2786 1622 2812 illa.

375 2855 403 2888 5.
418 2862 451 2886 et
465 2864 564 2896 seqq.
583 2852 636 2885 Cf.
654 2854 687 2885 S.
707 2852 816 2884 E.W.
831 2852 884 2883 ed.
900 2851 943 2893 by
959 2850 1102 2883 Arnold.
1120 2850 1173 2890 111,
1192 2848 1363 2892 98—-110,
1392 2847 1444 2880 Cf.
1462 2846 1623 2886 Loserth‚

303 2900 435 2944 Wyclif
457 2901 524 2933 and
552 2900 636 2941 Has,
662 2909 740 2942 pag.
769 2898 846 2939 255,
875 2896 953 2930 256.

1820 272 1892 307 ¹97

1647 497 1824 524 Excellence
1843 496 1877 523 of

1672 531 1722 559 the
1742 531 1852 558 Lord's

1704 574 1823 602 prayer.

1651 670 1736 705 Why
1756 678 1802 696 we
1822 678 1875 705 say

1637 705 1728 732 “Our
1746 704 1890 732 Father.’'

1646 2121 1743 2148 God's
1764 2129 1852 2148 name
1872 2120 1898 2147 is

1644 2156 1794 2183 ballowed
1818 2156 1907 2182 when

1663 2200 1708 2218 we
1728 2199 1778 2218 are
1798 2190 1888 2218 made

1660 2226 1731 2262 hol)v
1752 2225 1782 2252 in
1802 2224 1887 2252 Him.
