2017 3353
158 306 232 342 160

174 706 277 734 Christ
300 706 400 733 >heu-s

150 742 218 768 how
249 742 295 775 lay
327 741 422 767 rulers

150 776 258 802 should
282 777 355 810 keep
374 775 422 802 the

149 812 249 847 clergy
270 810 299 837 in
321 810 421 837 order.

725 312 950 346 JOHANNIS
976 314 1158 346 WYCLIF
1185 314 1444 346 SERMONUM
1474 299 1625 357 [SERMO
1642 310 1750 338 XXIV.

438 421 549 456 nium
589 430 722 456 autem
762 420 939 456 seculare
978 419 1157 455 Christus
1202 420 1240 455 in
1287 432 1458 467 persona
1496 432 1566 455 sua
1606 420 1752 456 habere

439 492 519 515 non
552 478 682 527 potuit
714 491 787 514 nec
811 477 890 513 suis
913 476 1071 514 vicariis
1095 477 1318 526 dereliquit.
1354 480 1395 513 ln
1420 477 1592 513 dominis
1618 487 1752 514 tamen

439 537 683 573 secularibus
723 537 975 573 ascendendo
1015 548 1134 583 super
1173 535 1325 572 asinam
1366 549 1499 572 versus
1531 536 1749 571 Jerusalem

440 595 676 643 exemplavit
721 597 779 642 (ut
825 602 933 641 patet
971 593 1136 630 Matthei
1175 595 1281 630 XXI‘)
1321 603 1357 630 et
1395 606 1580 630 sermone
1619 593 1750 642 primo

440 655 486 689 de
520 654 691 689 adventu
725 651 887 688 Domini
922 651 1162 700 exponitur).
1768 654 1785 686 5

496 713 543 746 Et
577 719 685 758 patet
718 711 937 747 secundum
973 722 1093 758 quam
1119 709 1322 746 racionem
1348 710 1475 746 clerus
1501 711 1616 746 debet
1639 709 1750 757 sequi

439 769 640 805 Christum
682 768 721 804 in
760 767 940 804 dominio
975 776 1010 804 et
1044 769 1261 804 secundum
1297 780 1415 815 quam
1451 767 1658 804 brachium
1693 780 1751 803 se-

439 828 571 863 culare
610 828 725 863 debet
765 825 876 875 sequi
916 825 1133 872 Christum,
1181 838 1318 873 regens
1363 826 1513 862 clerum
1566 825 1749 862 insanum

435 898 484 921 ne
508 898 529 921 a
562 885 645 932 lege
661 884 808 921 Christi
841 884 967 920 evolet
992 885 1253 920 cohercendo.
1280 883 1343 920 Sic
1368 884 1472 920 enim
1497 884 1750 921 ascendendo

437 952 478 979 ut
511 956 576 979 rex
609 942 739 990 primo
773 942 967 990 templum
1002 941 1121 990 peciit
1155 950 1190 978 et
1229 941 1421 978 subtraxit
1460 941 1669 979 materiam
1710 941 1749 976 in
1770 955 1809 975 10

437 1014 515 1049 qua
547 1002 768 1037 secundum
802 999 1017 1037 avariciam
1058 1008 1321 1047 peccaverant
1360 1001 1601 1036 sacerdotes.
1648 1001 1749 1036 Cum

437 1072 530 1106 ergo
563 1068 692 1095 totum
727 1058 935 1095 brachium
968 1058 1146 1094 seculare
1180 1059 1296 1094 debet
1329 1057 1439 1106 sequi
1473 1058 1675 1094 Christum
1711 1057 1750 1093 in

436 1117 511 1153 hoc
545 1116 784 1165 specialiter,
824 1124 933 1165 patet
971 1124 1119 1164 quante
1152 1129 1174 1153 a
1207 1115 1366 1152 Christo
1412 1117 1654 1164 degenerant
1693 1128 1750 1152 se-

437 1176 594 1223 quelam
658 1175 887 1211 huiusmodi
955 1174 1192 1210 omittendo.
1264 1176 1353 1211 Non
1416 1174 1520 1210 enim
1584 1182 1751 1222 possunt

438 1233 584 1281 fingere
619 1233 714 1281 quin
747 1233 787 1269 in
820 1233 894 1270 ista
928 1233 1046 1280 culpa
1070 1232 1202 1268 clerici
1225 1241 1315 1268 sunt
1340 1232 1557 1280 culpabiles
1591 1245 1633 1268 ex
1658 1244 1750 1268 con-
1771 1234 1806 1266 15

436 1304 566 1327 sensu.
600 1293 647 1327 Et
685 1299 795 1339 patet
835 1292 941 1339 quod
980 1290 1225 1338 imponendo
1259 1290 1417 1326 Christo
1451 1291 1558 1338 quod
1591 1289 1646 1326 sic
1679 1289 1751 1325 fuit

436 1349 668 1386 seculariter
707 1348 936 1386 dominatus
985 1348 1076 1385 licet
1126 1348 1319 1396 implicite
1369 1357 1426 1384 est
1470 1349 1749 1396 blasphemum

438 1407 706 1453 mendacium,
747 1420 838 1443 cum
878 1406 1056 1443 innuitur
1088 1405 1378 1442 Antichristum
1417 1405 1457 1442 in
1498 1405 1749 1454 perfeccione

437 1465 505 1502 tali
538 1479 579 1502 se
612 1466 798 1502 extollere
830 1478 949 1513 super
983 1464 1200 1501 Christum.

495 1525 620 1560 Debet
659 1532 790 1560 autem
832 1524 959 1560 clerus
992 1524 1211 1559 secundum
1247 1522 1471 1558 doctrinam
1507 1520 1678 1570 apostoli
1713 1530 1749 1557 et
1766 1536 1808 1557 20

437 1582 561 1618 instar
585 1581 733 1618 Christi
757 1581 989 1629 crucifigere
1022 1593 1061 1617 se
1096 1593 1185 1616 cum
1221 1581 1384 1616 mundo.
1424 1582 1471 1616 Et
1508 1580 1750 1616 extolluntur

438 1639 507 1675 filii
546 1639 603 1675 illi
642 1639 791 1676 diaboli
831 1652 950 1687 super
988 1639 1076 1675 illos
1116 1639 1182 1687 qui
1223 1638 1500 1674 crucifixerant
1539 1637 1747 1674 dominum

435 1699 567 1734 Jesum
614 1697 831 1744 Christum,
886 1710 975 1734 cum
1024 1697 1148 1744 legem
1198 1709 1311 1733 suam
1357 1709 1402 1733 ac
1447 1695 1748 1732 ordinacionem

437 1755 682 1803 extinguunt,
716 1757 963 1803 suspendunt
997 1764 1033 1791 et
1058 1754 1096 1790 in
1120 1754 1271 1803 patenti
1294 1754 1474 1802 patibulo
1499 1753 1748 1801 crucifigunt.

438 1815 538 1850 Cum
573 1822 704 1850 autern
741 1814 846 1850 dicta
880 1814 938 1850 lex
972 1822 1008 1849 et
1041 1812 1249 1849 ordinacio
1282 1812 1331 1848 sit
1361 1821 1578 1849 conventus
1602 1810 1804 1848 Christi25

438 1872 670 1919 perfeccior‚
710 1880 819 1920 patet
859 1884 949 1908 cum
990 1871 1152 1919 paribus
1193 1872 1398 1919 quomodo
1431 1869 1574 1918 prelati
1609 1868 1749 1906 cesarii

437 1938 473 1966 et
495 1930 729 1966 Antichristi
763 1929 947 1978 discipuli
981 1931 1208 1966 sacerdotes
1241 1928 1337 1977 legis
1360 1928 1502 1965 veteris
1526 1928 1565 1964 in
1590 1927 1750 1964 malicia

437 1989 695 2024 antecellunt.

906 2182 1099 2222 SERMO
1130 2182 1279 2223 XXIV.

496 2323 625 2358 Alarici
651 2323 888 2373 Alagdalene
916 2330 951 2358 et
980 2322 1110 2357 ,Πανία
1141 2321 1274 2357 Jacobi
1303 2328 1337 2356 et
1371 2321 1546 2356 Salomee
1578 2328 1750 2356 emerunt
1767 2321 1808 2354 30

436 2388 625 2416 aromata.
661 2380 785 2416 Marci
820 2380 961 2416 ultimo
1002 2393 1031 2415 1.

495 2439 627 2475 Claret
672 2437 839 2474 historia
884 2439 1088 2486 quomodo
1135 2436 1293 2472 Christo
1346 2444 1505 2472 mortuo
1551 2437 1621 2472 hee
1671 2444 1749 2471 tres

437 2505 572 2533 sancte
612 2495 797 2532 mulieres
836 2508 980 2543 corpus
1020 2494 1167 2531 Christi
1207 2495 1360 2530 fuerant
1399 2494 1617 2530 secundum
1657 2506 1750 2529 con-

437 2553 688 2590 suetudinem
732 2553 939 2589 Judaicam
985 2561 1182 2588 venerate.
1231 2554 1287 2588 De
1338 2551 1414 2587 illis
1468 2560 1601 2588 autem
1653 2550 1749 2586 dicit

438 2611 626 2648 metricus
658 2612 837 2647 notando
870 2610 1098 2647 historiam:
1766 2610 1805 2642 35

507 2777 532 2796 2.
553 2770 598 2796 A:
621 2776 674 2795 uec
694 2768 768 2795 eius.
832 2768 856 2795 5.
880 2767 942 2794 HC:
966 2767 1089 2794 Domini
1112 2767 1204 2794 deest.
1285 2767 1355 2793 ,[Χ.
1377 2766 1443 2801 lit
1440 2774 1489 2791 os
1477 2770 1512 2792 t.
1591 2765 1617 2792 8.
1640 2766 1683 2792 A:
1705 2765 1749 2791 in—

439 2812 554 2830 sauem.
706 2801 1029 2830 .X:Chri·1i.15.
1056 2802 1121 2830 ΜΣ,
1143 2803 1185 2828 cl
1183 2802 1224 2828 ·ri.
1319 2805 1359 2827 Η).
1381 2802 1425 2828 A:
1448 2804 1527 2835 patet
1548 2800 1746 2841 imponendo

440 2839 478 2865 18
501 2840 544 2865 A:
568 2838 712 2871 perlecto,
827 2837 1167 2897 21..X:lt1›lluutur.
1277 2835 1746 2869 25.X2c==02⁸1(,co1·p010.

437 2873 483 2899 20.
507 2873 635 2899 15:021111
658 2880 711 2906 pei
732 2871 823 2898 idem.
971 2873 997 2898 Χ
1021 2871 1047 2897 iu
1072 2880 1156 2904 intur,
1180 2872 1317 2897 -s'mmo
1332 2870 1450 2903 XXIX:
1472 2857 1497 2896 Βι
1514 2869 1543 2896 in
1565 2877 1679 2903 m·ug.:
1700 2876 1747 2902 24.

436 2907 482 2934 30.
499 2908 542 2933 X:
565 2907 659 2933 Xl·11i1
674 2906 721 2933 ,1,,ι
717 2906 777 2932 obi
794 2922 826 2924 —
841 2914 936 2932 aiom
933 2882 976 2932 [ta
993 2906 1044 2932 „cit
1052 2911 1093 2935 szl
1114 2891 1156 2932 ib*
1162 2893 1214 2932 A.
1237 2905 1368 2932 Salome.
1466 2903 1508 2931 52.
1524 2904 1567 2930 A:
1590 2903 1748 2939 quomodo

438 2942 549 2969 hee-tie
554 2941 672 2968 sinuli
670 2949 724 2968 ies
809 2940 949 2968 35.A1'11
973 2949 1068 2974 11³·11‘2-1-
1080 2950 1086 2966 :
1109 2948 1176 2967 icis
1182 2948 1215 2966 us
