<?xml version="1.0" encoding="UTF-8"?>
<!DOCTYPE html PUBLIC "-//W3C//DTD XHTML 1.0 Transitional//EN"
    "http://www.w3.org/TR/xhtml1/DTD/xhtml1-transitional.dtd">
<html xmlns="http://www.w3.org/1999/xhtml" xml:lang="en" lang="en">
 <head>
  <title>
</title>
<meta http-equiv="Content-Type" content="text/html;charset=utf-8" />
  <meta name='ocr-system' content='tesseract 3.04.00' />
  <meta name='ocr-capabilities' content='ocr_page ocr_carea ocr_par ocr_line ocrx_word'/>
</head>
<body>
  <div class='ocr_page' id='page_1' title='image "./iohanniswyclifse0701wycl_0304.png"; bbox 0 0 2017 3353; ppageno 0'>
   <div class='ocr_carea' id='block_1_1' title="bbox 183 275 260 310">
    <p class='ocr_par' dir='ltr' id='par_1_1' title="bbox 183 275 260 310">
     <span class='ocr_line' id='line_1_1' title="bbox 183 285 203 309; textangle 90"><span class='ocrx_word' id='word_1_1' title='bbox 183 285 203 309; x_wconf 57' lang='grc' dir='ltr'>[ὁ</span> 
     </span>
     <span class='ocr_line' id='line_1_2' title="bbox 215 275 231 310; textangle 90"><span class='ocrx_word' id='word_1_2' title='bbox 215 275 231 310; x_wconf 59' lang='lat' dir='ltr'>‘m</span> 
     </span>
     <span class='ocr_line' id='line_1_3' title="bbox 241 284 260 309; textangle 90"><span class='ocrx_word' id='word_1_3' title='bbox 241 284 260 309; x_wconf 63' lang='lat'>10</span> 
     </span>
    </p>
   </div>
   <div class='ocr_carea' id='block_1_2' title="bbox 195 1090 452 1265">
    <p class='ocr_par' dir='ltr' id='par_1_2' title="bbox 195 1090 452 1265">
     <span class='ocr_line' id='line_1_4' title="bbox 219 1090 426 1125; baseline -0.01 -7"><span class='ocrx_word' id='word_1_4' title='bbox 219 1091 285 1118; x_wconf 85' lang='lat' dir='ltr'>The</span> <span class='ocrx_word' id='word_1_5' title='bbox 307 1090 426 1125; x_wconf 71' lang='lat' dir='ltr'>highest</span> 
     </span>
     <span class='ocr_line' id='line_1_5' title="bbox 195 1126 452 1160; baseline 0 -9"><span class='ocrx_word' id='word_1_6' title='bbox 195 1127 279 1153; x_wconf 74' lang='lat' dir='ltr'>work</span> <span class='ocrx_word' id='word_1_7' title='bbox 300 1126 333 1152; x_wconf 78' lang='lat' dir='ltr'>os</span> <span class='ocrx_word' id='word_1_8' title='bbox 351 1133 452 1160; x_wconf 66' lang='lat' dir='ltr'>mercy</span> 
     </span>
     <span class='ocr_line' id='line_1_6' title="bbox 219 1160 426 1187; baseline -0.01 0"><span class='ocrx_word' id='word_1_9' title='bbox 219 1160 319 1187; x_wconf 80' lang='lat' dir='ltr'>would</span> <span class='ocrx_word' id='word_1_10' title='bbox 343 1160 377 1187; x_wconf 81' lang='lat' dir='ltr'>be</span> <span class='ocrx_word' id='word_1_11' title='bbox 397 1164 426 1186; x_wconf 92' lang='lat' dir='ltr'>to</span> 
     </span>
     <span class='ocr_line' id='line_1_7' title="bbox 224 1195 419 1222; baseline -0.005 0"><span class='ocrx_word' id='word_1_12' title='bbox 224 1199 340 1222; x_wconf 74' lang='lat' dir='ltr'>correct</span> <span class='ocrx_word' id='word_1_13' title='bbox 363 1195 419 1221; x_wconf 78' lang='lat' dir='ltr'>bad</span> 
     </span>
     <span class='ocr_line' id='line_1_8' title="bbox 258 1231 397 1265; baseline -0.007 -8"><span class='ocrx_word' id='word_1_14' title='bbox 258 1231 397 1265; x_wconf 74' lang='lat' dir='ltr'>prelates.</span> 
     </span>
    </p>
   </div>
   <div class='ocr_carea' id='block_1_3' title="bbox 199 2310 475 2373">
    <p class='ocr_par' dir='ltr' id='par_1_3' title="bbox 199 2310 475 2373">
     <span class='ocr_line' id='line_1_9' title="bbox 199 2310 475 2343; baseline -0.018 -5"><span class='ocrx_word' id='word_1_15' title='bbox 199 2310 266 2338; x_wconf 86' lang='lat' dir='ltr'>Tlie</span> <span class='ocrx_word' id='word_1_16' title='bbox 287 2310 370 2337; x_wconf 77' lang='lat' dir='ltr'>three</span> <span class='ocrx_word' id='word_1_17' title='bbox 393 2313 475 2343; x_wconf 67' lang='lat' dir='ltr'>parts</span> 
     </span>
     <span class='ocr_line' id='line_1_10' title="bbox 210 2343 465 2373; baseline -0.016 0"><span class='ocrx_word' id='word_1_18' title='bbox 210 2346 243 2373; x_wconf 74' lang='lat' dir='ltr'>ot&#39;</span> <span class='ocrx_word' id='word_1_19' title='bbox 261 2346 309 2372; x_wconf 82' lang='lat' dir='ltr'>the</span> <span class='ocrx_word' id='word_1_20' title='bbox 331 2343 465 2371; x_wconf 78' lang='lat' dir='ltr'>Cliurch.</span> 
     </span>
    </p>
   </div>
   <div class='ocr_carea' id='block_1_4' title="bbox 721 257 1781 316">
    <p class='ocr_par' dir='ltr' id='par_1_4' title="bbox 721 257 1781 316">
     <span class='ocr_line' id='line_1_11' title="bbox 721 257 1781 316; baseline -0.011 -6"><span class='ocrx_word' id='word_1_21' title='bbox 721 277 948 310; x_wconf 62' lang='lat' dir='ltr'><strong>„IOHANNIS</strong></span> <span class='ocrx_word' id='word_1_22' title='bbox 969 274 1151 307; x_wconf 74' lang='lat' dir='ltr'>WYCLlF</span> <span class='ocrx_word' id='word_1_23' title='bbox 1170 273 1426 306; x_wconf 88' lang='lat' dir='ltr'>SERMONUM</span> <span class='ocrx_word' id='word_1_24' title='bbox 1446 257 1598 316; x_wconf 79' lang='lat' dir='ltr'>[SERMO</span> <span class='ocrx_word' id='word_1_25' title='bbox 1614 267 1781 295; x_wconf 80' lang='lat' dir='ltr'><strong>XXXVIII·</strong></span> 
     </span>
    </p>
   </div>
   <div class='ocr_carea' id='block_1_5' title="bbox 470 375 1817 900">
    <p class='ocr_par' dir='ltr' id='par_1_5' title="bbox 470 375 1817 900">
     <span class='ocr_line' id='line_1_12' title="bbox 471 375 1781 424; baseline -0.011 0"><span class='ocrx_word' id='word_1_26' title='bbox 471 390 637 424; x_wconf 81' lang='lat' dir='ltr'>Fructus</span> <span class='ocrx_word' id='word_1_27' title='bbox 688 395 823 422; x_wconf 89' lang='lat' dir='ltr'>tamen</span> <span class='ocrx_word' id='word_1_28' title='bbox 879 382 1077 420; x_wconf 81' lang='lat' dir='ltr'>labiorum</span> <span class='ocrx_word' id='word_1_29' title='bbox 1133 390 1189 417; x_wconf 87' lang='lat' dir='ltr'>est</span> <span class='ocrx_word' id='word_1_30' title='bbox 1240 380 1279 416; x_wconf 90' lang='lat' dir='ltr'>in</span> <span class='ocrx_word' id='word_1_31' title='bbox 1322 379 1501 415; x_wconf 73' lang='lat' dir='ltr'>virtuoso</span> <span class='ocrx_word' id='word_1_32' title='bbox 1556 375 1781 417; x_wconf 75' lang='lat' dir='ltr'>laudabilis,</span> 
     </span>
     <span class='ocr_line' id='line_1_13' title="bbox 470 436 1784 492; baseline -0.011 -10"><span class='ocrx_word' id='word_1_33' title='bbox 470 447 574 482; x_wconf 88' lang='lat' dir='ltr'>unde</span> <span class='ocrx_word' id='word_1_34' title='bbox 619 444 820 492; x_wconf 78' lang='lat' dir='ltr'>signanter</span> <span class='ocrx_word' id='word_1_35' title='bbox 865 442 1095 478; x_wconf 86' lang='lat' dir='ltr'>mandando</span> <span class='ocrx_word' id='word_1_36' title='bbox 1141 441 1256 475; x_wconf 88' lang='lat' dir='ltr'>docet</span> <span class='ocrx_word' id='word_1_37' title='bbox 1301 436 1496 473; x_wconf 85' lang='lat' dir='ltr'>Dominus</span> <span class='ocrx_word' id='word_1_38' title='bbox 1553 444 1595 471; x_wconf 90' lang='lat' dir='ltr'>ut</span> <span class='ocrx_word' id='word_1_39' title='bbox 1646 446 1784 469; x_wconf 86' lang='lat' dir='ltr'>omnes</span> 
     </span>
     <span class='ocr_line' id='line_1_14' title="bbox 471 488 1783 546; baseline -0.01 -7"><span class='ocrx_word' id='word_1_40' title='bbox 471 502 653 540; x_wconf 87' lang='lat' dir='ltr'>homines</span> <span class='ocrx_word' id='word_1_41' title='bbox 703 502 779 538; x_wconf 88' lang='lat' dir='ltr'>sint</span> <span class='ocrx_word' id='word_1_42' title='bbox 832 499 1110 536; x_wconf 76' lang='lat' dir='ltr'>misericordes</span> <span class='ocrx_word' id='word_1_43' title='bbox 1162 500 1219 546; x_wconf 91' lang='lat' dir='ltr'>(ut</span> <span class='ocrx_word' id='word_1_44' title='bbox 1270 504 1378 544; x_wconf 86' lang='lat' dir='ltr'>patet</span> <span class='ocrx_word' id='word_1_45' title='bbox 1418 496 1522 530; x_wconf 81' lang='lat' dir='ltr'>Luce</span> <span class='ocrx_word' id='word_1_46' title='bbox 1565 488 1670 544; x_wconf 85' lang='lat' dir='ltr'>V10)‚</span> <span class='ocrx_word' id='word_1_47' title='bbox 1716 492 1783 527; x_wconf 90' lang='lat' dir='ltr'>sed</span> 
     </span>
     <span class='ocr_line' id='line_1_15' title="bbox 470 549 1785 606; baseline -0.011 -8"><span class='ocrx_word' id='word_1_48' title='bbox 470 562 688 598; x_wconf 86' lang='lat' dir='ltr'>secundum</span> <span class='ocrx_word' id='word_1_49' title='bbox 723 560 893 595; x_wconf 88' lang='lat' dir='ltr'>formam</span> <span class='ocrx_word' id='word_1_50' title='bbox 929 565 1087 604; x_wconf 87' lang='lat' dir='ltr'>captam</span> <span class='ocrx_word' id='word_1_51' title='bbox 1122 569 1144 592; x_wconf 79' lang='lat' dir='ltr'>a</span> <span class='ocrx_word' id='word_1_52' title='bbox 1178 554 1336 592; x_wconf 88' lang='lat' dir='ltr'>Christo</span> <span class='ocrx_word' id='word_1_53' title='bbox 1370 549 1431 606; x_wconf 80' lang='lat' dir='ltr'>(ut</span> <span class='ocrx_word' id='word_1_54' title='bbox 1465 549 1674 599; x_wconf 79' lang='lat' dir='ltr'>exponitur</span> <span class='ocrx_word' id='word_1_55' title='bbox 1706 562 1785 585; x_wconf 89' lang='lat' dir='ltr'>ser-</span> 
     </span>
     <span class='ocr_line' id='line_1_16' title="bbox 472 609 1817 666; baseline -0.01 -10"><span class='ocrx_word' id='word_1_56' title='bbox 472 631 589 656; x_wconf 82' lang='lat' dir='ltr'>mone</span> <span class='ocrx_word' id='word_1_57' title='bbox 635 617 850 666; x_wconf 83' lang='lat' dir='ltr'>proximo).</span> <span class='ocrx_word' id='word_1_58' title='bbox 896 616 1043 659; x_wconf 83' lang='lat' dir='ltr'>Estote,</span> <span class='ocrx_word' id='word_1_59' title='bbox 1088 613 1228 662; x_wconf 76' lang='lat' dir='ltr'>inquit,</span> <span class='ocrx_word' id='word_1_60' title='bbox 1284 610 1567 655; x_wconf 74' lang='lat' dir='ltr'>misericordes,</span> <span class='ocrx_word' id='word_1_61' title='bbox 1611 609 1707 644; x_wconf 86' lang='lat' dir='ltr'>sicut</span> <span class='ocrx_word' id='word_1_62' title='bbox 1751 610 1817 643; x_wconf 86' lang='lat' dir='ltr'>et5</span> 
     </span>
     <span class='ocr_line' id='line_1_17' title="bbox 471 668 1785 713; baseline -0.01 0"><span class='ocrx_word' id='word_1_63' title='bbox 471 679 590 713; x_wconf 79' lang='lat' dir='ltr'>Pater</span> <span class='ocrx_word' id='word_1_64' title='bbox 627 684 752 712; x_wconf 75' lang='lat' dir='ltr'>vester</span> <span class='ocrx_word' id='word_1_65' title='bbox 790 674 1012 711; x_wconf 77' lang='lat' dir='ltr'>misericors</span> <span class='ocrx_word' id='word_1_66' title='bbox 1043 680 1108 708; x_wconf 83' lang='lat' dir='ltr'>est.</span> <span class='ocrx_word' id='word_1_67' title='bbox 1142 672 1258 708; x_wconf 84' lang='lat' dir='ltr'>Tales</span> <span class='ocrx_word' id='word_1_68' title='bbox 1298 670 1402 706; x_wconf 90' lang='lat' dir='ltr'>enim</span> <span class='ocrx_word' id='word_1_69' title='bbox 1436 668 1655 704; x_wconf 88' lang='lat' dir='ltr'>secundum</span> <span class='ocrx_word' id='word_1_70' title='bbox 1694 677 1785 713; x_wconf 89' lang='lat' dir='ltr'>pro-</span> 
     </span>
     <span class='ocr_line' id='line_1_18' title="bbox 472 725 1785 771; baseline -0.009 0"><span class='ocrx_word' id='word_1_71' title='bbox 472 734 701 771; x_wconf 76' lang='lat' dir='ltr'>missionem</span> <span class='ocrx_word' id='word_1_72' title='bbox 755 731 901 770; x_wconf 75' lang='lat' dir='ltr'>Christi</span> <span class='ocrx_word' id='word_1_73' title='bbox 958 730 1124 767; x_wconf 85' lang='lat' dir='ltr'>Matthei</span> <span class='ocrx_word' id='word_1_74' title='bbox 1174 731 1227 765; x_wconf 81' lang='lat' dir='ltr'>VO</span> <span class='ocrx_word' id='word_1_75' title='bbox 1281 725 1598 764; x_wconf 88' lang='lat' dir='ltr'>misericordiam</span> <span class='ocrx_word' id='word_1_76' title='bbox 1650 735 1785 761; x_wconf 88' lang='lat' dir='ltr'>conse-</span> 
     </span>
     <span class='ocr_line' id='line_1_19' title="bbox 472 783 1786 842; baseline -0.01 -13"><span class='ocrx_word' id='word_1_77' title='bbox 472 801 657 842; x_wconf 86' lang='lat' dir='ltr'>quentur.</span> <span class='ocrx_word' id='word_1_78' title='bbox 705 793 781 828; x_wconf 85' lang='lat' dir='ltr'>Sed</span> <span class='ocrx_word' id='word_1_79' title='bbox 826 788 988 826; x_wconf 85' lang='lat' dir='ltr'>indubie</span> <span class='ocrx_word' id='word_1_80' title='bbox 1033 789 1106 824; x_wconf 83' lang='lat' dir='ltr'>nisi</span> <span class='ocrx_word' id='word_1_81' title='bbox 1147 785 1428 823; x_wconf 74' lang='lat' dir='ltr'>habmzdaverit</span> <span class='ocrx_word' id='word_1_82' title='bbox 1471 783 1618 820; x_wconf 82' lang='lat' dir='ltr'>iusticia</span> <span class='ocrx_word' id='word_1_83' title='bbox 1659 789 1786 818; x_wconf 81' lang='lat' dir='ltr'>vestra</span> 
     </span>
     <span class='ocr_line' id='line_1_20' title="bbox 472 842 1788 900; baseline -0.01 -13"><span class='ocrx_word' id='word_1_84' title='bbox 472 853 507 887; x_wconf 86' lang='lat' dir='ltr'>in</span> <span class='ocrx_word' id='word_1_85' title='bbox 550 851 621 886; x_wconf 86' lang='lat' dir='ltr'>ista</span> <span class='ocrx_word' id='word_1_86' title='bbox 664 849 861 900; x_wconf 80' lang='lat' dir='ltr'>spirituali</span> <span class='ocrx_word' id='word_1_87' title='bbox 902 846 1168 883; x_wconf 78' lang='lat' dir='ltr'>misericordia</span> <span class='ocrx_word' id='word_1_88' title='bbox 1208 846 1298 894; x_wconf 80' lang='lat' dir='ltr'>plus</span> <span class='ocrx_word' id='word_1_89' title='bbox 1329 856 1440 893; x_wconf 82' lang='lat' dir='ltr'>quam</span> <span class='ocrx_word' id='word_1_90' title='bbox 1491 842 1707 878; x_wconf 84' lang='lat' dir='ltr'>scribarum</span> <span class='ocrx_word' id='word_1_91' title='bbox 1753 846 1788 875; x_wconf 88' lang='lat' dir='ltr'>et</span> 
     </span>
    </p>
   </div>
   <div class='ocr_carea' id='block_1_6' title="bbox 469 898 1846 959">
    <p class='ocr_par' dir='ltr' id='par_1_6' title="bbox 469 898 1846 959">
     <span class='ocr_line' id='line_1_21' title="bbox 469 898 1846 959; baseline -0.01 -14"><span class='ocrx_word' id='word_1_92' title='bbox 469 909 758 959; x_wconf 78' lang='lat' dir='ltr'>phariseorum,</span> <span class='ocrx_word' id='word_1_93' title='bbox 811 919 883 943; x_wconf 85' lang='lat' dir='ltr'>non</span> <span class='ocrx_word' id='word_1_94' title='bbox 927 905 1119 941; x_wconf 84' lang='lat' dir='ltr'>intrabitis</span> <span class='ocrx_word' id='word_1_95' title='bbox 1161 904 1197 939; x_wconf 85' lang='lat' dir='ltr'>in</span> <span class='ocrx_word' id='word_1_96' title='bbox 1249 914 1413 952; x_wconf 76' lang='lat' dir='ltr'>regnum</span> <span class='ocrx_word' id='word_1_97' title='bbox 1459 900 1641 936; x_wconf 87' lang='lat' dir='ltr'>celorum.</span> <span class='ocrx_word' id='word_1_98' title='bbox 1695 898 1786 933; x_wconf 91' lang='lat' dir='ltr'>Ideo</span> <span class='ocrx_word' id='word_1_99' title='bbox 1807 910 1846 931; x_wconf 86' lang='grc' dir='ltr'>ιο</span> 
     </span>
    </p>
   </div>
   <div class='ocr_carea' id='block_1_7' title="bbox 474 955 1855 1992">
    <p class='ocr_par' dir='ltr' id='par_1_7' title="bbox 474 955 1786 1074">
     <span class='ocr_line' id='line_1_22' title="bbox 474 955 1786 1015; baseline -0.009 -12"><span class='ocrx_word' id='word_1_100' title='bbox 474 975 633 1015; x_wconf 84' lang='lat' dir='ltr'>oportet</span> <span class='ocrx_word' id='word_1_101' title='bbox 674 966 750 1002; x_wconf 86' lang='lat' dir='ltr'>illis</span> <span class='ocrx_word' id='word_1_102' title='bbox 789 963 937 1001; x_wconf 86' lang='lat' dir='ltr'>relictis</span> <span class='ocrx_word' id='word_1_103' title='bbox 975 963 1180 999; x_wconf 86' lang='lat' dir='ltr'>attendere</span> <span class='ocrx_word' id='word_1_104' title='bbox 1213 960 1321 998; x_wconf 85' lang='lat' dir='ltr'>aliud</span> <span class='ocrx_word' id='word_1_105' title='bbox 1354 958 1510 996; x_wconf 80' lang='lat' dir='ltr'>virtutis</span> <span class='ocrx_word' id='word_1_106' title='bbox 1544 955 1786 1005; x_wconf 88' lang='lat' dir='ltr'>principium</span> 
     </span>
     <span class='ocr_line' id='line_1_23' title="bbox 476 1023 900 1074; baseline -0.007 -13"><span class='ocrx_word' id='word_1_107' title='bbox 476 1026 583 1074; x_wconf 88' lang='lat' dir='ltr'>quod</span> <span class='ocrx_word' id='word_1_108' title='bbox 617 1033 674 1060; x_wconf 89' lang='lat' dir='ltr'>est</span> <span class='ocrx_word' id='word_1_109' title='bbox 707 1023 900 1061; x_wconf 87' lang='lat' dir='ltr'>Christus.</span> 
     </span>
    </p>

    <p class='ocr_par' dir='ltr' id='par_1_8' title="bbox 476 1070 1855 1992">
     <span class='ocr_line' id='line_1_24' title="bbox 534 1070 1790 1129; baseline -0.01 -10"><span class='ocrx_word' id='word_1_110' title='bbox 534 1083 587 1119; x_wconf 82' lang='lat' dir='ltr'>Ex</span> <span class='ocrx_word' id='word_1_111' title='bbox 627 1082 710 1118; x_wconf 87' lang='lat' dir='ltr'>istis</span> <span class='ocrx_word' id='word_1_112' title='bbox 750 1080 950 1129; x_wconf 78' lang='lat' dir='ltr'>colligitur</span> <span class='ocrx_word' id='word_1_113' title='bbox 988 1079 1095 1127; x_wconf 84' lang='lat' dir='ltr'>quod</span> <span class='ocrx_word' id='word_1_114' title='bbox 1135 1089 1338 1113; x_wconf 85' lang='lat' dir='ltr'>summum</span> <span class='ocrx_word' id='word_1_115' title='bbox 1378 1087 1478 1123; x_wconf 85' lang='lat' dir='ltr'>opus</span> <span class='ocrx_word' id='word_1_116' title='bbox 1517 1070 1790 1109; x_wconf 86' lang='lat' dir='ltr'>misericordie</span> 
     </span>
     <span class='ocr_line' id='line_1_25' title="bbox 476 1131 1791 1186; baseline -0.011 -8"><span class='ocrx_word' id='word_1_117' title='bbox 476 1140 640 1178; x_wconf 81' lang='lat' dir='ltr'>viatoris</span> <span class='ocrx_word' id='word_1_118' title='bbox 673 1141 774 1176; x_wconf 88' lang='lat' dir='ltr'>foret</span> <span class='ocrx_word' id='word_1_119' title='bbox 807 1139 846 1175; x_wconf 90' lang='lat' dir='ltr'>in</span> <span class='ocrx_word' id='word_1_120' title='bbox 880 1136 1074 1186; x_wconf 84' lang='lat' dir='ltr'>phariseis</span> <span class='ocrx_word' id='word_1_121' title='bbox 1098 1134 1285 1183; x_wconf 81' lang='lat' dir='ltr'>prudenti</span> <span class='ocrx_word' id='word_1_122' title='bbox 1319 1131 1594 1169; x_wconf 84' lang='lat' dir='ltr'>misericordia</span> <span class='ocrx_word' id='word_1_123' title='bbox 1625 1137 1791 1178; x_wconf 89' lang='lat' dir='ltr'>peccata</span> 
     </span>
     <span class='ocr_line' id='line_1_26' title="bbox 478 1188 1847 1246; baseline -0.011 -10"><span class='ocrx_word' id='word_1_124' title='bbox 478 1198 690 1246; x_wconf 81' lang='lat' dir='ltr'>corrigere.</span> <span class='ocrx_word' id='word_1_125' title='bbox 725 1200 837 1234; x_wconf 85' lang='lat' dir='ltr'>Patet</span> <span class='ocrx_word' id='word_1_126' title='bbox 870 1195 963 1244; x_wconf 90' lang='lat' dir='ltr'>quia</span> <span class='ocrx_word' id='word_1_127' title='bbox 989 1193 1263 1230; x_wconf 80' lang='lat' dir='ltr'>misericordia</span> <span class='ocrx_word' id='word_1_128' title='bbox 1289 1200 1345 1228; x_wconf 85' lang='lat' dir='ltr'>est</span> <span class='ocrx_word' id='word_1_129' title='bbox 1378 1191 1417 1227; x_wconf 92' lang='lat' dir='ltr'>in</span> <span class='ocrx_word' id='word_1_130' title='bbox 1452 1189 1593 1226; x_wconf 86' lang='lat' dir='ltr'>effectu</span> <span class='ocrx_word' id='word_1_131' title='bbox 1616 1188 1791 1224; x_wconf 89' lang='lat' dir='ltr'>relevare</span> <span class='ocrx_word' id='word_1_132' title='bbox 1811 1189 1847 1221; x_wconf 87' lang='lat'>15</span> 
     </span>
     <span class='ocr_line' id='line_1_27' title="bbox 479 1245 1791 1293; baseline -0.01 0"><span class='ocrx_word' id='word_1_133' title='bbox 479 1257 668 1293; x_wconf 88' lang='lat' dir='ltr'>miserum</span> <span class='ocrx_word' id='word_1_134' title='bbox 723 1269 744 1292; x_wconf 86' lang='lat' dir='ltr'>a</span> <span class='ocrx_word' id='word_1_135' title='bbox 796 1268 867 1291; x_wconf 87' lang='lat' dir='ltr'>sua</span> <span class='ocrx_word' id='word_1_136' title='bbox 920 1252 1092 1289; x_wconf 86' lang='lat' dir='ltr'>miseria.</span> <span class='ocrx_word' id='word_1_137' title='bbox 1146 1252 1223 1288; x_wconf 84' lang='lat' dir='ltr'>Sed</span> <span class='ocrx_word' id='word_1_138' title='bbox 1276 1252 1351 1286; x_wconf 90' lang='lat' dir='ltr'>hoc</span> <span class='ocrx_word' id='word_1_139' title='bbox 1404 1249 1514 1285; x_wconf 89' lang='lat' dir='ltr'>fieret</span> <span class='ocrx_word' id='word_1_140' title='bbox 1573 1245 1791 1282; x_wconf 80' lang='lat' dir='ltr'>exercendo</span> 
     </span>
     <span class='ocr_line' id='line_1_28' title="bbox 480 1302 1793 1358; baseline -0.011 -6"><span class='ocrx_word' id='word_1_141' title='bbox 480 1314 799 1352; x_wconf 87' lang='lat' dir='ltr'>misericordiam</span> <span class='ocrx_word' id='word_1_142' title='bbox 854 1312 892 1348; x_wconf 90' lang='lat' dir='ltr'>in</span> <span class='ocrx_word' id='word_1_143' title='bbox 944 1311 1019 1347; x_wconf 86' lang='lat' dir='ltr'>illis</span> <span class='ocrx_word' id='word_1_144' title='bbox 1079 1309 1304 1358; x_wconf 85' lang='lat' dir='ltr'>potissime;</span> <span class='ocrx_word' id='word_1_145' title='bbox 1363 1316 1452 1343; x_wconf 88' lang='lat' dir='ltr'>sunt</span> <span class='ocrx_word' id='word_1_146' title='bbox 1511 1305 1614 1342; x_wconf 89' lang='lat' dir='ltr'>enim</span> <span class='ocrx_word' id='word_1_147' title='bbox 1668 1302 1793 1350; x_wconf 86' lang='lat' dir='ltr'>magis</span> 
     </span>
     <span class='ocr_line' id='line_1_29' title="bbox 482 1361 1792 1420; baseline -0.011 -10"><span class='ocrx_word' id='word_1_148' title='bbox 482 1372 615 1410; x_wconf 89' lang='lat' dir='ltr'>miseri</span> <span class='ocrx_word' id='word_1_149' title='bbox 661 1384 731 1420; x_wconf 90' lang='lat' dir='ltr'>per</span> <span class='ocrx_word' id='word_1_150' title='bbox 778 1379 987 1420; x_wconf 88' lang='lat' dir='ltr'>peccatum</span> <span class='ocrx_word' id='word_1_151' title='bbox 1034 1377 1070 1405; x_wconf 92' lang='lat' dir='ltr'>et</span> <span class='ocrx_word' id='word_1_152' title='bbox 1116 1366 1240 1415; x_wconf 86' lang='lat' dir='ltr'>magis</span> <span class='ocrx_word' id='word_1_153' title='bbox 1280 1365 1422 1402; x_wconf 84' lang='lat' dir='ltr'>misere</span> <span class='ocrx_word' id='word_1_154' title='bbox 1462 1363 1663 1412; x_wconf 86' lang='lat' dir='ltr'>captivant</span> <span class='ocrx_word' id='word_1_155' title='bbox 1702 1361 1792 1397; x_wconf 90' lang='lat' dir='ltr'>sub-</span> 
     </span>
     <span class='ocr_line' id='line_1_30' title="bbox 483 1420 1792 1476; baseline -0.011 -8"><span class='ocrx_word' id='word_1_156' title='bbox 483 1431 599 1476; x_wconf 87' lang='lat' dir='ltr'>ditos,</span> <span class='ocrx_word' id='word_1_157' title='bbox 634 1443 724 1467; x_wconf 91' lang='lat' dir='ltr'>cum</span> <span class='ocrx_word' id='word_1_158' title='bbox 748 1430 967 1466; x_wconf 87' lang='lat' dir='ltr'>secundum</span> <span class='ocrx_word' id='word_1_159' title='bbox 990 1428 1132 1463; x_wconf 68' lang='lat' dir='ltr'>„ludam</span> <span class='ocrx_word' id='word_1_160' title='bbox 1158 1434 1248 1461; x_wconf 89' lang='lat' dir='ltr'>sunt</span> <span class='ocrx_word' id='word_1_161' title='bbox 1272 1425 1388 1460; x_wconf 80' lang='lat' dir='ltr'>nubes</span> <span class='ocrx_word' id='word_1_162' title='bbox 1418 1423 1497 1459; x_wconf 83' lang='lat' dir='ltr'>sine</span> <span class='ocrx_word' id='word_1_163' title='bbox 1527 1433 1624 1469; x_wconf 81' lang='lat' dir='ltr'>aqua</span> <span class='ocrx_word' id='word_1_164' title='bbox 1649 1420 1792 1456; x_wconf 87' lang='lat' dir='ltr'>celeste</span> 
     </span>
     <span class='ocr_line' id='line_1_31' title="bbox 483 1476 1851 1535; baseline -0.01 -9"><span class='ocrx_word' id='word_1_165' title='bbox 483 1491 616 1526; x_wconf 88' lang='lat' dir='ltr'>lumen</span> <span class='ocrx_word' id='word_1_166' title='bbox 662 1497 698 1525; x_wconf 89' lang='lat' dir='ltr'>et</span> <span class='ocrx_word' id='word_1_167' title='bbox 742 1486 918 1535; x_wconf 76' lang='lat' dir='ltr'>graciam</span> <span class='ocrx_word' id='word_1_168' title='bbox 964 1498 986 1522; x_wconf 92' lang='lat' dir='ltr'>a</span> <span class='ocrx_word' id='word_1_169' title='bbox 1030 1483 1213 1520; x_wconf 84' lang='lat' dir='ltr'>fidelibus</span> <span class='ocrx_word' id='word_1_170' title='bbox 1259 1481 1507 1529; x_wconf 87' lang='lat' dir='ltr'>eclipsantes.</span> <span class='ocrx_word' id='word_1_171' title='bbox 1554 1481 1642 1515; x_wconf 89' lang='lat' dir='ltr'>Non</span> <span class='ocrx_word' id='word_1_172' title='bbox 1687 1476 1791 1513; x_wconf 92' lang='lat' dir='ltr'>enim</span> <span class='ocrx_word' id='word_1_173' title='bbox 1810 1492 1851 1513; x_wconf 78' lang='lat'>20</span> 
     </span>
     <span class='ocr_line' id='line_1_32' title="bbox 482 1533 1793 1593; baseline -0.011 -9"><span class='ocrx_word' id='word_1_174' title='bbox 482 1547 638 1584; x_wconf 77' lang='lat' dir='ltr'>videtur</span> <span class='ocrx_word' id='word_1_175' title='bbox 672 1545 792 1582; x_wconf 90' lang='lat' dir='ltr'>michi</span> <span class='ocrx_word' id='word_1_176' title='bbox 825 1545 932 1593; x_wconf 86' lang='lat' dir='ltr'>quod</span> <span class='ocrx_word' id='word_1_177' title='bbox 965 1542 1042 1579; x_wconf 85' lang='lat' dir='ltr'>sint</span> <span class='ocrx_word' id='word_1_178' title='bbox 1080 1542 1297 1578; x_wconf 86' lang='lat' dir='ltr'>secundum</span> <span class='ocrx_word' id='word_1_179' title='bbox 1333 1536 1649 1575; x_wconf 86' lang='lat' dir='ltr'>misericordiam</span> <span class='ocrx_word' id='word_1_180' title='bbox 1685 1533 1793 1570; x_wconf 85' lang='lat' dir='ltr'>iusti—</span> 
     </span>
     <span class='ocr_line' id='line_1_33' title="bbox 485 1593 1793 1651; baseline -0.011 -9"><span class='ocrx_word' id='word_1_181' title='bbox 485 1605 701 1642; x_wconf 89' lang='lat' dir='ltr'>ciariorum</span> <span class='ocrx_word' id='word_1_182' title='bbox 756 1601 1020 1651; x_wconf 83' lang='lat' dir='ltr'>corporaliter</span> <span class='ocrx_word' id='word_1_183' title='bbox 1071 1598 1294 1642; x_wconf 81' lang='lat' dir='ltr'>occidendi,</span> <span class='ocrx_word' id='word_1_184' title='bbox 1355 1598 1422 1633; x_wconf 89' lang='lat' dir='ltr'>sed</span> <span class='ocrx_word' id='word_1_185' title='bbox 1477 1596 1692 1644; x_wconf 78' lang='lat' dir='ltr'>prudenter</span> <span class='ocrx_word' id='word_1_186' title='bbox 1745 1593 1793 1628; x_wconf 83' lang='lat' dir='ltr'>ad</span> 
     </span>
     <span class='ocr_line' id='line_1_34' title="bbox 484 1649 1795 1711; baseline -0.011 -11"><span class='ocrx_word' id='word_1_187' title='bbox 484 1664 632 1701; x_wconf 86' lang='lat' dir='ltr'>statum</span> <span class='ocrx_word' id='word_1_188' title='bbox 686 1661 909 1711; x_wconf 86' lang='lat' dir='ltr'>primevum</span> <span class='ocrx_word' id='word_1_189' title='bbox 963 1668 999 1695; x_wconf 91' lang='lat' dir='ltr'>et</span> <span class='ocrx_word' id='word_1_190' title='bbox 1052 1671 1121 1706; x_wconf 86' lang='lat' dir='ltr'>per</span> <span class='ocrx_word' id='word_1_191' title='bbox 1172 1655 1490 1693; x_wconf 88' lang='lat' dir='ltr'>subtraccionem</span> <span class='ocrx_word' id='word_1_192' title='bbox 1537 1651 1686 1688; x_wconf 89' lang='lat' dir='ltr'>fomitis</span> <span class='ocrx_word' id='word_1_193' title='bbox 1736 1649 1795 1686; x_wconf 90' lang='lat' dir='ltr'>sui</span> 
     </span>
     <span class='ocr_line' id='line_1_35' title="bbox 486 1708 1796 1763; baseline -0.011 -5"><span class='ocrx_word' id='word_1_194' title='bbox 486 1720 663 1759; x_wconf 87' lang='lat' dir='ltr'>criminis</span> <span class='ocrx_word' id='word_1_195' title='bbox 702 1718 937 1763; x_wconf 87' lang='lat' dir='ltr'>reducendi;</span> <span class='ocrx_word' id='word_1_196' title='bbox 977 1726 1071 1753; x_wconf 90' lang='lat' dir='ltr'>tunc</span> <span class='ocrx_word' id='word_1_197' title='bbox 1111 1715 1215 1751; x_wconf 87' lang='lat' dir='ltr'>enim</span> <span class='ocrx_word' id='word_1_198' title='bbox 1249 1714 1489 1762; x_wconf 86' lang='lat' dir='ltr'>proficerent</span> <span class='ocrx_word' id='word_1_199' title='bbox 1529 1711 1567 1746; x_wconf 89' lang='lat' dir='ltr'>in</span> <span class='ocrx_word' id='word_1_200' title='bbox 1601 1708 1796 1758; x_wconf 90' lang='lat' dir='ltr'>capiendo</span> 
     </span>
     <span class='ocr_line' id='line_1_36' title="bbox 487 1767 1855 1818; baseline -0.011 -2"><span class='ocrx_word' id='word_1_201' title='bbox 487 1781 622 1816; x_wconf 87' lang='lat' dir='ltr'>fideles</span> <span class='ocrx_word' id='word_1_202' title='bbox 667 1778 705 1814; x_wconf 91' lang='lat' dir='ltr'>in</span> <span class='ocrx_word' id='word_1_203' title='bbox 750 1777 830 1814; x_wconf 87' lang='lat' dir='ltr'>suis</span> <span class='ocrx_word' id='word_1_204' title='bbox 875 1775 1037 1818; x_wconf 83' lang='lat' dir='ltr'>retibus,</span> <span class='ocrx_word' id='word_1_205' title='bbox 1090 1773 1155 1810; x_wconf 89' lang='lat' dir='ltr'>ubi</span> <span class='ocrx_word' id='word_1_206' title='bbox 1201 1772 1279 1809; x_wconf 90' lang='lat' dir='ltr'>iam</span> <span class='ocrx_word' id='word_1_207' title='bbox 1326 1772 1553 1808; x_wconf 83' lang='lat' dir='ltr'>laborantes</span> <span class='ocrx_word' id='word_1_208' title='bbox 1598 1767 1637 1804; x_wconf 92' lang='lat' dir='ltr'>in</span> <span class='ocrx_word' id='word_1_209' title='bbox 1682 1774 1798 1802; x_wconf 86' lang='lat' dir='ltr'>nocte</span> <span class='ocrx_word' id='word_1_210' title='bbox 1815 1769 1855 1802; x_wconf 84' lang='lat'>25</span> 
     </span>
     <span class='ocr_line' id='line_1_37' title="bbox 486 1825 1799 1884; baseline -0.011 -10"><span class='ocrx_word' id='word_1_211' title='bbox 486 1839 647 1874; x_wconf 85' lang='lat' dir='ltr'>tenebre</span> <span class='ocrx_word' id='word_1_212' title='bbox 699 1845 735 1872; x_wconf 91' lang='lat' dir='ltr'>et</span> <span class='ocrx_word' id='word_1_213' title='bbox 786 1833 939 1884; x_wconf 89' lang='lat' dir='ltr'>peccati</span> <span class='ocrx_word' id='word_1_214' title='bbox 984 1832 1106 1869; x_wconf 86' lang='lat' dir='ltr'>nichil</span> <span class='ocrx_word' id='word_1_215' title='bbox 1157 1831 1257 1867; x_wconf 85' lang='lat' dir='ltr'>forte</span> <span class='ocrx_word' id='word_1_216' title='bbox 1303 1828 1465 1877; x_wconf 88' lang='lat' dir='ltr'>capiunt</span> <span class='ocrx_word' id='word_1_217' title='bbox 1509 1826 1583 1863; x_wconf 88' lang='lat' dir='ltr'>nisi</span> <span class='ocrx_word' id='word_1_218' title='bbox 1634 1825 1672 1861; x_wconf 89' lang='lat' dir='ltr'>in</span> <span class='ocrx_word' id='word_1_219' title='bbox 1718 1832 1799 1860; x_wconf 86' lang='lat' dir='ltr'>rete</span> 
     </span>
     <span class='ocr_line' id='line_1_38' title="bbox 487 1883 1799 1943; baseline -0.011 -10"><span class='ocrx_word' id='word_1_220' title='bbox 487 1894 656 1937; x_wconf 81' lang='lat' dir='ltr'>diaboli;</span> <span class='ocrx_word' id='word_1_221' title='bbox 702 1902 861 1943; x_wconf 88' lang='lat' dir='ltr'>oportet</span> <span class='ocrx_word' id='word_1_222' title='bbox 900 1900 1033 1929; x_wconf 82' lang='lat' dir='ltr'>autem</span> <span class='ocrx_word' id='word_1_223' title='bbox 1075 1891 1182 1938; x_wconf 89' lang='lat' dir='ltr'>quod</span> <span class='ocrx_word' id='word_1_224' title='bbox 1223 1888 1358 1925; x_wconf 84' lang='lat' dir='ltr'>fideles</span> <span class='ocrx_word' id='word_1_225' title='bbox 1398 1885 1558 1934; x_wconf 86' lang='lat' dir='ltr'>capiant</span> <span class='ocrx_word' id='word_1_226' title='bbox 1602 1883 1641 1920; x_wconf 92' lang='lat' dir='ltr'>in</span> <span class='ocrx_word' id='word_1_227' title='bbox 1678 1883 1799 1919; x_wconf 80' lang='lat' dir='ltr'>verbo</span> 
     </span>
     <span class='ocr_line' id='line_1_39' title="bbox 487 1952 647 1992; baseline -0.019 0"><span class='ocrx_word' id='word_1_228' title='bbox 487 1952 647 1992; x_wconf 86' lang='lat' dir='ltr'>Christi.</span> 
     </span>
    </p>
   </div>
   <div class='ocr_carea' id='block_1_8' title="bbox 915 2071 1366 2115">
    <p class='ocr_par' dir='ltr' id='par_1_9' title="bbox 915 2071 1366 2115">
     <span class='ocr_line' id='line_1_40' title="bbox 915 2071 1366 2115; baseline -0.009 0"><span class='ocrx_word' id='word_1_229' title='bbox 915 2072 1107 2115; x_wconf 88' lang='lat' dir='ltr'>SERMO</span> <span class='ocrx_word' id='word_1_230' title='bbox 1141 2071 1366 2112; x_wconf 81' lang='lat' dir='ltr'>XXXVIII.</span> 
     </span>
    </p>
   </div>
   <div class='ocr_carea' id='block_1_9' title="bbox 485 2174 1860 2465">
    <p class='ocr_par' dir='ltr' id='par_1_10' title="bbox 485 2174 1860 2293">
     <span class='ocr_line' id='line_1_41' title="bbox 547 2174 1860 2227; baseline -0.011 -6"><span class='ocrx_word' id='word_1_231' title='bbox 547 2185 634 2221; x_wconf 85' lang='lat' dir='ltr'>Nisi</span> <span class='ocrx_word' id='word_1_232' title='bbox 652 2182 933 2220; x_wconf 66' lang='lat' dir='ltr'>habundaret-it</span> <span class='ocrx_word' id='word_1_233' title='bbox 955 2180 1102 2217; x_wconf 84' lang='lat' dir='ltr'>iusticia</span> <span class='ocrx_word' id='word_1_234' title='bbox 1127 2186 1253 2215; x_wconf 71' lang='lat' dir='ltr'>vestra</span> <span class='ocrx_word' id='word_1_235' title='bbox 1280 2178 1370 2227; x_wconf 78' lang='lat' dir='ltr'>plns</span> <span class='ocrx_word' id='word_1_236' title='bbox 1393 2188 1503 2224; x_wconf 82' lang='lat' dir='ltr'>quam</span> <span class='ocrx_word' id='word_1_237' title='bbox 1527 2174 1743 2210; x_wconf 83' lang='lat' dir='ltr'>scribarum</span> <span class='ocrx_word' id='word_1_238' title='bbox 1768 2179 1802 2208; x_wconf 85' lang='lat' dir='ltr'>et</span> <span class='ocrx_word' id='word_1_239' title='bbox 1818 2174 1860 2207; x_wconf 85' lang='lat'>30</span> 
     </span>
     <span class='ocr_line' id='line_1_42' title="bbox 485 2233 1801 2293; baseline -0.011 -14"><span class='ocrx_word' id='word_1_240' title='bbox 485 2244 771 2293; x_wconf 79' lang='lat' dir='ltr'>phariseorum,</span> <span class='ocrx_word' id='word_1_241' title='bbox 788 2253 859 2277; x_wconf 85' lang='lat' dir='ltr'>non</span> <span class='ocrx_word' id='word_1_242' title='bbox 875 2239 1065 2276; x_wconf 83' lang='lat' dir='ltr'>intrabitis</span> <span class='ocrx_word' id='word_1_243' title='bbox 1079 2239 1114 2274; x_wconf 84' lang='lat' dir='ltr'>in</span> <span class='ocrx_word' id='word_1_244' title='bbox 1130 2249 1293 2287; x_wconf 74' lang='lat' dir='ltr'>regnum</span> <span class='ocrx_word' id='word_1_245' title='bbox 1309 2235 1490 2271; x_wconf 79' lang='lat' dir='ltr'>celorum.</span> <span class='ocrx_word' id='word_1_246' title='bbox 1508 2233 1719 2274; x_wconf 80' lang='lat' dir='ltr'>Matth.V0,</span> <span class='ocrx_word' id='word_1_247' title='bbox 1737 2240 1801 2266; x_wconf 80' lang='lat'>20.</span> 
     </span>
    </p>

    <p class='ocr_par' dir='ltr' id='par_1_11' title="bbox 490 2288 1803 2465">
     <span class='ocr_line' id='line_1_43' title="bbox 549 2288 1803 2347; baseline -0.011 -10"><span class='ocrx_word' id='word_1_248' title='bbox 549 2303 714 2338; x_wconf 86' lang='lat' dir='ltr'>Constat</span> <span class='ocrx_word' id='word_1_249' title='bbox 753 2300 861 2347; x_wconf 89' lang='lat' dir='ltr'>quod</span> <span class='ocrx_word' id='word_1_250' title='bbox 900 2295 1067 2334; x_wconf 84' lang='lat' dir='ltr'>ecclesia</span> <span class='ocrx_word' id='word_1_251' title='bbox 1112 2295 1331 2342; x_wconf 80' lang='lat' dir='ltr'>integratur</span> <span class='ocrx_word' id='word_1_252' title='bbox 1370 2304 1413 2328; x_wconf 82' lang='lat' dir='ltr'>ex</span> <span class='ocrx_word' id='word_1_253' title='bbox 1453 2290 1578 2327; x_wconf 89' lang='lat' dir='ltr'>tribus</span> <span class='ocrx_word' id='word_1_254' title='bbox 1623 2288 1803 2337; x_wconf 88' lang='lat' dir='ltr'>partibus</span> 
     </span>
     <span class='ocr_line' id='line_1_44' title="bbox 491 2347 1803 2408; baseline -0.011 -13"><span class='ocrx_word' id='word_1_255' title='bbox 491 2371 661 2408; x_wconf 84' lang='lat' dir='ltr'>quarum</span> <span class='ocrx_word' id='word_1_256' title='bbox 708 2356 838 2406; x_wconf 89' lang='lat' dir='ltr'>prima</span> <span class='ocrx_word' id='word_1_257' title='bbox 882 2353 1144 2403; x_wconf 88' lang='lat' dir='ltr'>generacione</span> <span class='ocrx_word' id='word_1_258' title='bbox 1189 2361 1225 2388; x_wconf 85' lang='lat' dir='ltr'>et</span> <span class='ocrx_word' id='word_1_259' title='bbox 1269 2351 1408 2387; x_wconf 83' lang='lat' dir='ltr'>infima</span> <span class='ocrx_word' id='word_1_260' title='bbox 1452 2347 1702 2397; x_wconf 86' lang='lat' dir='ltr'>perfeccione</span> <span class='ocrx_word' id='word_1_261' title='bbox 1746 2354 1803 2381; x_wconf 88' lang='lat' dir='ltr'>est</span> 
     </span>
     <span class='ocr_line' id='line_1_45' title="bbox 490 2403 1803 2465; baseline -0.011 -12"><span class='ocrx_word' id='word_1_262' title='bbox 490 2418 628 2465; x_wconf 84' lang='lat' dir='ltr'>vulgus</span> <span class='ocrx_word' id='word_1_263' title='bbox 667 2415 800 2452; x_wconf 86' lang='lat' dir='ltr'>vivens</span> <span class='ocrx_word' id='word_1_264' title='bbox 841 2415 888 2450; x_wconf 92' lang='lat' dir='ltr'>de</span> <span class='ocrx_word' id='word_1_265' title='bbox 921 2411 1114 2450; x_wconf 87' lang='lat' dir='ltr'>laboricio</span> <span class='ocrx_word' id='word_1_266' title='bbox 1153 2411 1212 2447; x_wconf 91' lang='lat' dir='ltr'>vel</span> <span class='ocrx_word' id='word_1_267' title='bbox 1251 2418 1334 2446; x_wconf 88' lang='lat' dir='ltr'>arte</span> <span class='ocrx_word' id='word_1_268' title='bbox 1369 2406 1621 2447; x_wconf 70' lang='lat' dir='ltr'>mechanica:</span> <span class='ocrx_word' id='word_1_269' title='bbox 1662 2413 1697 2441; x_wconf 92' lang='lat' dir='ltr'>et</span> <span class='ocrx_word' id='word_1_270' title='bbox 1730 2403 1803 2439; x_wconf 88' lang='lat' dir='ltr'>ista</span> 
     </span>
    </p>
   </div>
   <div class='ocr_carea' id='block_1_10' title="bbox 494 2538 1805 2656">
    <p class='ocr_par' dir='ltr' id='par_1_12' title="bbox 494 2538 1805 2656">
     <span class='ocr_line' id='line_1_46' title="bbox 564 2538 1805 2579; baseline -0.01 -2"><span class='ocrx_word' id='word_1_271' title='bbox 564 2560 583 2578; x_wconf 91' lang='lat'>1.</span> <span class='ocrx_word' id='word_1_272' title='bbox 606 2550 671 2577; x_wconf 78' lang='lat' dir='ltr'>BC:</span> <span class='ocrx_word' id='word_1_273' title='bbox 693 2554 793 2576; x_wconf 80' lang='lat' dir='ltr'>tamen</span> <span class='ocrx_word' id='word_1_274' title='bbox 816 2548 909 2574; x_wconf 73' lang='lat' dir='ltr'>deest.</span> <span class='ocrx_word' id='word_1_275' title='bbox 983 2554 1007 2573; x_wconf 80' lang='lat'>2.</span> <span class='ocrx_word' id='word_1_276' title='bbox 1031 2546 1070 2573; x_wconf 82' lang='lat' dir='ltr'>C:</span> <span class='ocrx_word' id='word_1_277' title='bbox 1093 2545 1259 2579; x_wconf 67' lang='lat' dir='ltr'>signando:</span> <span class='ocrx_word' id='word_1_278' title='bbox 1289 2544 1327 2570; x_wconf 85' lang='lat' dir='ltr'>ib.</span> <span class='ocrx_word' id='word_1_279' title='bbox 1350 2543 1394 2569; x_wconf 69' lang='lat' dir='ltr'>A:</span> <span class='ocrx_word' id='word_1_280' title='bbox 1417 2541 1571 2568; x_wconf 78' lang='lat' dir='ltr'>mandato.</span> <span class='ocrx_word' id='word_1_281' title='bbox 1645 2539 1668 2567; x_wconf 84' lang='grc'>5.</span> <span class='ocrx_word' id='word_1_282' title='bbox 1693 2538 1756 2565; x_wconf 78' lang='lat' dir='ltr'>BC:</span> <span class='ocrx_word' id='word_1_283' title='bbox 1779 2542 1805 2564; x_wconf 88' lang='lat' dir='ltr'>et</span> 
     </span>
     <span class='ocr_line' id='line_1_47' title="bbox 494 2573 1804 2618; baseline -0.011 -4"><span class='ocrx_word' id='word_1_284' title='bbox 494 2587 586 2614; x_wconf 79' lang='lat' dir='ltr'>deest.</span> <span class='ocrx_word' id='word_1_285' title='bbox 674 2584 702 2614; x_wconf 74' lang='grc' dir='ltr'>ὁ,</span> <span class='ocrx_word' id='word_1_286' title='bbox 724 2592 749 2618; x_wconf 82' lang='lat'>7.</span> <span class='ocrx_word' id='word_1_287' title='bbox 773 2582 838 2609; x_wconf 74' lang='lat' dir='ltr'>BC:</span> <span class='ocrx_word' id='word_1_288' title='bbox 862 2581 1094 2617; x_wconf 69' lang='lat' dir='ltr'>promissiones.</span> <span class='ocrx_word' id='word_1_289' title='bbox 1181 2587 1206 2614; x_wconf 79' lang='lat'>7.</span> <span class='ocrx_word' id='word_1_290' title='bbox 1229 2578 1268 2605; x_wconf 73' lang='lat' dir='ltr'>C:</span> <span class='ocrx_word' id='word_1_291' title='bbox 1291 2577 1413 2604; x_wconf 78' lang='lat' dir='ltr'>Mattliei</span> <span class='ocrx_word' id='word_1_292' title='bbox 1435 2576 1462 2602; x_wconf 65' lang='lat' dir='ltr'>V</span> <span class='ocrx_word' id='word_1_293' title='bbox 1484 2576 1578 2602; x_wconf 80' lang='lat' dir='ltr'>deest.</span> <span class='ocrx_word' id='word_1_294' title='bbox 1664 2582 1690 2608; x_wconf 79' lang='lat'>7.</span> <span class='ocrx_word' id='word_1_295' title='bbox 1712 2573 1738 2599; x_wconf 59' lang='grc' dir='ltr'>ὃ.</span> <span class='ocrx_word' id='word_1_296' title='bbox 1760 2573 1804 2599; x_wconf 78' lang='lat' dir='ltr'>A:</span> 
     </span>
     <span class='ocr_line' id='line_1_48' title="bbox 494 2606 1805 2656; baseline -0.011 -8"><span class='ocrx_word' id='word_1_297' title='bbox 494 2624 735 2656; x_wconf 84' lang='lat' dir='ltr'>consequuntur.</span> <span class='ocrx_word' id='word_1_298' title='bbox 833 2625 873 2644; x_wconf 93' lang='lat'>10.</span> <span class='ocrx_word' id='word_1_299' title='bbox 896 2616 933 2643; x_wconf 83' lang='lat' dir='ltr'>B:</span> <span class='ocrx_word' id='word_1_300' title='bbox 957 2615 1132 2642; x_wconf 77' lang='lat' dir='ltr'>introibitis.</span> <span class='ocrx_word' id='word_1_301' title='bbox 1225 2613 1262 2640; x_wconf 78' lang='lat'>15.</span> <span class='ocrx_word' id='word_1_302' title='bbox 1283 2613 1310 2639; x_wconf 72' lang='lat' dir='ltr'>A</span> <span class='ocrx_word' id='word_1_303' title='bbox 1332 2612 1359 2638; x_wconf 86' lang='lat' dir='ltr'>iii</span> <span class='ocrx_word' id='word_1_304' title='bbox 1384 2619 1495 2645; x_wconf 57' lang='lat' dir='ltr'>marg:</span> <span class='ocrx_word' id='word_1_305' title='bbox 1519 2609 1601 2644; x_wconf 83' lang='lat' dir='ltr'>Quid</span> <span class='ocrx_word' id='word_1_306' title='bbox 1623 2613 1667 2635; x_wconf 83' lang='lat' dir='ltr'>est</span> <span class='ocrx_word' id='word_1_307' title='bbox 1689 2606 1805 2634; x_wconf 73' lang='lat' dir='ltr'>miseri-</span> 
     </span>
    </p>
   </div>
   <div class='ocr_carea' id='block_1_11' title="bbox 495 2641 1805 2792">
    <p class='ocr_par' dir='ltr' id='par_1_13' title="bbox 495 2641 1805 2792">
     <span class='ocr_line' id='line_1_49' title="bbox 495 2641 1805 2686; baseline -0.011 -3"><span class='ocrx_word' id='word_1_308' title='bbox 495 2656 609 2683; x_wconf 84' lang='lat' dir='ltr'>cordia.</span> <span class='ocrx_word' id='word_1_309' title='bbox 675 2654 713 2681; x_wconf 73' lang='grc' dir='ltr'>ιδ.</span> <span class='ocrx_word' id='word_1_310' title='bbox 737 2652 775 2679; x_wconf 84' lang='lat' dir='ltr'>C:</span> <span class='ocrx_word' id='word_1_311' title='bbox 798 2651 963 2686; x_wconf 70' lang='lat' dir='ltr'>captivare.</span> <span class='ocrx_word' id='word_1_312' title='bbox 1029 2648 1071 2676; x_wconf 72' lang='lat'>23.</span> <span class='ocrx_word' id='word_1_313' title='bbox 1096 2649 1132 2675; x_wconf 66' lang='lat'>1³:</span> <span class='ocrx_word' id='word_1_314' title='bbox 1157 2657 1208 2683; x_wconf 85' lang='lat' dir='ltr'>per</span> <span class='ocrx_word' id='word_1_315' title='bbox 1229 2648 1323 2674; x_wconf 82' lang='lat' dir='ltr'>deest.</span> <span class='ocrx_word' id='word_1_316' title='bbox 1388 2654 1434 2676; x_wconf 74' lang='lat'>24-</span> <span class='ocrx_word' id='word_1_317' title='bbox 1456 2646 1499 2672; x_wconf 84' lang='lat' dir='ltr'>A:</span> <span class='ocrx_word' id='word_1_318' title='bbox 1521 2649 1548 2671; x_wconf 83' lang='lat' dir='ltr'>et</span> <span class='ocrx_word' id='word_1_319' title='bbox 1568 2648 1649 2670; x_wconf 85' lang='lat' dir='ltr'>tunc.</span> <span class='ocrx_word' id='word_1_320' title='bbox 1713 2649 1756 2676; x_wconf 84' lang='lat'>27.</span> <span class='ocrx_word' id='word_1_321' title='bbox 1778 2641 1805 2668; x_wconf 91' lang='lat' dir='ltr'><strong>A</strong></span> 
     </span>
     <span class='ocr_line' id='line_1_50' title="bbox 495 2678 1804 2719; baseline -0.011 -2"><span class='ocrx_word' id='word_1_322' title='bbox 495 2691 522 2717; x_wconf 85' lang='lat' dir='ltr'>iii</span> <span class='ocrx_word' id='word_1_323' title='bbox 545 2691 638 2717; x_wconf 84' lang='lat' dir='ltr'>deest.</span> <span class='ocrx_word' id='word_1_324' title='bbox 677 2688 721 2716; x_wconf 61' lang='lat'>28.</span> <span class='ocrx_word' id='word_1_325' title='bbox 739 2688 776 2714; x_wconf 75' lang='lat' dir='ltr'>B:</span> <span class='ocrx_word' id='word_1_326' title='bbox 798 2686 912 2713; x_wconf 73' lang='lat' dir='ltr'>Christi</span> <span class='ocrx_word' id='word_1_327' title='bbox 934 2690 988 2711; x_wconf 80' lang='lat' dir='ltr'>ete.</span> <span class='ocrx_word' id='word_1_328' title='bbox 1028 2692 1073 2719; x_wconf 65' lang='lat'>29.</span> <span class='ocrx_word' id='word_1_329' title='bbox 1091 2684 1117 2710; x_wconf 70' lang='grc' dir='ltr'>Α</span> <span class='ocrx_word' id='word_1_330' title='bbox 1138 2683 1167 2709; x_wconf 86' lang='lat' dir='ltr'>in</span> <span class='ocrx_word' id='word_1_331' title='bbox 1190 2691 1301 2717; x_wconf 65' lang='lat' dir='ltr'>marg:</span> <span class='ocrx_word' id='word_1_332' title='bbox 1325 2680 1492 2708; x_wconf 67' lang='lat' dir='ltr'>XXXVIII.</span> <span class='ocrx_word' id='word_1_333' title='bbox 1514 2678 1560 2706; x_wconf 71' lang='lat'>30.</span> <span class='ocrx_word' id='word_1_334' title='bbox 1578 2678 1626 2705; x_wconf 80' lang='lat' dir='ltr'>BC</span> <span class='ocrx_word' id='word_1_335' title='bbox 1642 2678 1670 2704; x_wconf 84' lang='lat' dir='ltr'>in</span> <span class='ocrx_word' id='word_1_336' title='bbox 1693 2684 1804 2709; x_wconf 46' lang='lat' dir='ltr'>marga</span> 
     </span>
     <span class='ocr_line' id='line_1_51' title="bbox 499 2710 1805 2753; baseline -0.012 -1"><span class='ocrx_word' id='word_1_337' title='bbox 499 2724 660 2752; x_wconf 69' lang='lat' dir='ltr'>Dominica</span> <span class='ocrx_word' id='word_1_338' title='bbox 688 2727 787 2750; x_wconf 82' lang='lat' dir='ltr'>sexta:</span> <span class='ocrx_word' id='word_1_339' title='bbox 823 2721 862 2748; x_wconf 83' lang='lat' dir='ltr'>ib.</span> <span class='ocrx_word' id='word_1_340' title='bbox 885 2720 908 2746; x_wconf 71' lang='grc' dir='ltr'>(Σ</span> <span class='ocrx_word' id='word_1_341' title='bbox 934 2719 962 2746; x_wconf 87' lang='lat' dir='ltr'>iu</span> <span class='ocrx_word' id='word_1_342' title='bbox 991 2727 1103 2753; x_wconf 41' lang='lat' dir='ltr'>marga</span> <span class='ocrx_word' id='word_1_343' title='bbox 1139 2722 1207 2752; x_wconf 74' lang='lat' dir='ltr'>post</span> <span class='ocrx_word' id='word_1_344' title='bbox 1227 2715 1399 2744; x_wconf 66' lang='lat' dir='ltr'>Trinitatis.</span> <span class='ocrx_word' id='word_1_345' title='bbox 1491 2713 1528 2740; x_wconf 63' lang='grc' dir='ltr'>ἰὴ.</span> <span class='ocrx_word' id='word_1_346' title='bbox 1556 2714 1594 2739; x_wconf 78' lang='lat' dir='ltr'>B:</span> <span class='ocrx_word' id='word_1_347' title='bbox 1629 2710 1805 2738; x_wconf 70' lang='lat' dir='ltr'>introibitis.</span> 
     </span>
     <span class='ocr_line' id='line_1_52' title="bbox 497 2747 1805 2792; baseline -0.011 -6"><span class='ocrx_word' id='word_1_348' title='bbox 497 2759 539 2787; x_wconf 66' lang='lat'>33.</span> <span class='ocrx_word' id='word_1_349' title='bbox 563 2760 599 2786; x_wconf 66' lang='lat'>15:</span> <span class='ocrx_word' id='word_1_350' title='bbox 623 2756 815 2792; x_wconf 76' lang='lat' dir='ltr'>generacior:</span> <span class='ocrx_word' id='word_1_351' title='bbox 846 2755 884 2782; x_wconf 82' lang='lat' dir='ltr'>ib.</span> <span class='ocrx_word' id='word_1_352' title='bbox 907 2755 949 2781; x_wconf 69' lang='lat' dir='ltr'>A:</span> <span class='ocrx_word' id='word_1_353' title='bbox 979 2754 1117 2780; x_wconf 72' lang='lat' dir='ltr'>infirma:</span> <span class='ocrx_word' id='word_1_354' title='bbox 1148 2753 1187 2779; x_wconf 81' lang='lat' dir='ltr'>ib.</span> <span class='ocrx_word' id='word_1_355' title='bbox 1210 2752 1247 2778; x_wconf 66' lang='lat'>1³:</span> <span class='ocrx_word' id='word_1_356' title='bbox 1277 2750 1459 2785; x_wconf 72' lang='lat' dir='ltr'>perfeceior:</span> <span class='ocrx_word' id='word_1_357' title='bbox 1491 2749 1529 2775; x_wconf 87' lang='lat' dir='ltr'>ib.</span> <span class='ocrx_word' id='word_1_358' title='bbox 1552 2749 1578 2774; x_wconf 76' lang='lat' dir='ltr'><strong>A</strong></span> <span class='ocrx_word' id='word_1_359' title='bbox 1599 2747 1627 2774; x_wconf 84' lang='lat' dir='ltr'>in</span> <span class='ocrx_word' id='word_1_360' title='bbox 1650 2753 1762 2779; x_wconf 60' lang='lat' dir='ltr'>marg:</span> <span class='ocrx_word' id='word_1_361' title='bbox 1787 2753 1805 2770; x_wconf 89' lang='lat'>1.</span> 
     </span>
    </p>
   </div>
   <div class='ocr_carea' id='block_1_12' title="bbox 500 2839 1806 2942">
    <p class='ocr_par' dir='ltr' id='par_1_14' title="bbox 500 2839 1806 2942">
     <span class='ocr_line' id='line_1_53' title="bbox 571 2839 1806 2896; baseline -0.011 -12"><span class='ocrx_word' id='word_1_362' title='bbox 571 2863 620 2896; x_wconf 77' lang='lat'>19.</span> <span class='ocrx_word' id='word_1_363' title='bbox 652 2852 760 2884; x_wconf 64' lang='lat' dir='ltr'>„iudae</span> <span class='ocrx_word' id='word_1_364' title='bbox 798 2861 846 2882; x_wconf 82' lang='lat'>12.</span> <span class='ocrx_word' id='word_1_365' title='bbox 950 2848 1004 2882; x_wconf 80' lang='lat'>30.</span> <span class='ocrx_word' id='word_1_366' title='bbox 1041 2847 1091 2880; x_wconf 81' lang='lat' dir='ltr'>Cf.</span> <span class='ocrx_word' id='word_1_367' title='bbox 1112 2844 1276 2889; x_wconf 83' lang='lat' dir='ltr'>Wyclif&#39;s</span> <span class='ocrx_word' id='word_1_368' title='bbox 1312 2845 1479 2878; x_wconf 82' lang='lat' dir='ltr'>Sermons</span> <span class='ocrx_word' id='word_1_369' title='bbox 1512 2843 1566 2873; x_wconf 87' lang='lat' dir='ltr'>ed.</span> <span class='ocrx_word' id='word_1_370' title='bbox 1597 2841 1641 2884; x_wconf 90' lang='lat' dir='ltr'>by</span> <span class='ocrx_word' id='word_1_371' title='bbox 1673 2839 1806 2871; x_wconf 81' lang='lat' dir='ltr'>Arnold</span> 
     </span>
     <span class='ocr_line' id='line_1_54' title="bbox 500 2902 694 2942; baseline -0.01 -11"><span class='ocrx_word' id='word_1_372' title='bbox 500 2902 521 2942; x_wconf 70' lang='lat' dir='ltr'>l,</span> <span class='ocrx_word' id='word_1_373' title='bbox 555 2910 694 2942; x_wconf 76' lang='lat'>14—17.</span> 
     </span>
    </p>
   </div>
  </div>
 </body>
</html>
