2017 3353
249 271 384 301 SERMO
406 262 530 315 xxur]
755 273 897 305 PRIMA
924 272 1052 305 PARS.
1778 271 1848 307 155

238 384 432 432 sut-entur
462 392 560 424 eum,
593 392 639 416 ac
671 379 942 428 superaddant
979 378 1189 415 mendacia
1222 381 1329 427 quod
1354 380 1393 416 in
1420 380 1566 418 virtute
1582 390 1666 427 They
1688 393 1853 427 prr—tended

249 438 415 489 propria
447 437 671 483 resurrexit,
706 447 743 474 et
766 438 827 474 vel
849 437 945 473 latet
977 437 1038 473 vel
1069 436 1109 473 in
1134 438 1262 474 celum
1288 438 1480 475 ascendit.
1514 440 1566 475 Et
1580 427 1851 496 discffjstfstlssssoffld

249 499 302 535 sic
339 496 568 533 novissimus
611 508 728 532 error
769 507 849 543 quo
888 495 1060 544 populus
1099 497 1312 532 seducetur
1348 497 1421 533 erit
1453 498 1566 546 peior
1626 496 1734 530 spread
1757 497 1810 523 lies

244 556 382 606 priore
424 567 503 602 quo
547 553 680 590 vivens
726 566 815 590 cum
856 553 1061 602 discipulis
1098 553 1178 590 suis
1216 555 1412 602 populum
1450 557 1564 591 sedu-
1597 530 1841 593 ‘¹iifssiit1-15531'issfflif

217 615 376 651 §ceban
422 614 470 648 Et
514 620 624 660 patet
668 625 789 660 quam
828 611 998 657 sinistre,
1045 624 1165 660 quam
1205 613 1324 649 stulte
1363 621 1400 649 et
1444 626 1563 661 quam

249 669 473 720 improvide
512 671 792 718 loquebantur,
839 669 933 718 quia
977 669 1168 706 facientes
1206 679 1360 707 tantam
1402 670 1565 719 diligen-

250 730 351 767 ciam
398 736 538 765 contra
576 727 918 765 resurreccionem
958 727 1106 764 Christi
1144 730 1265 765 verba
1304 742 1374 765 sua
1412 728 1453 765 in
1491 730 1566 765 hoc

156 815 219 846 Fol
250 788 502 825 crediderant
534 799 617 823 esse
648 798 754 831 vera,
789 787 857 822 sed
881 787 928 822 de
957 786 1124 823 ficcione
1158 786 1251 822 furti
1275 786 1565 835 discipulorum

156 840 234 893 ,58¹3
250 858 414 883 suorum
449 845 558 893 quod
586 840 591 898 l
622 844 748 892 magis
782 845 991 881 crederent
1015 844 1315 881 dubitacionem
1340 857 1565 893 expressam

195 918 233 939 io
250 917 321 953 per
343 905 458 954 sorte
491 902 730 939 addiderant
762 911 1044 951 repugnanter.
1075 905 1177 939 Nam
1202 904 1383 940 membra
1416 903 1565 940 diaboli

249 962 379 999 sciunt
423 960 725 997 infundabiliter
768 961 899 997 laxare
937 960 977 996 in
1015 960 1094 997 suis
1135 960 1291 997 ficticiis
1335 961 1564 1007 falsitatem,

249 1020 342 1069 quia
374 1020 594 1056 secundum
628 1017 884 1055 Aristotelem
926 1018 1121 1067 contingit
1161 1031 1295 1056 errare
1334 1033 1356 1056 a
1387 1019 1565 1056 veritatis

248 1077 486 1115 rectitudine
532 1076 666 1113 multis
716 1076 859 1114 modis.
911 1078 989 1113 Sed
1034 1077 1183 1114 Pilatus
1238 1090 1475 1114 consensum
1529 1086 1853 1117 etpilatethrewthe

248 1135 530 1173 auctoritatem
575 1134 691 1171 huius
734 1135 827 1171 facti
872 1135 1086 1183 proditorii
1130 1149 1152 1172 a
1197 1148 1331 1172 cesare
1374 1135 1415 1172 in
1458 1135 1565 1184 ipsos
1598 1125 1828 1187 ῙρςῃΡὲἳῇᾞζΡῐ)

195 1194 473 1232 15excuciens:
515 1193 690 1239 Habetis,
723 1193 866 1242 inquit,
906 1194 1133 1240 custodiam,
1172 1195 1247 1230 hoc
1287 1202 1356 1239 est,
1403 1195 1453 1230 ad
1497 1207 1566 1230 vos

248 1253 421 1301 pertinet
454 1250 674 1296 custodire;
708 1250 798 1288 ideo
837 1260 1003 1299 propter
1035 1260 1190 1288 tantum
1224 1252 1415 1288 interesse
1447 1252 1496 1288 ite
1533 1260 1568 1288 et

248 1311 434 1348 custodite
479 1322 569 1346 cum
614 1317 726 1346 tanta
771 1309 996 1357 diligencia,
1041 1310 1138 1346 sicut
1180 1310 1294 1346 scitis.
1336 1310 1400 1346 Illi
1440 1318 1565 1346 autem

248 1370 427 1406 abeuntes
459 1367 679 1404 munierunt
708 1368 928 1417 sepulcrum
962 1380 1046 1404 cum
1080 1369 1300 1404 custodibus
1322 1368 1566 1404 involventes

247 1427 423 1476 lapidem
476 1426 584 1474 quod
636 1425 765 1462 tucius
818 1425 1073 1462 crediderunt
1117 1439 1237 1475 quam
1284 1426 1472 1463 hostium.
1518 1429 1566 1462 Et

190 1501 231 1522 20
247 1484 496 1535 providendo
535 1484 582 1519 de
623 1483 816 1520 militibus
854 1484 985 1532 ipsum
1031 1483 1347 1521 custodientibus
1387 1497 1475 1521 cum
1516 1484 1566 1520 si-

247 1543 349 1592 gillis
382 1542 462 1580 suis
495 1543 751 1578 obturantem
786 1542 951 1592 lapidem
984 1543 1250 1593 signaverunt.

305 1602 383 1639 Sed
435 1599 528 1649 quia
579 1612 661 1636 non
707 1609 763 1637 est
810 1599 1020 1637 consilium
1068 1609 1208 1637 contra
1241 1601 1459 1637 Dominum
1507 1602 1565 1648 (ut

247 1660 392 1697 dicitur
407 1661 521 1695 Prov.
537 1659 636 1703 XXI,
657 1659 733 1705 30),
758 1668 867 1707 patet
883 1672 1003 1708 quam
1020 1659 1222 1707 signanter
1237 1661 1343 1696 Deus
1366 1658 1566 1696 ordinavit
1596 1671 1692 1699 Their
1711 1672 1836 1710 counsel

247 1719 356 1768 quod
389 1726 474 1754 tota
513 1716 765 1754 machinacio
805 1730 944 1754 eorum
983 1717 1023 1753 in
1062 1717 1337 1754 confusionem
1376 1730 1489 1754 suam
1530 1726 1566 1753 et
1582 1707 1854 1768 oxsssssssscz‘hfftlfffflffu.

191 1781 230 1813 25
248 1775 580 1824 redargucionem
619 1788 700 1812 non
738 1775 940 1812 modicam
973 1776 1023 1812 sit
1056 1788 1260 1821 conversa,
1294 1775 1388 1824 quia
1421 1775 1566 1812 milites

249 1835 317 1884 qui
349 1834 587 1871 videbantur
626 1833 680 1870 eis
720 1834 976 1870 consentanei
1010 1833 1050 1870 in
1083 1833 1231 1870 Christi
1262 1847 1397 1870 veram
1438 1847 1567 1870 resur-

250 1893 476 1930 reccionem
516 1900 813 1937 consenserant,
854 1891 946 1928 licet
985 1891 1174 1928 conducti
1212 1892 1382 1940 pecunia
1419 1891 1566 1940 paulis-

250 1964 321 2000 per
364 1958 535 1987 taceant.
586 1952 633 1986 Et
683 1958 792 1999 patet
836 1963 907 1986 sua
952 1959 1188 1998 sumptuosa
1233 1949 1427 1991 confusio,
1474 1950 1566 1998 quia

250 2009 488 2058 generaliter
543 2008 606 2044 via
665 2008 815 2045 diaboli
874 2017 931 2045 est
989 2008 1249 2054 confusibilis,
1304 2007 1477 2044 difficilis
1530 2017 1566 2044 et

195 2068 418 2104 3onimium
469 2075 718 2114 sumptuosa.
769 2069 944 2103 Econtra
988 2076 1121 2103 autem
1165 2067 1228 2103 via
1278 2066 1456 2103 veritatis
1509 2075 1566 2102 est

250 2124 510 2170 consolativa,
544 2125 671 2162 facilis
706 2134 742 2161 et
781 2124 970 2173 precipue
1003 2125 1098 2162 levis
1131 2125 1237 2171 ferri,
1273 2124 1366 2173 quia
1399 2136 1564 2172 regnum

251 2186 428 2222 celorum
469 2185 576 2231 apud
615 2196 896 2232 quemcunque
941 2192 1185 2220 mercantem
1224 2196 1306 2219 non
1344 2183 1432 2231 plus
1463 2183 1566 2219 valet

251 2256 371 2292 quam
406 2243 536 2286 habet,
571 2254 662 2278 cum
695 2250 786 2278 ante
818 2241 889 2278 Dei
922 2242 1060 2278 oculos
1093 2254 1174 2278 non
1196 2241 1245 2278 sit
1269 2254 1410 2278 manus
1442 2253 1567 2277 vacua

251 2314 273 2338 a
313 2312 489 2345 munere,
530 2299 561 2335 si
600 2299 649 2336 sit
682 2301 804 2336 archa
843 2300 975 2337 cordis
1008 2301 1160 2348 repleta
1199 2301 1304 2336 bona
1341 2300 1566 2338 voluntate:

197 2361 235 2393 35
252 2361 356 2396 bona
399 2358 534 2406 itaque
565 2357 710 2394 volicio
755 2371 831 2407 que
875 2367 932 2395 est
976 2357 1181 2395 liberrima
1219 2366 1338 2406 atque
1376 2356 1567 2394 facillima

252 2426 309 2454 est
342 2415 543 2453 sufficiens
576 2416 757 2464 precium
790 2430 864 2465 pro
899 2417 974 2453 hoc
1007 2429 1144 2464 regno.

311 2476 386 2511 Sed
410 2487 484 2522 pro
507 2487 624 2510 sensu
648 2474 763 2511 huius
787 2474 980 2522 evangelii
995 2474 1248 2523 tropologico
1265 2482 1321 2511 est
1343 2475 1564 2510 notandum

252 2535 358 2582 quod
391 2541 521 2569 totum
562 2533 637 2568 hoc
668 2533 818 2569 factum
856 2532 1012 2569 videtur
1045 2533 1210 2569 innuere
1242 2541 1369 2570 totam
1409 2544 1567 2579 perver-

322 2676 342 2695 1.
365 2666 430 2695 BC:
453 2667 523 2702 quia
544 2666 664 2694 virtute.
727 2674 752 2693 2.
774 2667 818 2694 A:
841 2667 1006 2694 resurrexit
1027 2666 1152 2702 propria
1173 2666 1349 2693 resurrexit.
1410 2665 1436 2693 3.
1458 2667 1501 2693 A:
1523 2670 1567 2692 est

253 2703 348 2738 peior.
410 2711 440 2736 4.
462 2704 506 2729 A:
530 2701 624 2736 priori
667 2709 705 2728 uo
727 2709 842 2728 emens.
905 2710 939 2729 ιι.
961 2701 1028 2729 BC:
1051 2701 1134 2728 sauis
1154 2701 1283 2728 ficticiis.
1347 2708 1384 2727 12.
1407 2701 1449 2727 A:
1472 2709 1488 2727 a
1508 2701 1567 2727 vir-

251 2737 334 2764 tutis.
401 2745 443 2770 ¹4-
466 2735 532 2763 BC:
553 2736 622 2762 facti
666 2740 744 2769 eest3
765 2736 806 2763 ib.
827 2737 871 2764 A:
893 2741 921 2763 et
941 2737 1026 2771 ipso:
1049 2735 1088 2763 C:
1110 2736 1204 2771 ipsas.
1280 2735 1321 2762 16.
1344 2735 1409 2762 BC:
1431 2736 1565 2762 interest.

252 2773 293 2799 18.
315 2771 381 2799 BC:
409 2779 479 2798 cum
500 2770 680 2798 custodibus
701 2770 794 2798 deest.
858 2779 899 2803 ιο.
922 2773 965 2798 A:
987 2770 1121 2806 lapides:
1149 2771 1188 2797 ib.
1212 2769 1251 2797 C:
1273 2771 1398 2797 ostium.
1460 2777 1499 2796 21.
1522 2771 1564 2796 A:

252 2807 425 2833 obturante.
515 2804 559 2832 23.
582 2804 648 2831 BC:
671 2805 752 2839 quod
775 2804 946 2841 signaliter:
975 2807 1020 2833 A:
1043 2805 1176 2832 ordinat.
1268 2804 1314 2831 20.
1336 2807 1380 2831 A:
1401 2804 1443 2831 eis
1465 2804 1565 2835 deest:

253 2841 296 2868 sic
315 2840 522 2868 consentanei.
625 2847 670 2874 27.
692 2841 735 2866 A:
757 2840 918 2867 conducta.
1027 2847 1074 2875 29.
1097 2842 1140 2867 A:
1162 2844 1207 2866 cst
1227 2839 1328 2868 deest:
1357 2840 1377 2865 B
1399 2839 1428 2866 iu
1450 2846 1564 2872 marg:

254 2876 374 2903 Diaboli
394 2876 442 2902 via
463 2874 596 2902 difficilis
616 2879 643 2901 et
665 2874 711 2901 xia
733 2874 847 2902 Christi
868 2875 977 2902 facilis.
1052 2875 1090 2902 31.
1111 2875 1155 2902 A:
1179 2874 1258 2909 preci
1287 2874 1314 2900 ui
1336 2874 1394 2900 fori
1416 2874 1502 2908 quia:
1526 2874 1562 2901 1¹1:

253 2910 321 2937 sori.
395 2910 437 2938 35.
458 2910 501 2937 A:
524 2909 655 2936 volucio.
729 2908 773 2943 37.
795 2911 822 2937 A
843 2910 873 2936 iu
895 2918 1009 2945 marg:
1032 2911 1148 2937 Sensus
1169 2883 1390 2943 tropoibgicus.
