<?xml version="1.0" encoding="UTF-8"?>
<!DOCTYPE html PUBLIC "-//W3C//DTD XHTML 1.0 Transitional//EN"
    "http://www.w3.org/TR/xhtml1/DTD/xhtml1-transitional.dtd">
<html xmlns="http://www.w3.org/1999/xhtml" xml:lang="en" lang="en">
 <head>
  <title>
</title>
<meta http-equiv="Content-Type" content="text/html;charset=utf-8" />
  <meta name='ocr-system' content='tesseract 3.04.00' />
  <meta name='ocr-capabilities' content='ocr_page ocr_carea ocr_par ocr_line ocrx_word'/>
</head>
<body>
  <div class='ocr_page' id='page_1' title='image "./iohanniswyclifse0701wycl_0080.png"; bbox 0 0 2017 3353; ppageno 0'>
   <div class='ocr_carea' id='block_1_1' title="bbox 742 254 1762 312">
    <p class='ocr_par' dir='ltr' id='par_1_1' title="bbox 742 254 1762 312">
     <span class='ocr_line' id='line_1_1' title="bbox 742 254 1762 312; baseline -0.007 -9"><span class='ocrx_word' id='word_1_1' title='bbox 742 271 964 304; x_wconf 83' lang='lat' dir='ltr'>JOHANNIS</span> <span class='ocrx_word' id='word_1_2' title='bbox 994 270 1175 303; x_wconf 86' lang='lat' dir='ltr'>WYCLIF</span> <span class='ocrx_word' id='word_1_3' title='bbox 1202 269 1460 301; x_wconf 82' lang='lat' dir='ltr'>SERMONUM</span> <span class='ocrx_word' id='word_1_4' title='bbox 1547 254 1700 312; x_wconf 73' lang='lat' dir='ltr'><strong>[SERMO</strong></span> <span class='ocrx_word' id='word_1_5' title='bbox 1725 264 1762 292; x_wconf 81' lang='lat' dir='ltr'>V·</span> 
     </span>
    </p>
   </div>
   <div class='ocr_carea' id='block_1_2' title="bbox 460 374 1771 484">
    <p class='ocr_par' dir='ltr' id='par_1_2' title="bbox 460 374 1771 484">
     <span class='ocr_line' id='line_1_2' title="bbox 460 374 1771 427; baseline -0.005 -11"><span class='ocrx_word' id='word_1_6' title='bbox 460 380 534 417; x_wconf 86' lang='lat' dir='ltr'>sibi</span> <span class='ocrx_word' id='word_1_7' title='bbox 568 379 805 427; x_wconf 88' lang='lat' dir='ltr'>opponitur.</span> <span class='ocrx_word' id='word_1_8' title='bbox 836 380 885 414; x_wconf 88' lang='lat' dir='ltr'>Et</span> <span class='ocrx_word' id='word_1_9' title='bbox 918 378 975 414; x_wconf 91' lang='lat' dir='ltr'>sic</span> <span class='ocrx_word' id='word_1_10' title='bbox 1007 377 1295 414; x_wconf 85' lang='lat' dir='ltr'>attendendum</span> <span class='ocrx_word' id='word_1_11' title='bbox 1330 385 1387 412; x_wconf 85' lang='lat' dir='ltr'>est</span> <span class='ocrx_word' id='word_1_12' title='bbox 1411 376 1461 412; x_wconf 91' lang='lat' dir='ltr'>ad</span> <span class='ocrx_word' id='word_1_13' title='bbox 1493 374 1679 411; x_wconf 90' lang='lat' dir='ltr'>homines</span> <span class='ocrx_word' id='word_1_14' title='bbox 1702 374 1771 423; x_wconf 90' lang='lat' dir='ltr'>qui</span> 
     </span>
     <span class='ocr_line' id='line_1_3' title="bbox 461 432 1770 484; baseline -0.005 -10"><span class='ocrx_word' id='word_1_15' title='bbox 461 439 501 474; x_wconf 93' lang='lat' dir='ltr'>in</span> <span class='ocrx_word' id='word_1_16' title='bbox 535 438 680 474; x_wconf 90' lang='lat' dir='ltr'>ritibus</span> <span class='ocrx_word' id='word_1_17' title='bbox 714 435 996 484; x_wconf 81' lang='lat' dir='ltr'>corporalibus</span> <span class='ocrx_word' id='word_1_18' title='bbox 1032 435 1157 483; x_wconf 88' lang='lat' dir='ltr'>magis</span> <span class='ocrx_word' id='word_1_19' title='bbox 1191 433 1480 482; x_wconf 79' lang='lat' dir='ltr'>sophisticam3</span> <span class='ocrx_word' id='word_1_20' title='bbox 1517 442 1555 470; x_wconf 94' lang='lat' dir='ltr'>et</span> <span class='ocrx_word' id='word_1_21' title='bbox 1588 432 1645 469; x_wconf 90' lang='lat' dir='ltr'>illi</span> <span class='ocrx_word' id='word_1_22' title='bbox 1678 442 1770 468; x_wconf 89' lang='lat' dir='ltr'>sunt</span> 
     </span>
    </p>
   </div>
   <div class='ocr_carea' id='block_1_3' title="bbox 168 490 1772 545">
    <p class='ocr_par' dir='ltr' id='par_1_3' title="bbox 168 490 1772 545">
     <span class='ocr_line' id='line_1_4' title="bbox 168 490 1772 545; baseline -0.003 -15"><span class='ocrx_word' id='word_1_23' title='bbox 168 503 256 530; x_wconf 81' lang='lat' dir='ltr'>Thus</span> <span class='ocrx_word' id='word_1_24' title='bbox 289 504 339 530; x_wconf 78' lang='lat' dir='ltr'>the</span> <span class='ocrx_word' id='word_1_25' title='bbox 366 507 445 530; x_wconf 82' lang='lat' dir='ltr'>sects</span> <span class='ocrx_word' id='word_1_26' title='bbox 461 496 528 545; x_wconf 88' lang='lat' dir='ltr'>qui</span> <span class='ocrx_word' id='word_1_27' title='bbox 562 495 800 544; x_wconf 83' lang='lat' dir='ltr'>religionem</span> <span class='ocrx_word' id='word_1_28' title='bbox 826 493 973 531; x_wconf 82' lang='lat' dir='ltr'>Christi</span> <span class='ocrx_word' id='word_1_29' title='bbox 997 493 1085 541; x_wconf 87' lang='lat' dir='ltr'>plus</span> <span class='ocrx_word' id='word_1_30' title='bbox 1118 493 1309 538; x_wconf 86' lang='lat' dir='ltr'>lacerant,</span> <span class='ocrx_word' id='word_1_31' title='bbox 1336 490 1565 528; x_wconf 87' lang='lat' dir='ltr'>cuiusmodi</span> <span class='ocrx_word' id='word_1_32' title='bbox 1588 490 1772 526; x_wconf 85' lang='lat' dir='ltr'>videntur</span> 
     </span>
    </p>
   </div>
   <div class='ocr_carea' id='block_1_4' title="bbox 276 538 336 565">
    <p class='ocr_par' dir='ltr' id='par_1_4' title="bbox 276 538 336 565">
     <span class='ocr_line' id='line_1_5' title="bbox 276 538 336 565; baseline -0.017 0"><span class='ocrx_word' id='word_1_33' title='bbox 276 538 336 565; x_wconf 85' lang='lat' dir='ltr'>sin.</span> 
     </span>
    </p>
   </div>
   <div class='ocr_carea' id='block_1_5' title="bbox 461 548 1778 1809">
    <p class='ocr_par' dir='ltr' id='par_1_5' title="bbox 461 548 1778 1809">
     <span class='ocr_line' id='line_1_6' title="bbox 462 548 1772 601; baseline -0.005 -10"><span class='ocrx_word' id='word_1_34' title='bbox 462 553 596 591; x_wconf 90' lang='lat' dir='ltr'>cuncti</span> <span class='ocrx_word' id='word_1_35' title='bbox 641 551 817 601; x_wconf 80' lang='lat' dir='ltr'>religiosi</span> <span class='ocrx_word' id='word_1_36' title='bbox 862 551 1022 599; x_wconf 83' lang='lat' dir='ltr'>privati,</span> <span class='ocrx_word' id='word_1_37' title='bbox 1069 550 1149 587; x_wconf 89' lang='lat' dir='ltr'>sive</span> <span class='ocrx_word' id='word_1_38' title='bbox 1188 549 1478 598; x_wconf 86' lang='lat' dir='ltr'>possessionati</span> <span class='ocrx_word' id='word_1_39' title='bbox 1512 548 1660 585; x_wconf 90' lang='lat' dir='ltr'>fuerint</span> <span class='ocrx_word' id='word_1_40' title='bbox 1693 548 1772 584; x_wconf 88' lang='lat' dir='ltr'>sive</span> 
     </span>
     <span class='ocr_line' id='line_1_7' title="bbox 462 606 1770 658; baseline -0.005 -10"><span class='ocrx_word' id='word_1_41' title='bbox 462 613 613 648; x_wconf 88' lang='lat' dir='ltr'>fratres.</span> <span class='ocrx_word' id='word_1_42' title='bbox 658 611 735 658; x_wconf 92' lang='lat' dir='ltr'>Ipsi</span> <span class='ocrx_word' id='word_1_43' title='bbox 777 610 882 647; x_wconf 89' lang='lat' dir='ltr'>enim</span> <span class='ocrx_word' id='word_1_44' title='bbox 917 610 1055 646; x_wconf 88' lang='lat' dir='ltr'>dicunt</span> <span class='ocrx_word' id='word_1_45' title='bbox 1089 610 1199 657; x_wconf 87' lang='lat' dir='ltr'>quod</span> <span class='ocrx_word' id='word_1_46' title='bbox 1239 610 1500 644; x_wconf 79' lang='lat' dir='ltr'>observantes</span> <span class='ocrx_word' id='word_1_47' title='bbox 1534 606 1770 654; x_wconf 80' lang='lat' dir='ltr'>religionem</span> 
     </span>
     <span class='ocr_line' id='line_1_8' title="bbox 462 664 1771 718; baseline -0.004 -12"><span class='ocrx_word' id='word_1_48' title='bbox 462 683 575 706; x_wconf 89' lang='lat' dir='ltr'>suam</span> <span class='ocrx_word' id='word_1_49' title='bbox 617 681 693 718; x_wconf 88' lang='lat' dir='ltr'>que</span> <span class='ocrx_word' id='word_1_50' title='bbox 732 677 791 705; x_wconf 90' lang='lat' dir='ltr'>est</span> <span class='ocrx_word' id='word_1_51' title='bbox 831 667 1050 704; x_wconf 87' lang='lat' dir='ltr'>christiana</span> <span class='ocrx_word' id='word_1_52' title='bbox 1090 666 1283 714; x_wconf 83' lang='lat' dir='ltr'>religione</span> <span class='ocrx_word' id='word_1_53' title='bbox 1324 664 1548 713; x_wconf 88' lang='lat' dir='ltr'>perfeccior</span> <span class='ocrx_word' id='word_1_54' title='bbox 1579 664 1771 701; x_wconf 87' lang='lat' dir='ltr'>excedunt</span> 
     </span>
     <span class='ocr_line' id='line_1_9' title="bbox 462 721 1769 776; baseline -0.005 -12"><span class='ocrx_word' id='word_1_55' title='bbox 462 727 667 776; x_wconf 86' lang='lat' dir='ltr'>quoslibet</span> <span class='ocrx_word' id='word_1_56' title='bbox 693 726 906 772; x_wconf 84' lang='lat' dir='ltr'>seculares,</span> <span class='ocrx_word' id='word_1_57' title='bbox 941 736 977 762; x_wconf 90' lang='lat' dir='ltr'>et</span> <span class='ocrx_word' id='word_1_58' title='bbox 1005 725 1053 773; x_wconf 91' lang='lat' dir='ltr'>(si</span> <span class='ocrx_word' id='word_1_59' title='bbox 1076 726 1134 761; x_wconf 89' lang='lat' dir='ltr'>fas</span> <span class='ocrx_word' id='word_1_60' title='bbox 1159 734 1217 761; x_wconf 88' lang='lat' dir='ltr'>est</span> <span class='ocrx_word' id='word_1_61' title='bbox 1242 723 1388 767; x_wconf 85' lang='lat' dir='ltr'>dicere)</span> <span class='ocrx_word' id='word_1_62' title='bbox 1414 723 1521 770; x_wconf 89' lang='lat' dir='ltr'>ipsos</span> <span class='ocrx_word' id='word_1_63' title='bbox 1546 721 1769 770; x_wconf 86' lang='lat' dir='ltr'>apostolos.</span> 
     </span>
     <span class='ocr_line' id='line_1_10' title="bbox 462 780 1771 832; baseline -0.005 -10"><span class='ocrx_word' id='word_1_64' title='bbox 462 787 562 822; x_wconf 91' lang='lat' dir='ltr'>Nam</span> <span class='ocrx_word' id='word_1_65' title='bbox 607 784 731 821; x_wconf 89' lang='lat' dir='ltr'>multa</span> <span class='ocrx_word' id='word_1_66' title='bbox 776 785 866 832; x_wconf 89' lang='lat' dir='ltr'>plus</span> <span class='ocrx_word' id='word_1_67' title='bbox 906 783 1141 831; x_wconf 89' lang='lat' dir='ltr'>blasphema</span> <span class='ocrx_word' id='word_1_68' title='bbox 1175 782 1312 818; x_wconf 90' lang='lat' dir='ltr'>dicunt</span> <span class='ocrx_word' id='word_1_69' title='bbox 1354 780 1548 828; x_wconf 83' lang='lat' dir='ltr'>implicite</span> <span class='ocrx_word' id='word_1_70' title='bbox 1581 780 1691 828; x_wconf 90' lang='lat' dir='ltr'>quod</span> <span class='ocrx_word' id='word_1_71' title='bbox 1725 792 1771 816; x_wconf 90' lang='lat' dir='ltr'>eo</span> 
     </span>
     <span class='ocr_line' id='line_1_11' title="bbox 462 836 1773 892; baseline -0.006 -12"><span class='ocrx_word' id='word_1_72' title='bbox 462 844 548 892; x_wconf 91' lang='lat' dir='ltr'>ipso</span> <span class='ocrx_word' id='word_1_73' title='bbox 595 856 676 892; x_wconf 90' lang='lat' dir='ltr'>quo</span> <span class='ocrx_word' id='word_1_74' title='bbox 720 842 810 891; x_wconf 89' lang='lat' dir='ltr'>quis</span> <span class='ocrx_word' id='word_1_75' title='bbox 855 841 1070 878; x_wconf 84' lang='lat' dir='ltr'>servaverit</span> <span class='ocrx_word' id='word_1_76' title='bbox 1116 839 1382 877; x_wconf 82' lang='lat' dir='ltr'>tradicionem</span> <span class='ocrx_word' id='word_1_77' title='bbox 1429 851 1550 886; x_wconf 90' lang='lat' dir='ltr'>quam</span> <span class='ocrx_word' id='word_1_78' title='bbox 1596 836 1671 885; x_wconf 90' lang='lat' dir='ltr'>ipsi</span> <span class='ocrx_word' id='word_1_79' title='bbox 1714 836 1773 873; x_wconf 87' lang='lat' dir='ltr'>in-</span> 
     </span>
     <span class='ocr_line' id='line_1_12' title="bbox 461 894 1773 948; baseline -0.006 -10"><span class='ocrx_word' id='word_1_80' title='bbox 461 911 663 947; x_wconf 88' lang='lat' dir='ltr'>venerant,</span> <span class='ocrx_word' id='word_1_81' title='bbox 709 909 872 948; x_wconf 85' lang='lat' dir='ltr'>aptatur</span> <span class='ocrx_word' id='word_1_82' title='bbox 904 908 947 935; x_wconf 90' lang='lat' dir='ltr'>ut</span> <span class='ocrx_word' id='word_1_83' title='bbox 979 899 1036 936; x_wconf 93' lang='lat' dir='ltr'>sic</span> <span class='ocrx_word' id='word_1_84' title='bbox 1069 899 1118 936; x_wconf 88' lang='lat' dir='ltr'>ad</span> <span class='ocrx_word' id='word_1_85' title='bbox 1147 897 1435 945; x_wconf 88' lang='lat' dir='ltr'>perfecciorem</span> <span class='ocrx_word' id='word_1_86' title='bbox 1469 894 1773 932; x_wconf 82' lang='lat' dir='ltr'>observanciam</span> 
     </span>
     <span class='ocr_line' id='line_1_13' title="bbox 464 952 1774 1004; baseline -0.006 -8"><span class='ocrx_word' id='word_1_87' title='bbox 464 960 765 1004; x_wconf 83' lang='lat' dir='ltr'>mandatorum,</span> <span class='ocrx_word' id='word_1_88' title='bbox 824 959 892 994; x_wconf 88' lang='lat' dir='ltr'>sed</span> <span class='ocrx_word' id='word_1_89' title='bbox 936 959 1042 994; x_wconf 91' lang='lat' dir='ltr'>Deus</span> <span class='ocrx_word' id='word_1_90' title='bbox 1088 956 1184 993; x_wconf 89' lang='lat' dir='ltr'>dicit</span> <span class='ocrx_word' id='word_1_91' title='bbox 1230 954 1357 992; x_wconf 88' lang='lat' dir='ltr'>Marci</span> <span class='ocrx_word' id='word_1_92' title='bbox 1403 955 1493 990; x_wconf 89' lang='lat' dir='ltr'>XV0</span> <span class='ocrx_word' id='word_1_93' title='bbox 1542 954 1650 1002; x_wconf 90' lang='lat' dir='ltr'>quod</span> <span class='ocrx_word' id='word_1_94' title='bbox 1698 952 1774 1000; x_wconf 92' lang='lat' dir='ltr'>ipsi</span> 
     </span>
     <span class='ocr_line' id='line_1_14' title="bbox 463 1011 1773 1065; baseline -0.005 -12"><span class='ocrx_word' id='word_1_95' title='bbox 463 1016 813 1065; x_wconf 86' lang='lat' dir='ltr'>transgrediuntur</span> <span class='ocrx_word' id='word_1_96' title='bbox 846 1017 1038 1052; x_wconf 86' lang='lat' dir='ltr'>mandata</span> <span class='ocrx_word' id='word_1_97' title='bbox 1070 1014 1143 1051; x_wconf 94' lang='lat' dir='ltr'>Dei</span> <span class='ocrx_word' id='word_1_98' title='bbox 1183 1021 1349 1062; x_wconf 85' lang='lat' dir='ltr'>propter</span> <span class='ocrx_word' id='word_1_99' title='bbox 1388 1011 1630 1048; x_wconf 83' lang='lat' dir='ltr'>tradiciones</span> <span class='ocrx_word' id='word_1_100' title='bbox 1669 1023 1773 1057; x_wconf 85' lang='lat' dir='ltr'>suas,</span> 
     </span>
     <span class='ocr_line' id='line_1_15' title="bbox 464 1073 1774 1122; baseline -0.005 -11"><span class='ocrx_word' id='word_1_101' title='bbox 464 1088 554 1112; x_wconf 92' lang='lat' dir='ltr'>cum</span> <span class='ocrx_word' id='word_1_102' title='bbox 590 1077 695 1111; x_wconf 91' lang='lat' dir='ltr'>Deus</span> <span class='ocrx_word' id='word_1_103' title='bbox 729 1074 828 1110; x_wconf 87' lang='lat' dir='ltr'>dicit</span> <span class='ocrx_word' id='word_1_104' title='bbox 862 1075 970 1122; x_wconf 87' lang='lat' dir='ltr'>quod</span> <span class='ocrx_word' id='word_1_105' title='bbox 1004 1074 1127 1109; x_wconf 88' lang='lat' dir='ltr'>homo</span> <span class='ocrx_word' id='word_1_106' title='bbox 1162 1073 1336 1108; x_wconf 90' lang='lat' dir='ltr'>honoret</span> <span class='ocrx_word' id='word_1_107' title='bbox 1360 1079 1547 1118; x_wconf 87' lang='lat' dir='ltr'>parentes</span> <span class='ocrx_word' id='word_1_108' title='bbox 1580 1079 1661 1106; x_wconf 89' lang='lat' dir='ltr'>tam</span> <span class='ocrx_word' id='word_1_109' title='bbox 1686 1082 1774 1106; x_wconf 92' lang='lat' dir='ltr'>cor-</span> 
     </span>
     <span class='ocr_line' id='line_1_16' title="bbox 465 1127 1774 1181; baseline -0.005 -12"><span class='ocrx_word' id='word_1_110' title='bbox 465 1133 661 1181; x_wconf 90' lang='lat' dir='ltr'>poraliter</span> <span class='ocrx_word' id='word_1_111' title='bbox 692 1144 815 1181; x_wconf 89' lang='lat' dir='ltr'>quam</span> <span class='ocrx_word' id='word_1_112' title='bbox 849 1131 1129 1179; x_wconf 82' lang='lat' dir='ltr'>spiritualiter.</span> <span class='ocrx_word' id='word_1_113' title='bbox 1185 1130 1260 1166; x_wconf 87' lang='lat' dir='ltr'>Sed</span> <span class='ocrx_word' id='word_1_114' title='bbox 1295 1128 1370 1176; x_wconf 91' lang='lat' dir='ltr'>ipsi</span> <span class='ocrx_word' id='word_1_115' title='bbox 1404 1140 1447 1164; x_wconf 85' lang='lat' dir='ltr'>ex</span> <span class='ocrx_word' id='word_1_116' title='bbox 1479 1127 1774 1165; x_wconf 87' lang='lat' dir='ltr'>tradicionibus</span> 
     </span>
     <span class='ocr_line' id='line_1_17' title="bbox 464 1185 1775 1238; baseline -0.005 -10"><span class='ocrx_word' id='word_1_117' title='bbox 464 1192 545 1228; x_wconf 90' lang='lat' dir='ltr'>suis</span> <span class='ocrx_word' id='word_1_118' title='bbox 577 1190 845 1238; x_wconf 85' lang='lat' dir='ltr'>appropriant</span> <span class='ocrx_word' id='word_1_119' title='bbox 878 1189 953 1226; x_wconf 85' lang='lat' dir='ltr'>sibi</span> <span class='ocrx_word' id='word_1_120' title='bbox 987 1199 1023 1225; x_wconf 89' lang='lat' dir='ltr'>et</span> <span class='ocrx_word' id='word_1_121' title='bbox 1058 1188 1114 1225; x_wconf 86' lang='lat' dir='ltr'>sic</span> <span class='ocrx_word' id='word_1_122' title='bbox 1148 1188 1368 1224; x_wconf 85' lang='lat' dir='ltr'>incastrant</span> <span class='ocrx_word' id='word_1_123' title='bbox 1400 1185 1642 1233; x_wconf 85' lang='lat' dir='ltr'>temporalia</span> <span class='ocrx_word' id='word_1_124' title='bbox 1665 1186 1775 1234; x_wconf 91' lang='lat' dir='ltr'>quod</span> 
     </span>
     <span class='ocr_line' id='line_1_18' title="bbox 465 1243 1774 1297; baseline -0.005 -12"><span class='ocrx_word' id='word_1_125' title='bbox 465 1263 486 1286; x_wconf 89' lang='lat' dir='ltr'>a</span> <span class='ocrx_word' id='word_1_126' title='bbox 519 1248 752 1297; x_wconf 88' lang='lat' dir='ltr'>parentibus</span> <span class='ocrx_word' id='word_1_127' title='bbox 798 1258 835 1284; x_wconf 89' lang='lat' dir='ltr'>et</span> <span class='ocrx_word' id='word_1_128' title='bbox 881 1247 969 1284; x_wconf 89' lang='lat' dir='ltr'>aliis</span> <span class='ocrx_word' id='word_1_129' title='bbox 1017 1246 1146 1295; x_wconf 88' lang='lat' dir='ltr'>dignis</span> <span class='ocrx_word' id='word_1_130' title='bbox 1193 1244 1438 1293; x_wconf 81' lang='lat' dir='ltr'>exigentibus</span> <span class='ocrx_word' id='word_1_131' title='bbox 1479 1253 1572 1281; x_wconf 87' lang='lat' dir='ltr'>sunt</span> <span class='ocrx_word' id='word_1_132' title='bbox 1605 1243 1774 1280; x_wconf 78' lang='lat' dir='ltr'>exclusa.</span> 
     </span>
     <span class='ocr_line' id='line_1_19' title="bbox 464 1300 1776 1355; baseline -0.005 -12"><span class='ocrx_word' id='word_1_133' title='bbox 464 1310 512 1344; x_wconf 83' lang='lat' dir='ltr'>Et</span> <span class='ocrx_word' id='word_1_134' title='bbox 546 1316 744 1355; x_wconf 86' lang='lat' dir='ltr'>quantum</span> <span class='ocrx_word' id='word_1_135' title='bbox 778 1307 829 1342; x_wconf 90' lang='lat' dir='ltr'>ad</span> <span class='ocrx_word' id='word_1_136' title='bbox 861 1305 1071 1353; x_wconf 86' lang='lat' dir='ltr'>spirituale</span> <span class='ocrx_word' id='word_1_137' title='bbox 1111 1303 1348 1352; x_wconf 86' lang='lat' dir='ltr'>suffragium</span> <span class='ocrx_word' id='word_1_138' title='bbox 1388 1302 1551 1339; x_wconf 86' lang='lat' dir='ltr'>tradunt</span> <span class='ocrx_word' id='word_1_139' title='bbox 1592 1314 1635 1338; x_wconf 87' lang='lat' dir='ltr'>ex</span> <span class='ocrx_word' id='word_1_140' title='bbox 1673 1300 1776 1338; x_wconf 89' lang='lat' dir='ltr'>fictis</span> 
     </span>
     <span class='ocr_line' id='line_1_20' title="bbox 466 1359 1775 1413; baseline -0.005 -12"><span class='ocrx_word' id='word_1_141' title='bbox 466 1365 612 1413; x_wconf 89' lang='lat' dir='ltr'>regulis</span> <span class='ocrx_word' id='word_1_142' title='bbox 646 1365 756 1413; x_wconf 90' lang='lat' dir='ltr'>quod</span> <span class='ocrx_word' id='word_1_143' title='bbox 789 1363 990 1412; x_wconf 86' lang='lat' dir='ltr'>quidquid</span> <span class='ocrx_word' id='word_1_144' title='bbox 1031 1363 1080 1400; x_wconf 86' lang='lat' dir='ltr'>ad</span> <span class='ocrx_word' id='word_1_145' title='bbox 1121 1360 1409 1410; x_wconf 84' lang='lat' dir='ltr'>temporalium</span> <span class='ocrx_word' id='word_1_146' title='bbox 1450 1359 1775 1397; x_wconf 85' lang='lat' dir='ltr'>subtraccionem</span> 
     </span>
     <span class='ocr_line' id='line_1_21' title="bbox 465 1416 1776 1467; baseline -0.005 -8"><span class='ocrx_word' id='word_1_147' title='bbox 465 1422 648 1459; x_wconf 88' lang='lat' dir='ltr'>sonuerit</span> <span class='ocrx_word' id='word_1_148' title='bbox 682 1432 741 1459; x_wconf 90' lang='lat' dir='ltr'>est</span> <span class='ocrx_word' id='word_1_149' title='bbox 775 1423 1006 1467; x_wconf 86' lang='lat' dir='ltr'>tacendum,</span> <span class='ocrx_word' id='word_1_150' title='bbox 1041 1431 1077 1458; x_wconf 90' lang='lat' dir='ltr'>et</span> <span class='ocrx_word' id='word_1_151' title='bbox 1108 1420 1164 1457; x_wconf 91' lang='lat' dir='ltr'>sic</span> <span class='ocrx_word' id='word_1_152' title='bbox 1197 1428 1241 1456; x_wconf 92' lang='lat' dir='ltr'>ut</span> <span class='ocrx_word' id='word_1_153' title='bbox 1273 1428 1450 1456; x_wconf 85' lang='lat' dir='ltr'>errantes</span> <span class='ocrx_word' id='word_1_154' title='bbox 1491 1427 1648 1455; x_wconf 85' lang='lat' dir='ltr'>tutores</span> <span class='ocrx_word' id='word_1_155' title='bbox 1687 1416 1776 1453; x_wconf 87' lang='lat' dir='ltr'>infi-</span> 
     </span>
     <span class='ocr_line' id='line_1_22' title="bbox 465 1477 1776 1528; baseline -0.005 -10"><span class='ocrx_word' id='word_1_156' title='bbox 465 1481 578 1518; x_wconf 90' lang='lat' dir='ltr'>ciunt</span> <span class='ocrx_word' id='word_1_157' title='bbox 618 1481 795 1528; x_wconf 86' lang='lat' dir='ltr'>prelatos</span> <span class='ocrx_word' id='word_1_158' title='bbox 841 1479 1006 1517; x_wconf 88' lang='lat' dir='ltr'>ecclesie</span> <span class='ocrx_word' id='word_1_159' title='bbox 1047 1489 1083 1516; x_wconf 87' lang='lat' dir='ltr'>et</span> <span class='ocrx_word' id='word_1_160' title='bbox 1128 1477 1425 1526; x_wconf 88' lang='lat' dir='ltr'>rempublicam</span> <span class='ocrx_word' id='word_1_161' title='bbox 1472 1483 1776 1524; x_wconf 88' lang='lat' dir='ltr'>consequenter.</span> 
     </span>
     <span class='ocr_line' id='line_1_23' title="bbox 464 1534 1777 1587; baseline -0.005 -11"><span class='ocrx_word' id='word_1_162' title='bbox 464 1541 513 1576; x_wconf 91' lang='lat' dir='ltr'>Et</span> <span class='ocrx_word' id='word_1_163' title='bbox 546 1548 743 1587; x_wconf 89' lang='lat' dir='ltr'>quantum</span> <span class='ocrx_word' id='word_1_164' title='bbox 770 1539 819 1575; x_wconf 80' lang='lat' dir='ltr'>ad</span> <span class='ocrx_word' id='word_1_165' title='bbox 854 1539 1045 1575; x_wconf 87' lang='lat' dir='ltr'>mandata</span> <span class='ocrx_word' id='word_1_166' title='bbox 1074 1536 1205 1584; x_wconf 89' lang='lat' dir='ltr'>prime</span> <span class='ocrx_word' id='word_1_167' title='bbox 1230 1535 1381 1581; x_wconf 85' lang='lat' dir='ltr'>tabule,</span> <span class='ocrx_word' id='word_1_168' title='bbox 1415 1543 1559 1571; x_wconf 89' lang='lat' dir='ltr'>notum</span> <span class='ocrx_word' id='word_1_169' title='bbox 1585 1542 1643 1570; x_wconf 86' lang='lat' dir='ltr'>est</span> <span class='ocrx_word' id='word_1_170' title='bbox 1666 1534 1777 1582; x_wconf 89' lang='lat' dir='ltr'>quod</span> 
     </span>
     <span class='ocr_line' id='line_1_24' title="bbox 465 1593 1776 1644; baseline -0.005 -10"><span class='ocrx_word' id='word_1_171' title='bbox 465 1606 559 1634; x_wconf 91' lang='lat' dir='ltr'>sunt</span> <span class='ocrx_word' id='word_1_172' title='bbox 591 1596 762 1633; x_wconf 88' lang='lat' dir='ltr'>idolatre</span> <span class='ocrx_word' id='word_1_173' title='bbox 785 1596 874 1644; x_wconf 89' lang='lat' dir='ltr'>plus</span> <span class='ocrx_word' id='word_1_174' title='bbox 909 1605 1090 1632; x_wconf 86' lang='lat' dir='ltr'>amantes</span> <span class='ocrx_word' id='word_1_175' title='bbox 1115 1593 1358 1642; x_wconf 89' lang='lat' dir='ltr'>temporalia</span> <span class='ocrx_word' id='word_1_176' title='bbox 1391 1593 1480 1640; x_wconf 89' lang='lat' dir='ltr'>ipso</span> <span class='ocrx_word' id='word_1_177' title='bbox 1504 1594 1605 1638; x_wconf 80' lang='lat' dir='ltr'>Deo,</span> <span class='ocrx_word' id='word_1_178' title='bbox 1639 1604 1776 1639; x_wconf 90' lang='lat' dir='ltr'>ymmo</span> 
     </span>
     <span class='ocr_line' id='line_1_25' title="bbox 466 1649 1776 1702; baseline -0.005 -11"><span class='ocrx_word' id='word_1_179' title='bbox 466 1655 728 1691; x_wconf 85' lang='lat' dir='ltr'>discurrendo</span> <span class='ocrx_word' id='word_1_180' title='bbox 755 1667 825 1702; x_wconf 89' lang='lat' dir='ltr'>per</span> <span class='ocrx_word' id='word_1_181' title='bbox 847 1654 985 1691; x_wconf 83' lang='lat' dir='ltr'>onmia</span> <span class='ocrx_word' id='word_1_182' title='bbox 1008 1654 1199 1690; x_wconf 84' lang='lat' dir='ltr'>mandata</span> <span class='ocrx_word' id='word_1_183' title='bbox 1224 1651 1406 1699; x_wconf 86' lang='lat' dir='ltr'>decalogi</span> <span class='ocrx_word' id='word_1_184' title='bbox 1430 1650 1571 1687; x_wconf 88' lang='lat' dir='ltr'>dicunt</span> <span class='ocrx_word' id='word_1_185' title='bbox 1606 1649 1646 1686; x_wconf 90' lang='lat' dir='ltr'>in</span> <span class='ocrx_word' id='word_1_186' title='bbox 1669 1649 1776 1686; x_wconf 90' lang='lat' dir='ltr'>facto</span> 
     </span>
     <span class='ocr_line' id='line_1_26' title="bbox 466 1706 1778 1762; baseline -0.006 -13"><span class='ocrx_word' id='word_1_187' title='bbox 466 1714 575 1762; x_wconf 88' lang='lat' dir='ltr'>quod</span> <span class='ocrx_word' id='word_1_188' title='bbox 619 1712 707 1760; x_wconf 85' lang='lat' dir='ltr'>plus</span> <span class='ocrx_word' id='word_1_189' title='bbox 753 1712 903 1750; x_wconf 87' lang='lat' dir='ltr'>instant</span> <span class='ocrx_word' id='word_1_190' title='bbox 949 1712 998 1749; x_wconf 91' lang='lat' dir='ltr'>ad</span> <span class='ocrx_word' id='word_1_191' title='bbox 1031 1710 1327 1748; x_wconf 88' lang='lat' dir='ltr'>observandum</span> <span class='ocrx_word' id='word_1_192' title='bbox 1376 1709 1462 1756; x_wconf 86' lang='lat' dir='ltr'>ipsa</span> <span class='ocrx_word' id='word_1_193' title='bbox 1502 1720 1623 1756; x_wconf 89' lang='lat' dir='ltr'>quam</span> <span class='ocrx_word' id='word_1_194' title='bbox 1657 1706 1778 1745; x_wconf 91' lang='lat' dir='ltr'>ceteri</span> 
     </span>
     <span class='ocr_line' id='line_1_27' title="bbox 466 1770 690 1809; baseline 0.009 -2"><span class='ocrx_word' id='word_1_195' title='bbox 466 1770 690 1809; x_wconf 85' lang='lat' dir='ltr'>christiani.</span> 
     </span>
    </p>
   </div>
   <div class='ocr_carea' id='block_1_6' title="bbox 1001 1873 1255 1910">
    <p class='ocr_par' dir='ltr' id='par_1_6' title="bbox 1001 1873 1255 1910">
     <span class='ocr_line' id='line_1_28' title="bbox 1001 1873 1255 1910; baseline 0.004 -1"><span class='ocrx_word' id='word_1_196' title='bbox 1001 1873 1176 1910; x_wconf 81' lang='lat' dir='ltr'>SERMO</span> <span class='ocrx_word' id='word_1_197' title='bbox 1209 1873 1255 1910; x_wconf 90' lang='lat' dir='ltr'>V.</span> 
     </span>
    </p>
   </div>
   <div class='ocr_carea' id='block_1_7' title="bbox 468 1963 1780 2075">
    <p class='ocr_par' dir='ltr' id='par_1_7' title="bbox 468 1963 1780 2075">
     <span class='ocr_line' id='line_1_29' title="bbox 524 1963 1780 2016; baseline -0.006 -12"><span class='ocrx_word' id='word_1_198' title='bbox 524 1968 651 2004; x_wconf 84' lang='lat' dir='ltr'>Erant</span> <span class='ocrx_word' id='word_1_199' title='bbox 683 1969 823 2016; x_wconf 76' lang='lat' dir='ltr'>Joseph</span> <span class='ocrx_word' id='word_1_200' title='bbox 857 1975 891 2003; x_wconf 85' lang='lat' dir='ltr'>et</span> <span class='ocrx_word' id='word_1_201' title='bbox 923 1967 1055 2002; x_wconf 65' lang='grc' dir='ltr'><em>Μανία</em></span> <span class='ocrx_word' id='word_1_202' title='bbox 1094 1973 1219 2001; x_wconf 83' lang='lat' dir='ltr'>mater</span> <span class='ocrx_word' id='word_1_203' title='bbox 1250 1964 1410 2000; x_wconf 86' lang='lat' dir='ltr'>Domini</span> <span class='ocrx_word' id='word_1_204' title='bbox 1448 1963 1632 1998; x_wconf 80' lang='lat' dir='ltr'>mirantes</span> <span class='ocrx_word' id='word_1_205' title='bbox 1663 1973 1780 2010; x_wconf 83' lang='lat' dir='ltr'>super</span> 
     </span>
     <span class='ocr_line' id='line_1_30' title="bbox 468 2021 1418 2075; baseline -0.004 -14"><span class='ocrx_word' id='word_1_206' title='bbox 468 2026 539 2062; x_wconf 74' lang='lat' dir='ltr'>hiis</span> <span class='ocrx_word' id='word_1_207' title='bbox 569 2039 639 2075; x_wconf 81' lang='lat' dir='ltr'>que</span> <span class='ocrx_word' id='word_1_208' title='bbox 672 2027 897 2062; x_wconf 81' lang='lat' dir='ltr'>dicebantur</span> <span class='ocrx_word' id='word_1_209' title='bbox 930 2025 975 2060; x_wconf 81' lang='lat' dir='ltr'>de</span> <span class='ocrx_word' id='word_1_210' title='bbox 1007 2025 1085 2059; x_wconf 89' lang='lat' dir='ltr'>illo.</span> <span class='ocrx_word' id='word_1_211' title='bbox 1121 2025 1215 2059; x_wconf 87' lang='lat' dir='ltr'>Luc.</span> <span class='ocrx_word' id='word_1_212' title='bbox 1249 2024 1317 2070; x_wconf 79' lang='lat'>110,</span> <span class='ocrx_word' id='word_1_213' title='bbox 1355 2021 1418 2057; x_wconf 83' lang='lat'>33.</span> 
     </span>
    </p>
   </div>
   <div class='ocr_carea' id='block_1_8' title="bbox 468 2107 1782 2808">
    <p class='ocr_par' dir='ltr' id='par_1_8' title="bbox 468 2107 1782 2808">
     <span class='ocr_line' id='line_1_31' title="bbox 539 2107 1778 2145; baseline -0.006 -4"><span class='ocrx_word' id='word_1_214' title='bbox 539 2122 558 2141; x_wconf 84' lang='lat' dir='ltr'>i.</span> <span class='ocrx_word' id='word_1_215' title='bbox 592 2114 614 2141; x_wconf 85' lang='lat' dir='ltr'>B</span> <span class='ocrx_word' id='word_1_216' title='bbox 635 2114 665 2141; x_wconf 89' lang='lat' dir='ltr'>in</span> <span class='ocrx_word' id='word_1_217' title='bbox 686 2121 801 2145; x_wconf 66' lang='lat' dir='ltr'>marg:</span> <span class='ocrx_word' id='word_1_218' title='bbox 835 2113 929 2140; x_wconf 87' lang='lat' dir='ltr'>Multa</span> <span class='ocrx_word' id='word_1_219' title='bbox 955 2111 1104 2139; x_wconf 89' lang='lat' dir='ltr'>iactancia</span> <span class='ocrx_word' id='word_1_220' title='bbox 1130 2110 1261 2138; x_wconf 79' lang='lat' dir='ltr'>fratrum</span> <span class='ocrx_word' id='word_1_221' title='bbox 1289 2111 1325 2138; x_wconf 89' lang='lat' dir='ltr'>de</span> <span class='ocrx_word' id='word_1_222' title='bbox 1352 2109 1547 2145; x_wconf 85' lang='lat' dir='ltr'>perfeccione</span> <span class='ocrx_word' id='word_1_223' title='bbox 1574 2107 1693 2134; x_wconf 88' lang='lat' dir='ltr'>ordinis</span> <span class='ocrx_word' id='word_1_224' title='bbox 1721 2107 1778 2134; x_wconf 90' lang='lat' dir='ltr'>sui.</span> 
     </span>
     <span class='ocr_line' id='line_1_32' title="bbox 468 2146 1778 2184; baseline -0.007 -7"><span class='ocrx_word' id='word_1_225' title='bbox 468 2149 566 2181; x_wconf 74' lang='lat'><strong>4—25.</strong></span> <span class='ocrx_word' id='word_1_226' title='bbox 588 2152 632 2175; x_wconf 83' lang='lat' dir='ltr'>A:</span> <span class='ocrx_word' id='word_1_227' title='bbox 655 2149 764 2184; x_wconf 83' lang='lat' dir='ltr'>privati</span> <span class='ocrx_word' id='word_1_228' title='bbox 789 2164 817 2167; x_wconf 84' lang='lat'>—</span> <span class='ocrx_word' id='word_1_229' title='bbox 839 2147 998 2174; x_wconf 86' lang='lat' dir='ltr'>christiani</span> <span class='ocrx_word' id='word_1_230' title='bbox 1019 2162 1050 2166; x_wconf 90' lang='lat'>—</span> <span class='ocrx_word' id='word_1_231' title='bbox 1072 2146 1108 2173; x_wconf 92' lang='lat' dir='ltr'>ad</span> <span class='ocrx_word' id='word_1_232' title='bbox 1130 2153 1275 2178; x_wconf 71' lang='lat' dir='ltr'>magnam</span> <span class='ocrx_word' id='word_1_233' title='bbox 1298 2151 1416 2179; x_wconf 88' lang='lat' dir='ltr'>partem</span> <span class='ocrx_word' id='word_1_234' title='bbox 1440 2151 1547 2175; x_wconf 80' lang='lat' dir='ltr'>erasa;</span> <span class='ocrx_word' id='word_1_235' title='bbox 1569 2150 1647 2177; x_wconf 85' lang='lat' dir='ltr'>quae</span> <span class='ocrx_word' id='word_1_236' title='bbox 1669 2150 1778 2176; x_wconf 90' lang='lat' dir='ltr'>super-</span> 
     </span>
     <span class='ocr_line' id='line_1_33' title="bbox 470 2178 1777 2218; baseline -0.006 -7"><span class='ocrx_word' id='word_1_237' title='bbox 470 2189 541 2211; x_wconf 86' lang='lat' dir='ltr'>sunt</span> <span class='ocrx_word' id='word_1_238' title='bbox 561 2184 641 2210; x_wconf 84' lang='lat' dir='ltr'>haud</span> <span class='ocrx_word' id='word_1_239' title='bbox 663 2184 719 2218; x_wconf 87' lang='lat' dir='ltr'>legi</span> <span class='ocrx_word' id='word_1_240' title='bbox 741 2187 882 2218; x_wconf 87' lang='lat' dir='ltr'>possunt.</span> <span class='ocrx_word' id='word_1_241' title='bbox 941 2181 968 2208; x_wconf 80' lang='lat'>8.</span> <span class='ocrx_word' id='word_1_242' title='bbox 984 2183 1028 2208; x_wconf 79' lang='lat' dir='ltr'>A:</span> <span class='ocrx_word' id='word_1_243' title='bbox 1044 2181 1247 2214; x_wconf 87' lang='lat' dir='ltr'>blasphemia.</span> <span class='ocrx_word' id='word_1_244' title='bbox 1304 2188 1321 2215; x_wconf 85' lang='lat'>9</span> <span class='ocrx_word' id='word_1_245' title='bbox 1349 2179 1418 2206; x_wconf 62' lang='lat' dir='ltr'>AB:</span> <span class='ocrx_word' id='word_1_246' title='bbox 1433 2178 1517 2214; x_wconf 89' lang='lat' dir='ltr'>quod</span> <span class='ocrx_word' id='word_1_247' title='bbox 1538 2185 1618 2212; x_wconf 81' lang='lat' dir='ltr'>quis.</span> <span class='ocrx_word' id='word_1_248' title='bbox 1676 2184 1710 2204; x_wconf 85' lang='grc' dir='ltr'>ιι.</span> <span class='ocrx_word' id='word_1_249' title='bbox 1732 2178 1777 2204; x_wconf 84' lang='grc' dir='ltr'>Α·</span> 
     </span>
     <span class='ocr_line' id='line_1_34' title="bbox 471 2211 1777 2250; baseline -0.005 -5"><span class='ocrx_word' id='word_1_250' title='bbox 471 2218 688 2245; x_wconf 82' lang='lat' dir='ltr'>mandatorum</span> <span class='ocrx_word' id='word_1_251' title='bbox 710 2219 794 2245; x_wconf 85' lang='lat' dir='ltr'>deest</span> <span class='ocrx_word' id='word_1_252' title='bbox 880 2215 916 2243; x_wconf 88' lang='lat'>13.</span> <span class='ocrx_word' id='word_1_253' title='bbox 940 2219 980 2242; x_wconf 87' lang='lat' dir='ltr'>A:</span> <span class='ocrx_word' id='word_1_254' title='bbox 1003 2224 1073 2243; x_wconf 89' lang='lat' dir='ltr'>cum</span> <span class='ocrx_word' id='word_1_255' title='bbox 1095 2215 1179 2242; x_wconf 82' lang='lat' dir='ltr'>dicit.</span> <span class='ocrx_word' id='word_1_256' title='bbox 1253 2223 1294 2249; x_wconf 86' lang='lat'>14.</span> <span class='ocrx_word' id='word_1_257' title='bbox 1315 2215 1362 2242; x_wconf 80' lang='lat' dir='ltr'>A:</span> <span class='ocrx_word' id='word_1_258' title='bbox 1386 2214 1444 2241; x_wconf 84' lang='lat' dir='ltr'>Sed</span> <span class='ocrx_word' id='word_1_259' title='bbox 1467 2219 1497 2240; x_wconf 92' lang='lat' dir='ltr'>ut</span> <span class='ocrx_word' id='word_1_260' title='bbox 1519 2213 1589 2246; x_wconf 84' lang='lat' dir='ltr'>ipsi.</span> <span class='ocrx_word' id='word_1_261' title='bbox 1628 2245 1634 2250; x_wconf 41' lang='grc'><em>·</em></span> <span class='ocrx_word' id='word_1_262' title='bbox 1673 2211 1710 2239; x_wconf 83' lang='grc'>15.</span> <span class='ocrx_word' id='word_1_263' title='bbox 1731 2212 1777 2238; x_wconf 87' lang='lat' dir='ltr'>A:</span> 
     </span>
     <span class='ocr_line' id='line_1_35' title="bbox 471 2246 1780 2288; baseline -0.006 -8"><span class='ocrx_word' id='word_1_264' title='bbox 471 2255 654 2288; x_wconf 79' lang='lat' dir='ltr'>approbant.</span> <span class='ocrx_word' id='word_1_265' title='bbox 757 2253 798 2280; x_wconf 78' lang='lat'>16.</span> <span class='ocrx_word' id='word_1_266' title='bbox 821 2251 862 2278; x_wconf 83' lang='lat' dir='ltr'>ss:</span> <span class='ocrx_word' id='word_1_267' title='bbox 885 2251 1052 2286; x_wconf 85' lang='lat' dir='ltr'>apucibus;</span> <span class='ocrx_word' id='word_1_268' title='bbox 1075 2250 1124 2277; x_wconf 90' lang='lat' dir='ltr'>hic</span> <span class='ocrx_word' id='word_1_269' title='bbox 1145 2251 1231 2276; x_wconf 82' lang='lat' dir='ltr'>locus</span> <span class='ocrx_word' id='word_1_270' title='bbox 1251 2254 1408 2283; x_wconf 82' lang='lat' dir='ltr'>corrupt.;</span> <span class='ocrx_word' id='word_1_271' title='bbox 1429 2249 1468 2275; x_wconf 87' lang='lat' dir='ltr'>ib.</span> <span class='ocrx_word' id='word_1_272' title='bbox 1500 2247 1564 2275; x_wconf 74' lang='lat' dir='ltr'>BC:</span> <span class='ocrx_word' id='word_1_273' title='bbox 1589 2246 1780 2281; x_wconf 80' lang='lat' dir='ltr'>exigentibus</span> 
     </span>
     <span class='ocr_line' id='line_1_36' title="bbox 472 2281 1780 2322; baseline -0.007 -6"><span class='ocrx_word' id='word_1_274' title='bbox 472 2288 567 2316; x_wconf 81' lang='lat' dir='ltr'>deest.</span> <span class='ocrx_word' id='word_1_275' title='bbox 683 2295 719 2322; x_wconf 84' lang='lat'>¹7·</span> <span class='ocrx_word' id='word_1_276' title='bbox 741 2289 785 2314; x_wconf 84' lang='lat' dir='ltr'>A:</span> <span class='ocrx_word' id='word_1_277' title='bbox 806 2286 931 2313; x_wconf 87' lang='lat' dir='ltr'>tradunt</span> <span class='ocrx_word' id='word_1_278' title='bbox 953 2285 1044 2312; x_wconf 82' lang='lat' dir='ltr'>deest.</span> <span class='ocrx_word' id='word_1_279' title='bbox 1159 2284 1200 2311; x_wconf 78' lang='lat'>18.</span> <span class='ocrx_word' id='word_1_280' title='bbox 1221 2287 1267 2311; x_wconf 80' lang='lat' dir='ltr'>A:</span> <span class='ocrx_word' id='word_1_281' title='bbox 1290 2282 1539 2311; x_wconf 84' lang='lat' dir='ltr'>subtraccionem</span> <span class='ocrx_word' id='word_1_282' title='bbox 1560 2281 1780 2316; x_wconf 85' lang='lat' dir='ltr'>temporalium</span> 
     </span>
     <span class='ocr_line' id='line_1_37' title="bbox 470 2316 1780 2355; baseline -0.005 -6"><span class='ocrx_word' id='word_1_283' title='bbox 470 2323 606 2349; x_wconf 82' lang='lat' dir='ltr'>solverit.</span> <span class='ocrx_word' id='word_1_284' title='bbox 690 2329 734 2348; x_wconf 81' lang='lat'>22.</span> <span class='ocrx_word' id='word_1_285' title='bbox 757 2323 799 2348; x_wconf 86' lang='lat' dir='ltr'>A:</span> <span class='ocrx_word' id='word_1_286' title='bbox 820 2321 1005 2355; x_wconf 85' lang='lat' dir='ltr'>temporalia</span> <span class='ocrx_word' id='word_1_287' title='bbox 1028 2321 1091 2346; x_wconf 82' lang='lat' dir='ltr'>Deo</span> <span class='ocrx_word' id='word_1_288' title='bbox 1112 2327 1179 2346; x_wconf 85' lang='lat' dir='ltr'>suo.</span> <span class='ocrx_word' id='word_1_289' title='bbox 1271 2325 1317 2351; x_wconf 72' lang='lat'>24.</span> <span class='ocrx_word' id='word_1_290' title='bbox 1339 2319 1381 2346; x_wconf 82' lang='lat' dir='ltr'>A:</span> <span class='ocrx_word' id='word_1_291' title='bbox 1405 2318 1435 2345; x_wconf 92' lang='lat' dir='ltr'>in</span> <span class='ocrx_word' id='word_1_292' title='bbox 1457 2318 1620 2344; x_wconf 85' lang='lat' dir='ltr'>instanter.</span> <span class='ocrx_word' id='word_1_293' title='bbox 1652 2316 1689 2343; x_wconf 82' lang='lat' dir='ltr'>ss:</span> <span class='ocrx_word' id='word_1_294' title='bbox 1711 2317 1780 2350; x_wconf 88' lang='lat' dir='ltr'>plus</span> 
     </span>
     <span class='ocr_line' id='line_1_38' title="bbox 470 2350 1779 2391; baseline -0.005 -7"><span class='ocrx_word' id='word_1_295' title='bbox 470 2358 636 2391; x_wconf 85' lang='lat' dir='ltr'>instanter;</span> <span class='ocrx_word' id='word_1_296' title='bbox 659 2358 702 2384; x_wconf 74' lang='lat' dir='ltr'>A:</span> <span class='ocrx_word' id='word_1_297' title='bbox 723 2355 883 2383; x_wconf 70' lang='lat' dir='ltr'>christiani</span> <span class='ocrx_word' id='word_1_298' title='bbox 904 2360 961 2382; x_wconf 91' lang='lat' dir='ltr'>etc.</span> <span class='ocrx_word' id='word_1_299' title='bbox 990 2357 1023 2381; x_wconf 88' lang='lat' dir='ltr'>In</span> <span class='ocrx_word' id='word_1_300' title='bbox 1044 2354 1134 2381; x_wconf 84' lang='lat' dir='ltr'>codd.</span> <span class='ocrx_word' id='word_1_301' title='bbox 1157 2354 1178 2380; x_wconf 74' lang='grc' dir='ltr'>Β</span> <span class='ocrx_word' id='word_1_302' title='bbox 1200 2359 1228 2382; x_wconf 82' lang='lat' dir='ltr'>et</span> <span class='ocrx_word' id='word_1_303' title='bbox 1250 2352 1274 2381; x_wconf 90' lang='lat' dir='ltr'>C</span> <span class='ocrx_word' id='word_1_304' title='bbox 1294 2353 1448 2389; x_wconf 86' lang='lat' dir='ltr'>sequitur:</span> <span class='ocrx_word' id='word_1_305' title='bbox 1474 2352 1559 2388; x_wconf 82' lang='lat' dir='ltr'>Quia</span> <span class='ocrx_word' id='word_1_306' title='bbox 1581 2350 1779 2384; x_wconf 82' lang='lat' dir='ltr'>contingente</span> 
     </span>
     <span class='ocr_line' id='line_1_39' title="bbox 470 2385 1781 2424; baseline -0.005 -6"><span class='ocrx_word' id='word_1_307' title='bbox 470 2392 637 2419; x_wconf 73' lang='lat' dir='ltr'>Nativitate</span> <span class='ocrx_word' id='word_1_308' title='bbox 657 2390 775 2418; x_wconf 90' lang='lat' dir='ltr'>domini</span> <span class='ocrx_word' id='word_1_309' title='bbox 796 2391 845 2418; x_wconf 87' lang='lat' dir='ltr'>die</span> <span class='ocrx_word' id='word_1_310' title='bbox 867 2390 970 2417; x_wconf 81' lang='lat' dir='ltr'>Martis</span> <span class='ocrx_word' id='word_1_311' title='bbox 993 2394 1076 2416; x_wconf 84' lang='lat' dir='ltr'>sexta</span> <span class='ocrx_word' id='word_1_312' title='bbox 1096 2389 1144 2416; x_wconf 90' lang='lat' dir='ltr'>die</span> <span class='ocrx_word' id='word_1_313' title='bbox 1171 2389 1209 2416; x_wconf 87' lang='lat' dir='ltr'>ab</span> <span class='ocrx_word' id='word_1_314' title='bbox 1235 2389 1303 2424; x_wconf 87' lang='lat' dir='ltr'>ipsa</span> <span class='ocrx_word' id='word_1_315' title='bbox 1323 2387 1473 2421; x_wconf 71' lang='lat' dir='ltr'>contingit</span> <span class='ocrx_word' id='word_1_316' title='bbox 1500 2387 1548 2413; x_wconf 92' lang='lat' dir='ltr'>die</span> <span class='ocrx_word' id='word_1_317' title='bbox 1579 2385 1733 2413; x_wconf 89' lang='lat' dir='ltr'>dominica</span> <span class='ocrx_word' id='word_1_318' title='bbox 1753 2389 1781 2412; x_wconf 90' lang='lat' dir='ltr'>et</span> 
     </span>
     <span class='ocr_line' id='line_1_40' title="bbox 470 2421 1781 2461; baseline -0.005 -8"><span class='ocrx_word' id='word_1_319' title='bbox 470 2428 534 2454; x_wconf 82' lang='lat' dir='ltr'>dies</span> <span class='ocrx_word' id='word_1_320' title='bbox 555 2426 727 2461; x_wconf 87' lang='lat' dir='ltr'>Epiphanie</span> <span class='ocrx_word' id='word_1_321' title='bbox 747 2433 818 2453; x_wconf 89' lang='lat' dir='ltr'>cum</span> <span class='ocrx_word' id='word_1_322' title='bbox 849 2424 914 2451; x_wconf 87' lang='lat' dir='ltr'>suis</span> <span class='ocrx_word' id='word_1_323' title='bbox 935 2424 1052 2451; x_wconf 86' lang='lat' dir='ltr'>octavis</span> <span class='ocrx_word' id='word_1_324' title='bbox 1073 2424 1223 2457; x_wconf 72' lang='lat' dir='ltr'>contingit</span> <span class='ocrx_word' id='word_1_325' title='bbox 1250 2424 1347 2450; x_wconf 83' lang='lat' dir='ltr'>eciam</span> <span class='ocrx_word' id='word_1_326' title='bbox 1369 2424 1418 2449; x_wconf 88' lang='lat' dir='ltr'>die</span> <span class='ocrx_word' id='word_1_327' title='bbox 1437 2421 1605 2454; x_wconf 73' lang='lat' dir='ltr'>dommim,</span> <span class='ocrx_word' id='word_1_328' title='bbox 1637 2421 1706 2447; x_wconf 79' lang='lat' dir='ltr'>ideo</span> <span class='ocrx_word' id='word_1_329' title='bbox 1726 2427 1781 2455; x_wconf 90' lang='lat' dir='ltr'>per</span> 
     </span>
     <span class='ocr_line' id='line_1_41' title="bbox 470 2455 1780 2495; baseline -0.005 -7"><span class='ocrx_word' id='word_1_330' title='bbox 470 2462 629 2495; x_wconf 80' lang='lat' dir='ltr'>evangelia</span> <span class='ocrx_word' id='word_1_331' title='bbox 662 2462 791 2487; x_wconf 88' lang='lat' dir='ltr'>istorum</span> <span class='ocrx_word' id='word_1_332' title='bbox 824 2464 957 2495; x_wconf 80' lang='lat' dir='ltr'>quatuor</span> <span class='ocrx_word' id='word_1_333' title='bbox 990 2460 1109 2485; x_wconf 88' lang='lat' dir='ltr'>dierum</span> <span class='ocrx_word' id='word_1_334' title='bbox 1149 2463 1194 2486; x_wconf 85' lang='lat' dir='ltr'>est</span> <span class='ocrx_word' id='word_1_335' title='bbox 1232 2466 1287 2493; x_wconf 86' lang='lat' dir='ltr'>per</span> <span class='ocrx_word' id='word_1_336' title='bbox 1319 2457 1460 2484; x_wconf 86' lang='lat' dir='ltr'>ordinem</span> <span class='ocrx_word' id='word_1_337' title='bbox 1495 2455 1780 2484; x_wconf 80' lang='lat' dir='ltr'>transcurrendum.</span> 
     </span>
     <span class='ocr_line' id='line_1_42' title="bbox 470 2489 1780 2529; baseline -0.005 -6"><span class='ocrx_word' id='word_1_338' title='bbox 470 2496 505 2523; x_wconf 85' lang='lat'>26</span> <span class='ocrx_word' id='word_1_339' title='bbox 538 2499 565 2522; x_wconf 89' lang='lat' dir='ltr'><strong>A</strong></span> <span class='ocrx_word' id='word_1_340' title='bbox 586 2496 617 2522; x_wconf 90' lang='lat' dir='ltr'>in</span> <span class='ocrx_word' id='word_1_341' title='bbox 639 2503 752 2529; x_wconf 66' lang='lat' dir='ltr'>marg:</span> <span class='ocrx_word' id='word_1_342' title='bbox 777 2494 886 2522; x_wconf 88' lang='lat' dir='ltr'>Sermo</span> <span class='ocrx_word' id='word_1_343' title='bbox 907 2493 943 2520; x_wconf 91' lang='lat' dir='ltr'>V.</span> <span class='ocrx_word' id='word_1_344' title='bbox 967 2493 987 2519; x_wconf 81' lang='lat' dir='ltr'>B</span> <span class='ocrx_word' id='word_1_345' title='bbox 1010 2494 1037 2519; x_wconf 84' lang='lat' dir='ltr'>in</span> <span class='ocrx_word' id='word_1_346' title='bbox 1062 2501 1176 2527; x_wconf 62' lang='lat' dir='ltr'>marg:</span> <span class='ocrx_word' id='word_1_347' title='bbox 1199 2492 1360 2519; x_wconf 88' lang='lat' dir='ltr'>Dominica</span> <span class='ocrx_word' id='word_1_348' title='bbox 1382 2493 1481 2527; x_wconf 89' lang='lat' dir='ltr'>prima</span> <span class='ocrx_word' id='word_1_349' title='bbox 1503 2496 1573 2526; x_wconf 86' lang='lat' dir='ltr'>post</span> <span class='ocrx_word' id='word_1_350' title='bbox 1594 2489 1710 2518; x_wconf 78' lang='lat' dir='ltr'>Christi</span> <span class='ocrx_word' id='word_1_351' title='bbox 1731 2497 1780 2516; x_wconf 89' lang='lat' dir='ltr'>na-</span> 
     </span>
     <span class='ocr_line' id='line_1_43' title="bbox 471 2524 1779 2561; baseline -0.005 -4"><span class='ocrx_word' id='word_1_352' title='bbox 471 2531 634 2558; x_wconf 85' lang='lat' dir='ltr'>tivitatem.</span> <span class='ocrx_word' id='word_1_353' title='bbox 656 2529 680 2558; x_wconf 91' lang='lat' dir='ltr'>C</span> <span class='ocrx_word' id='word_1_354' title='bbox 700 2530 730 2557; x_wconf 92' lang='lat' dir='ltr'>in</span> <span class='ocrx_word' id='word_1_355' title='bbox 753 2537 869 2561; x_wconf 51' lang='lat' dir='ltr'>marga</span> <span class='ocrx_word' id='word_1_356' title='bbox 892 2528 1057 2555; x_wconf 83' lang='lat' dir='ltr'>Dominica</span> <span class='ocrx_word' id='word_1_357' title='bbox 1079 2528 1156 2555; x_wconf 83' lang='lat' dir='ltr'>infra</span> <span class='ocrx_word' id='word_1_358' title='bbox 1179 2527 1330 2554; x_wconf 84' lang='lat' dir='ltr'>Octavam</span> <span class='ocrx_word' id='word_1_359' title='bbox 1355 2525 1520 2553; x_wconf 82' lang='lat' dir='ltr'>nativitatis</span> <span class='ocrx_word' id='word_1_360' title='bbox 1542 2524 1666 2553; x_wconf 87' lang='lat' dir='ltr'>Christi.</span> <span class='ocrx_word' id='word_1_361' title='bbox 1700 2525 1726 2551; x_wconf 92' lang='lat' dir='ltr'>A</span> <span class='ocrx_word' id='word_1_362' title='bbox 1751 2524 1779 2550; x_wconf 90' lang='lat' dir='ltr'>in</span> 
     </span>
     <span class='ocr_line' id='line_1_44' title="bbox 471 2558 1777 2599; baseline -0.007 -6"><span class='ocrx_word' id='word_1_363' title='bbox 471 2573 569 2599; x_wconf 74' lang='lat' dir='ltr'>marg.</span> <span class='ocrx_word' id='word_1_364' title='bbox 584 2574 590 2591; x_wconf 90' lang='lat'>:</span> <span class='ocrx_word' id='word_1_365' title='bbox 607 2573 676 2599; x_wconf 86' lang='lat' dir='ltr'>sup.</span> <span class='ocrx_word' id='word_1_366' title='bbox 692 2564 745 2592; x_wconf 89' lang='lat' dir='ltr'>fol.</span> <span class='ocrx_word' id='word_1_367' title='bbox 765 2569 831 2597; x_wconf 74' lang='lat'>1440</span> <span class='ocrx_word' id='word_1_368' title='bbox 849 2573 855 2590; x_wconf 79' lang='lat' dir='ltr'>z</span> <span class='ocrx_word' id='word_1_369' title='bbox 872 2562 971 2590; x_wconf 78' lang='lat' dir='ltr'>Erant</span> <span class='ocrx_word' id='word_1_370' title='bbox 980 2562 1093 2597; x_wconf 77' lang='lat' dir='ltr'>Joseplz</span> <span class='ocrx_word' id='word_1_371' title='bbox 1108 2566 1137 2590; x_wconf 85' lang='lat' dir='ltr'>et</span> <span class='ocrx_word' id='word_1_372' title='bbox 1156 2562 1260 2589; x_wconf 75' lang='lat' dir='ltr'>Maria</span> <span class='ocrx_word' id='word_1_373' title='bbox 1275 2564 1372 2589; x_wconf 80' lang='lat' dir='ltr'>mater</span> <span class='ocrx_word' id='word_1_374' title='bbox 1384 2560 1456 2589; x_wconf 81' lang='lat' dir='ltr'>Jesu</span> <span class='ocrx_word' id='word_1_375' title='bbox 1470 2560 1618 2588; x_wconf 76' lang='lat' dir='ltr'>mirantes</span> <span class='ocrx_word' id='word_1_376' title='bbox 1633 2559 1704 2586; x_wconf 88' lang='lat' dir='ltr'>Luc.</span> <span class='ocrx_word' id='word_1_377' title='bbox 1720 2558 1777 2585; x_wconf 91' lang='lat'><em>110.</em></span> 
     </span>
     <span class='ocr_line' id='line_1_45' title="bbox 471 2593 1781 2633; baseline -0.006 -6"><span class='ocrx_word' id='word_1_378' title='bbox 471 2600 564 2628; x_wconf 87' lang='lat' dir='ltr'>Racio</span> <span class='ocrx_word' id='word_1_379' title='bbox 591 2600 690 2627; x_wconf 79' lang='lat' dir='ltr'>huius</span> <span class='ocrx_word' id='word_1_380' title='bbox 707 2598 927 2626; x_wconf 76' lang='lat' dir='ltr'>admiracionis</span> <span class='ocrx_word' id='word_1_381' title='bbox 947 2597 1003 2625; x_wconf 79' lang='lat' dir='ltr'>tuit</span> <span class='ocrx_word' id='word_1_382' title='bbox 1024 2598 1233 2633; x_wconf 79' lang='lat' dir='ltr'>quadruplex:</span> <span class='ocrx_word' id='word_1_383' title='bbox 1259 2598 1291 2623; x_wconf 91' lang='lat' dir='ltr'>In</span> <span class='ocrx_word' id='word_1_384' title='bbox 1314 2601 1450 2623; x_wconf 86' lang='lat' dir='ltr'>materna</span> <span class='ocrx_word' id='word_1_385' title='bbox 1470 2594 1641 2628; x_wconf 83' lang='lat' dir='ltr'>virginitate</span> <span class='ocrx_word' id='word_1_386' title='bbox 1663 2593 1781 2628; x_wconf 90' lang='lat' dir='ltr'>prolem</span> 
     </span>
     <span class='ocr_line' id='line_1_46' title="bbox 471 2628 1781 2670; baseline -0.005 -9"><span class='ocrx_word' id='word_1_387' title='bbox 471 2634 618 2670; x_wconf 86' lang='lat' dir='ltr'>pariente,</span> <span class='ocrx_word' id='word_1_388' title='bbox 648 2635 678 2661; x_wconf 91' lang='lat' dir='ltr'>in</span> <span class='ocrx_word' id='word_1_389' title='bbox 710 2641 843 2668; x_wconf 86' lang='lat' dir='ltr'>superna</span> <span class='ocrx_word' id='word_1_390' title='bbox 871 2632 1015 2659; x_wconf 88' lang='lat' dir='ltr'>societate</span> <span class='ocrx_word' id='word_1_391' title='bbox 1045 2637 1150 2659; x_wconf 87' lang='lat' dir='ltr'>natum</span> <span class='ocrx_word' id='word_1_392' title='bbox 1181 2632 1397 2665; x_wconf 88' lang='lat' dir='ltr'>annunciante,</span> <span class='ocrx_word' id='word_1_393' title='bbox 1428 2631 1457 2657; x_wconf 92' lang='lat' dir='ltr'>in</span> <span class='ocrx_word' id='word_1_394' title='bbox 1493 2631 1612 2656; x_wconf 88' lang='lat' dir='ltr'>siderea</span> <span class='ocrx_word' id='word_1_395' title='bbox 1644 2628 1781 2655; x_wconf 87' lang='lat' dir='ltr'>claritate</span> 
     </span>
     <span class='ocr_line' id='line_1_47' title="bbox 472 2663 1781 2703; baseline -0.006 -7"><span class='ocrx_word' id='word_1_396' title='bbox 472 2670 580 2703; x_wconf 77' lang='lat' dir='ltr'>Magos</span> <span class='ocrx_word' id='word_1_397' title='bbox 602 2669 782 2702; x_wconf 83' lang='lat' dir='ltr'>deducente,</span> <span class='ocrx_word' id='word_1_398' title='bbox 806 2669 835 2694; x_wconf 78' lang='lat' dir='ltr'>in</span> <span class='ocrx_word' id='word_1_399' title='bbox 858 2667 983 2702; x_wconf 86' lang='lat' dir='ltr'>propria</span> <span class='ocrx_word' id='word_1_400' title='bbox 1003 2671 1155 2701; x_wconf 86' lang='lat' dir='ltr'>potestate</span> <span class='ocrx_word' id='word_1_401' title='bbox 1170 2666 1247 2694; x_wconf 89' lang='lat' dir='ltr'>mira</span> <span class='ocrx_word' id='word_1_402' title='bbox 1268 2665 1408 2693; x_wconf 85' lang='lat' dir='ltr'>faciente.</span> <span class='ocrx_word' id='word_1_403' title='bbox 1431 2666 1493 2692; x_wconf 88' lang='lat' dir='ltr'>Nec</span> <span class='ocrx_word' id='word_1_404' title='bbox 1509 2664 1620 2691; x_wconf 90' lang='lat' dir='ltr'>mirum</span> <span class='ocrx_word' id='word_1_405' title='bbox 1642 2663 1667 2689; x_wconf 94' lang='lat' dir='ltr'>si</span> <span class='ocrx_word' id='word_1_406' title='bbox 1688 2670 1781 2689; x_wconf 81' lang='lat' dir='ltr'>mira-</span> 
     </span>
     <span class='ocr_line' id='line_1_48' title="bbox 474 2696 1781 2737; baseline -0.007 -6"><span class='ocrx_word' id='word_1_407' title='bbox 474 2704 584 2731; x_wconf 87' lang='lat' dir='ltr'>bantur</span> <span class='ocrx_word' id='word_1_408' title='bbox 604 2703 641 2730; x_wconf 90' lang='lat' dir='ltr'>de</span> <span class='ocrx_word' id='word_1_409' title='bbox 661 2703 713 2730; x_wconf 85' lang='lat' dir='ltr'>illo</span> <span class='ocrx_word' id='word_1_410' title='bbox 737 2702 810 2737; x_wconf 85' lang='lat' dir='ltr'>quia</span> <span class='ocrx_word' id='word_1_411' title='bbox 831 2701 983 2729; x_wconf 86' lang='lat' dir='ltr'>mirabilis</span> <span class='ocrx_word' id='word_1_412' title='bbox 1014 2702 1070 2728; x_wconf 77' lang='lat' dir='ltr'>tuit</span> <span class='ocrx_word' id='word_1_413' title='bbox 1096 2701 1125 2728; x_wconf 92' lang='lat' dir='ltr'>in</span> <span class='ocrx_word' id='word_1_414' title='bbox 1155 2701 1314 2728; x_wconf 85' lang='lat' dir='ltr'>divinitate</span> <span class='ocrx_word' id='word_1_415' title='bbox 1340 2700 1412 2736; x_wconf 86' lang='lat' dir='ltr'>quia</span> <span class='ocrx_word' id='word_1_416' title='bbox 1443 2696 1781 2732; x_wconf 82' lang='lat' dir='ltr'>incomprehensibilis,</span> 
     </span>
     <span class='ocr_line' id='line_1_49' title="bbox 474 2731 1782 2771; baseline -0.006 -6"><span class='ocrx_word' id='word_1_417' title='bbox 474 2738 624 2765; x_wconf 86' lang='lat' dir='ltr'>mirabilis</span> <span class='ocrx_word' id='word_1_418' title='bbox 645 2738 675 2765; x_wconf 88' lang='lat' dir='ltr'>in</span> <span class='ocrx_word' id='word_1_419' title='bbox 692 2736 882 2765; x_wconf 88' lang='lat' dir='ltr'>humanitate</span> <span class='ocrx_word' id='word_1_420' title='bbox 898 2736 969 2771; x_wconf 84' lang='lat' dir='ltr'>quia</span> <span class='ocrx_word' id='word_1_421' title='bbox 986 2741 1046 2763; x_wconf 85' lang='lat' dir='ltr'>tarn</span> <span class='ocrx_word' id='word_1_422' title='bbox 1070 2736 1208 2771; x_wconf 83' lang='lat' dir='ltr'>humilis,</span> <span class='ocrx_word' id='word_1_423' title='bbox 1224 2735 1376 2762; x_wconf 79' lang='lat' dir='ltr'>mirabilis</span> <span class='ocrx_word' id='word_1_424' title='bbox 1393 2734 1422 2761; x_wconf 92' lang='lat' dir='ltr'>in</span> <span class='ocrx_word' id='word_1_425' title='bbox 1440 2732 1596 2768; x_wconf 88' lang='lat' dir='ltr'>sapiencia</span> <span class='ocrx_word' id='word_1_426' title='bbox 1610 2732 1681 2767; x_wconf 87' lang='lat' dir='ltr'>quia</span> <span class='ocrx_word' id='word_1_427' title='bbox 1696 2731 1782 2758; x_wconf 89' lang='lat' dir='ltr'>infal-</span> 
     </span>
     <span class='ocr_line' id='line_1_50' title="bbox 474 2766 1780 2808; baseline -0.006 -8"><span class='ocrx_word' id='word_1_428' title='bbox 474 2774 579 2808; x_wconf 85' lang='lat' dir='ltr'>libilis,</span> <span class='ocrx_word' id='word_1_429' title='bbox 593 2772 742 2800; x_wconf 76' lang='lat' dir='ltr'>mirabilis</span> <span class='ocrx_word' id='word_1_430' title='bbox 752 2773 781 2798; x_wconf 92' lang='lat' dir='ltr'>in</span> <span class='ocrx_word' id='word_1_431' title='bbox 792 2776 940 2807; x_wconf 82' lang='lat' dir='ltr'>potestate</span> <span class='ocrx_word' id='word_1_432' title='bbox 950 2772 994 2797; x_wconf 83' lang='lat' dir='ltr'>vel</span> <span class='ocrx_word' id='word_1_433' title='bbox 1006 2772 1137 2806; x_wconf 84' lang='lat' dir='ltr'>equitate</span> <span class='ocrx_word' id='word_1_434' title='bbox 1147 2771 1217 2806; x_wconf 85' lang='lat' dir='ltr'>quia</span> <span class='ocrx_word' id='word_1_435' title='bbox 1227 2769 1413 2796; x_wconf 85' lang='lat' dir='ltr'>inflexlbilis.</span> <span class='ocrx_word' id='word_1_436' title='bbox 1482 2767 1526 2795; x_wconf 58' lang='lat'>29.</span> <span class='ocrx_word' id='word_1_437' title='bbox 1540 2769 1583 2794; x_wconf 91' lang='lat' dir='ltr'>A:</span> <span class='ocrx_word' id='word_1_438' title='bbox 1594 2768 1631 2794; x_wconf 86' lang='lat' dir='ltr'>de</span> <span class='ocrx_word' id='word_1_439' title='bbox 1643 2766 1700 2793; x_wconf 90' lang='lat' dir='ltr'>hiis</span> <span class='ocrx_word' id='word_1_440' title='bbox 1712 2773 1780 2800; x_wconf 90' lang='lat' dir='ltr'>que.</span> 
     </span>
    </p>
   </div>
   <div class='ocr_carea' id='block_1_9' title="bbox 471 2828 1780 2920">
    <p class='ocr_par' dir='ltr' id='par_1_9' title="bbox 471 2828 1780 2920">
     <span class='ocr_line' id='line_1_51' title="bbox 519 2828 1780 2875; baseline -0.006 -11"><span class='ocrx_word' id='word_1_441' title='bbox 519 2831 1024 2875; x_wconf 73' lang='lat' dir='ltr'>27.Vulgate:Ete1·atpater</span> <span class='ocrx_word' id='word_1_442' title='bbox 1038 2831 1110 2863; x_wconf 76' lang='lat' dir='ltr'>eius</span> <span class='ocrx_word' id='word_1_443' title='bbox 1125 2835 1158 2862; x_wconf 81' lang='lat' dir='ltr'>et</span> <span class='ocrx_word' id='word_1_444' title='bbox 1173 2834 1289 2862; x_wconf 79' lang='lat' dir='ltr'>mater</span> <span class='ocrx_word' id='word_1_445' title='bbox 1304 2830 1474 2862; x_wconf 73' lang='lat' dir='ltr'>mirantes</span> <span class='ocrx_word' id='word_1_446' title='bbox 1488 2838 1592 2870; x_wconf 82' lang='lat' dir='ltr'>super</span> <span class='ocrx_word' id='word_1_447' title='bbox 1607 2828 1673 2864; x_wconf 83' lang='lat' dir='ltr'>his,</span> <span class='ocrx_word' id='word_1_448' title='bbox 1691 2835 1780 2868; x_wconf 78' lang='lat' dir='ltr'>quae</span> 
     </span>
     <span class='ocr_line' id='line_1_52' title="bbox 471 2872 1780 2920; baseline -0.007 -8"><span class='ocrx_word' id='word_1_449' title='bbox 471 2880 681 2913; x_wconf 80' lang='lat' dir='ltr'>dicebantur</span> <span class='ocrx_word' id='word_1_450' title='bbox 695 2880 738 2912; x_wconf 75' lang='lat' dir='ltr'>de</span> <span class='ocrx_word' id='word_1_451' title='bbox 753 2879 821 2911; x_wconf 85' lang='lat' dir='ltr'>illo.</span> <span class='ocrx_word' id='word_1_452' title='bbox 844 2878 894 2909; x_wconf 88' lang='lat' dir='ltr'>Cf.</span> <span class='ocrx_word' id='word_1_453' title='bbox 912 2877 1050 2920; x_wconf 89' lang='lat' dir='ltr'>Wyclif,</span> <span class='ocrx_word' id='word_1_454' title='bbox 1065 2877 1243 2918; x_wconf 76' lang='lat' dir='ltr'>Sermons,</span> <span class='ocrx_word' id='word_1_455' title='bbox 1258 2876 1311 2908; x_wconf 91' lang='lat' dir='ltr'>ed.</span> <span class='ocrx_word' id='word_1_456' title='bbox 1327 2875 1371 2918; x_wconf 87' lang='lat' dir='ltr'>by</span> <span class='ocrx_word' id='word_1_457' title='bbox 1393 2875 1533 2915; x_wconf 87' lang='lat' dir='ltr'>Arnold,</span> <span class='ocrx_word' id='word_1_458' title='bbox 1549 2874 1571 2914; x_wconf 90' lang='lat'>1,</span> <span class='ocrx_word' id='word_1_459' title='bbox 1590 2872 1780 2913; x_wconf 79' lang='lat'><strong>332—334.</strong></span> 
     </span>
    </p>
   </div>
   <div class='ocr_carea' id='block_1_10' title="bbox 1793 914 1831 936">
    <p class='ocr_par' dir='ltr' id='par_1_10' title="bbox 1793 914 1831 936">
     <span class='ocr_line' id='line_1_53' title="bbox 1793 914 1831 936; baseline 0 0"><span class='ocrx_word' id='word_1_460' title='bbox 1793 914 1831 936; x_wconf 93' lang='lat'>10</span> 
     </span>
    </p>
   </div>
   <div class='ocr_carea' id='block_1_11' title="bbox 1795 1195 1831 1228">
    <p class='ocr_par' dir='ltr' id='par_1_11' title="bbox 1795 1195 1831 1228">
     <span class='ocr_line' id='line_1_54' title="bbox 1795 1195 1831 1228; baseline 0.028 -1"><span class='ocrx_word' id='word_1_461' title='bbox 1795 1195 1831 1228; x_wconf 84' lang='lat'>15</span> 
     </span>
    </p>
   </div>
   <div class='ocr_carea' id='block_1_12' title="bbox 1795 1500 1836 1521">
    <p class='ocr_par' dir='ltr' id='par_1_12' title="bbox 1795 1500 1836 1521">
     <span class='ocr_line' id='line_1_55' title="bbox 1795 1500 1836 1521; baseline -0.024 0"><span class='ocrx_word' id='word_1_462' title='bbox 1795 1500 1836 1521; x_wconf 86' lang='lat'>20</span> 
     </span>
    </p>
   </div>
   <div class='ocr_carea' id='block_1_13' title="bbox 1796 1779 1835 1812">
    <p class='ocr_par' dir='ltr' id='par_1_13' title="bbox 1796 1779 1835 1812">
     <span class='ocr_line' id='line_1_56' title="bbox 1796 1779 1835 1812; baseline 0 0"><span class='ocrx_word' id='word_1_463' title='bbox 1796 1779 1835 1812; x_wconf 83' lang='lat'>25</span> 
     </span>
    </p>
   </div>
  </div>
 </body>
</html>
