2017 3353
245 247 380 277 SERMo
402 234 494 293 xm]
763 248 900 280 PRIMA
929 248 1055 282 PARS.
1779 251 1858 290 277

245 357 303 393 nis
337 355 564 392 huiusmodi
599 364 635 391 et
669 354 776 390 nulla
809 353 839 390 si
879 366 958 389 non
1001 352 1208 390 maioritas
1242 353 1460 402 spiritualis
1493 356 1570 391 suf-

244 414 370 463 fragii.
403 412 547 453 Tercio
580 412 673 461 quia
706 411 760 448 sic
785 411 911 448 dotati
936 413 1079 448 debent
1102 421 1192 460 post
1216 411 1471 449 dotacionem
1497 426 1570 461 pro

246 482 416 520 patrono
450 473 613 507 dotante
646 469 856 506 oraciones
897 469 1091 517 speciales
1125 478 1161 506 et
1195 470 1434 507 elemosinas
1475 473 1569 508 dare
1611 480 1834 519 Enqoxymems

245 529 435 566 limitatas
470 528 722 577 multiplices,
756 528 823 564 sed
858 527 932 564 ista
966 540 1045 564 non
1075 527 1348 565 indifferenter
1381 538 1417 565 et
1450 530 1569 566 stulte
1594 523 1648 576 ἯῙΞ
1665 516 1800 577 ξ’(ζζξῇιξζζ
1821 520 1850 576 ,ἵζ’

211 587 394 625 5faciunt
427 587 510 623 sine
545 599 683 626 causa:
718 598 812 634 ergo
841 598 929 621 cum
965 598 1044 621 non
1077 585 1126 622 sit
1160 598 1280 622 causa
1302 586 1473 623 salubris
1498 587 1567 623 fin—
1589 585 1849 647 inteligiwgonissssit

243 647 371 694 genda
404 659 425 682 a
460 654 644 693 patrono,
678 643 752 680 nisi
786 643 994 680 maioritas
1028 643 1246 692 spiritualis
1287 644 1479 693 suffragii,
1512 644 1567 681 vi—
1695 641 1703 646 “
1844 642 1849 647 ”

244 705 359 740 detur
393 704 501 752 quod
524 711 684 751 oportet
708 710 924 750 patronum
960 714 1049 738 cum
1084 701 1160 738 isto
1194 714 1355 739 excessu
1389 698 1450 756 (ut
1484 702 1567 751 ipse

244 761 368 798 credit
401 770 520 810 atque
554 760 822 798 communitas
845 758 1087 808 specialiter)
1120 760 1300 806 relevari,
1324 760 1440 798 aliter
1463 760 1566 797 enim

243 819 603 868 sophisticarentur
635 831 706 867 per
740 819 922 854 membra
955 817 1128 865 dyaboli.
1169 819 1257 855 Hoc
1293 831 1386 867 ergo
1421 832 1568 868 suppo-

190 890 229 912 ιο
243 878 319 914 sito
352 879 547 926 probatur
580 878 687 926 quod
720 885 802 913 tam
837 877 1022 913 dotantes
1055 889 1176 924 quam
1202 876 1329 913 dotati
1353 876 1392 913 in
1416 878 1491 914 hoc
1514 878 1569 914 al-

243 936 438 973 trinsecus
471 944 561 972 sunt
594 934 763 983 decepti.
798 936 899 971 Nam
934 933 973 970 in
1007 934 1149 971 maiori
1184 943 1297 982 parte
1328 936 1389 971 vel
1411 948 1569 983 semper
1609 945 1668 971 and
1686 944 1750 1006 ἴῐιιέε
1771 944 1840 983 they

1584 987 1682 1006 canno
1739 988 1756 1005 O
1777 987 1859 1006 §lucc

243 994 440 1042 contingit
473 993 719 1042 oppositum,
755 1005 846 1029 cum
879 991 964 1028 sine
997 992 1211 1029 dotacione
1233 993 1364 1029 forent
1388 994 1476 1041 plus
1501 994 1569 1030 ha-
1649 1014 1719 1041 thev
1740 1022 1790 1041 art·

243 1052 341 1089 biles
375 1054 425 1089 ad
457 1052 774 1101 promerendum
808 1050 882 1087 toti
916 1050 1095 1087 ecclesie.
1130 1053 1231 1087 Nam
1268 1050 1450 1088 Christus
1483 1064 1568 1088 om-
1625 1046 1818 1111 60ῐὲῗὲὲέῐο

242 1110 428 1159 nipotens
462 1119 499 1147 et
532 1108 775 1147 omnisciens
799 1122 889 1146 cum
912 1108 1101 1157 primevis
1126 1108 1461 1157 prudencioribus
1486 1109 1568 1146 eius
1636 1119 1811 1147 ordinant-e,

190 1171 225 1204 ι5
242 1168 447 1217 discipulis
480 1170 530 1205 ad
564 1169 741 1204 dandum
775 1167 1000 1215 exemplum
1035 1166 1199 1203 ecclesie
1231 1167 1467 1215 practizavit
1499 1181 1569 1216 op-

242 1226 438 1276 positum3
472 1226 562 1263 ideo
595 1227 656 1262 vel
688 1234 849 1274 oportet
878 1225 993 1262 fateri
1017 1224 1057 1260 in
1081 1224 1168 1273 ipso
1192 1225 1485 1274 blasphemiam
1508 1227 1570 1263 vel

242 1287 404 1322 credere
437 1286 543 1333 quod
577 1284 657 1321 vita
689 1283 780 1321 talis
813 1282 1009 1331 superior,
1046 1283 1229 1331 penalior
1261 1292 1298 1320 et
1331 1297 1353 1321 a
1386 1284 1569 1321 confede-

242 1343 404 1380 racione
438 1356 529 1380 cum
564 1343 716 1379 mundo
750 1341 951 1378 remocior
984 1341 1034 1377 sit
1068 1340 1312 1378 meritorior.
1353 1344 1435 1379 Nec
1466 1343 1570 1379 valet

242 1402 389 1450 fingere
422 1402 531 1450 quod
564 1410 658 1437 tunc
690 1399 780 1437 talis
811 1399 892 1436 vita
916 1399 1231 1448 exproprietaria
1253 1399 1326 1436 fuit
1349 1399 1570 1448 perfeccior

184 1471 226 1493 20
241 1461 309 1496 sed
344 1461 465 1496 modo
490 1458 667 1496 stabilita
691 1457 859 1495 ecclesia
883 1457 1035 1494 excedit
1060 1457 1234 1504 dotacio,
1271 1457 1365 1507 quia
1394 1458 1449 1495 sic
1479 1472 1569 1507 pos-

241 1527 298 1554 set
321 1517 476 1566 imponi
503 1516 733 1565 calumpnia
754 1515 891 1552 virtuti
916 1515 1078 1553 cuilibet
1095 1529 1216 1565 quam
1228 1516 1424 1553 Dominus
1441 1529 1569 1553 exem-

242 1575 365 1625 plavit
398 1585 435 1612 et
469 1576 611 1612 fratres
635 1588 725 1612 cum
752 1574 840 1611 aliis
864 1573 984 1611 hodie
1008 1573 1322 1623 exproprietarie
1345 1574 1568 1611 viventibus

242 1635 372 1671 forent
406 1633 665 1671 scandalisati
700 1642 736 1669 et
768 1632 849 1669 vita
873 1632 1102 1680 evangelica
1126 1631 1323 1669 instabilis
1347 1642 1384 1670 et
1408 1645 1451 1670 ex
1475 1646 1568 1682 pro-

242 1705 353 1729 cessu
386 1691 580 1740 temporis
603 1704 673 1740 per
695 1704 735 1728 se
760 1690 1033 1739 corruptibilis
1057 1700 1094 1727 et
1118 1690 1295 1739 undique
1318 1690 1566 1740 imperfecta.

184 1751 223 1784 25
241 1753 322 1787 Nec
361 1751 462 1786 foret
502 1752 551 1786 ab
590 1749 726 1798 aliquo
772 1749 954 1797 exemplo
994 1748 1143 1785 Christi
1185 1748 1424 1797 regulariter
1462 1762 1568 1786 nunc

240 1808 451 1845 vivendum
487 1816 524 1845 et
557 1808 685 1844 multo
719 1807 845 1855 magis
878 1806 1053 1855 quelibet
1086 1806 1241 1855 privata
1274 1808 1411 1856 regula
1435 1817 1568 1856 preter

241 1866 350 1903 illam
385 1878 462 1914 que
492 1867 742 1914 voluptatem
775 1864 952 1914 sapuerit
985 1865 1086 1902 foret
1110 1866 1160 1902 ad
1184 1864 1342 1902 libitum
1367 1874 1567 1902 transmu-

241 1925 377 1962 tanda.

299 1985 381 2019 Nec
412 1982 580 2019 vertitur
614 1981 721 2018 fideli
755 1981 795 2018 in
829 1980 995 2018 dubium
1020 1980 1116 2029 quin
1141 1982 1284 2019 modus
1306 1981 1463 2018 vivendi
1487 1995 1566 2031 quo

187 2043 228 2075 30
242 2040 529 2090 possessionati
562 2039 681 2077 hodie
714 2049 805 2076 sunt
839 2039 966 2076 dotati
1000 2039 1131 2076 differt
1170 2039 1356 2088 specifice
1389 2053 1411 2076 a
1444 2042 1566 2077 modo
1607 2046 1691 2085 <The
1713 2047 1762 2074 life
1783 2051 1812 2074 ω

242 2099 398 2136 vivendi
439 2112 518 2148 quo
558 2098 740 2136 Christus
780 2107 817 2135 et
857 2097 923 2134 alii
963 2097 1268 2146 exproprietarii
1309 2108 1566 2146 susceperant
1590 2083 1847 2152 ἑᾉέᾹΒῘ-Σξᾶξοὲᾖ

244 2157 482 2194 elemosinas
516 2157 772 2205 temporales.
815 2159 895 2193 Nec
935 2157 1038 2193 valet
1078 2158 1185 2205 quod
1225 2156 1466 2205 quibusdam
1507 2170 1566 2194 sa·
1583 2150 1857 2217 ἓξὲξ]-ῃέξῖῂξζῑῖῑίζγ

245 2215 474 2252 cerdotibus
509 2214 657 2252 Christi
690 2214 851 2263 proficit
884 2214 940 2251 sic
972 2214 1103 2251 vivere
1137 2224 1173 2251 et
1207 2214 1294 2251 aliis
1334 2216 1457 2252 modo
1490 2215 1566 2252 fra·
1633 2221 1683 2249 the
1703 2208 1803 2249 order.
1839 2219 1845 2223 “

244 2283 364 2317 trum,
406 2273 499 2323 quia
545 2274 723 2310 colorate
769 2272 969 2309 diceretur
1013 2274 1120 2321 quod
1160 2272 1401 2321 quibusdam
1438 2286 1567 2310 sacer-

188 2334 228 2368 35
245 2331 405 2368 dotibus
428 2331 588 2380 proficit
613 2330 819 2379 coniugari
843 2339 880 2367 et
903 2330 989 2368 aliis
1014 2339 1120 2367 caste
1142 2331 1285 2377 vivere,
1325 2331 1427 2368 sicut
1466 2331 1567 2368 vixe-

245 2398 334 2427 rant
373 2389 566 2438 apostoli3
607 2390 675 2426 sed
715 2388 907 2426 obmissio
953 2389 1263 2437 ponderacionis
1302 2389 1418 2426 huius
1458 2389 1568 2426 diffe-

245 2447 378 2485 rencie
411 2447 629 2485 habilitatis
662 2447 764 2484 foret
803 2447 906 2484 inter
945 2456 1073 2484 sectas
1112 2447 1394 2496 dampnabilis,
1435 2457 1472 2484 et
1511 2447 1567 2484 sic

315 2613 340 2632 ς’..
361 2606 390 2632 Α
411 2604 441 2632 in
462 2613 577 2639 marg:
598 2605 623 2632 3.
707 2604 732 2632 3.
753 2606 798 2632 A:
820 2605 892 2632 dare
913 2605 1007 2632 deest.
1086 2615 1115 2635 4.
1137 2607 1183 2633 A:
1207 2606 1390 2633 differenter.
1471 2605 1499 2632 6.
1521 2607 1563 2633 A:

246 2649 260 2666 a
282 2640 375 2667 deest.
467 2639 493 2667 S.
515 2641 559 2666 A:
583 2648 595 2665 s
622 2639 800 2671 iritualiter:
829 2639 869 2667 ib.
891 2640 961 2667 AB:
984 2640 1063 2667 enim
1087 2641 1180 2668 deest.
1268 2648 1306 2669 12.
1330 2639 1366 2667 13.
1388 2641 1430 2667 A:
1454 2640 1564 2668 abiles:

246 2674 286 2702 C:
309 2674 462 2701 abiliores.
521 2682 560 2709 17,
578 2683 616 2701 12.
640 2675 678 2702 13:
702 2683 771 2701 curn
793 2674 1057 2702 confederacione.
1114 2683 1160 2702 20.
1183 2675 1205 2702 B
1226 2675 1255 2702 in
1278 2683 1390 2710 marg:
1412 2675 1565 2710 Reprobat

247 2710 304 2736 lloc
325 2709 406 2748 quod
429 2709 520 2744 aliqui
549 2709 724 2736 sacerdotes
749 2709 854 2736 vivant
882 2718 956 2745 pure
983 2710 1047 2737 sine
1076 2710 1298 2745 temporalibus
1325 2710 1564 2744 expropriemrit·

247 2749 274 2771 et
295 2744 343 2771 ali1
366 2743 394 2770 in
422 2744 656 2778 temporalibus,
683 2749 711 2770 et
731 2749 775 2770 est
796 2744 845 2770 hic
873 2749 977 2771 contra
999 2745 1154 2772 decretum
1178 2745 1227 2771 illa
1247 2745 1312 2771 eius
1333 2744 1518 2779 exprobacio
1540 2745 1562 2771 si

249 2787 307 2805 non
330 2783 436 2805 contra
456 2779 666 2813 evangelium:
688 2778 727 2805 ib.
745 2778 810 2805 BC:
834 2779 876 2805 sic
896 2779 989 2808 deest.
1037 2788 1083 2812 24.
1101 2780 1165 2806 BC:
1189 2788 1242 2815 per
1263 2787 1293 2805 se
1314 2779 1407 2806 deest.
1455 2779 1502 2806 26.
1519 2780 1562 2806 A:

249 2813 342 2840 modo
364 2813 547 2841 vivendum:
577 2813 617 2840 ib.
639 2814 682 2840 A:
706 2821 837 2848 persona
860 2815 971 2847 regula.
1052 2822 1095 2849 27.
1117 2815 1159 2841 A:
1183 2814 1380 2840 voluntatem.
1455 2812 1496 2840 32.
1519 2815 1562 2840 A:

248 2848 322 2875 alias
343 2847 537 2874 elemosinas.
601 2847 650 2879 34.
671 2848 713 2874 A:
736 2848 916 2874 colmacius.
984 2847 1023 2875 35.
1047 2849 1086 2876 C:
1109 2857 1182 2883 cape
1205 2849 1313 2875 vixere.
1377 2847 1423 2875 3³6.
1446 2848 1562 2876 C‹)dd.:

248 2882 404 2910 obmisso:
432 2883 471 2909 ib.
493 2884 535 2909 A:
559 2882 747 2909 huiusmodi.
