2017 3353
207 249 344 279 semro
370 237 424 296 x.]
719 251 859 282 PRIMA
886 251 1002 282 PARS
1752 242 1804 293 69

203 358 411 396 Sufficeret
443 357 547 393 enim
582 357 654 392 hec
687 355 872 392 doctrina
905 357 953 392 de
987 356 1133 392 Christi
1176 356 1353 404 puericia
1388 366 1511 393 totam

202 415 413 454 ecclesiam
448 415 661 461 illustrare,
697 426 832 461 regere
865 423 903 450 et
935 426 1120 462 purgare.

260 474 376 511 Circa
427 474 504 509 hoc
549 472 799 520 evangelium
849 472 1059 508 dubitatur
1103 481 1238 508 utrum
1292 473 1514 508 secundum
1532 480 1633 509 Doubt
1666 482 1802 510 whether

202 534 329 581 legem
363 530 558 579 evangelii
591 530 722 566 maior
754 531 872 566 debet
904 529 1069 567 obedire
1104 529 1265 581 minori,
1299 539 1336 566 et
1359 531 1516 566 videtur
1542 517 1792 587 oigffitgigaciffcy

168 590 337 627 §multis
371 589 511 626 mundi
543 587 791 636 sapientibus
824 596 906 624 tam
940 587 1123 625 civilistis
1147 601 1268 636 quam
1294 587 1514 625 canonistis
1585 580 1644 613 “me
1665 587 1734 614 1655·

201 661 289 685 cum
335 647 418 684 suis
462 645 694 684 auctoribus
737 647 849 694 quod
882 646 932 682 sit
965 645 1237 694 repugnancia
1270 646 1309 682 in
1343 646 1513 693 adiecto,

201 707 294 755 quia
327 704 389 758 (ut
420 705 498 754 ipsi
531 703 779 752 concipiunt)
824 705 872 741 de
917 713 1030 741 tanto
1064 704 1152 752 quis
1185 705 1303 741 debet
1335 716 1421 741 esse
1456 704 1514 740 in-

200 763 461 802 obediencior
492 773 645 811 quanto
678 762 828 809 maior3
882 771 920 798 et
963 763 1013 799 ad
1046 763 1121 799 hoc
1154 761 1340 798 videntur
1372 775 1515 799 sonare

199 835 339 860 omnes
372 821 516 870 privati
549 819 711 857 ordines
736 829 773 857 et
795 832 898 868 pape
922 819 1128 867 diffinicio,
1163 822 1199 857 Ι0
1224 820 1513 866 Decretalium‚

146 883 247 918 rode
282 879 513 917 Maioritate
560 888 598 916 et
631 878 893 924 Obediencia‚
944 878 1124 926 capitulo
1174 879 1306 915 Solite.
1363 879 1513 915 Contra

198 952 300 987 quos
333 938 582 975 contendunt
614 936 749 973 fideles
785 936 964 985 theologi
998 949 1070 984 per
1092 937 1167 973 hoc
1191 938 1301 984 quod
1329 936 1512 973 Christus
1531 945 1598 972 The
1619 944 1737 972 faithful
1752 954 1805 981 say

198 997 271 1034 fuit
302 996 494 1033 obediens
527 995 706 1043 Baptiste
739 993 798 1046 (ut
830 1003 939 1042 patet
966 1007 1151 1031 sermone
1176 993 1396 1046 proximo),
1431 1004 1514 1032 tota
1577 980 1761 1050 ¹}glffl}‡’j¹³¹„¹g’

195 1055 372 1092 Trinitas
395 1062 455 1091 est
476 1053 667 1090 obediens
691 1061 874 1090 creature
896 1055 955 1098 (ut
983 1062 1093 1100 patet
1113 1054 1233 1089 Josue
1265 1055 1334 1106 XO,
1367 1051 1441 1104 14),
1477 1062 1515 1089 et
1601 1049 1734 1111 Phssstl'ff

198 1113 381 1150 Christus
425 1111 501 1148 fuit
547 1111 730 1148 subditus
775 1111 855 1148 suis
894 1111 1127 1159 parentibus
1179 1115 1236 1156 (ut
1286 1120 1398 1159 patet
1449 1111 1513 1147 hic
1593 1093 1702 1120 examp
1720 1096 1744 1112 c.

145 1174 180 1207 15
198 1173 292 1208 Luc.
327 1172 386 1216 II).
449 1172 498 1207 Et
542 1178 695 1206 certum
742 1178 801 1206 est
845 1170 953 1218 quod
997 1169 1102 1205 sicut
1134 1170 1233 1205 inter
1264 1177 1374 1206 natos
1405 1170 1512 1205 muli-

197 1243 304 1266 erum
338 1242 410 1266 non
441 1228 616 1265 surrexit
654 1228 779 1264 maior·
809 1228 984 1265 ,Iohanne
1014 1228 1207 1276 Baptista,
1240 1227 1296 1264 sic
1330 1227 1514 1264 Christus

198 1289 272 1324 fuit
303 1286 505 1324 infinitum
540 1286 671 1322 maior
702 1298 823 1334 quam
853 1286 1001 1333 Joseph
1033 1285 1093 1321 vel
1118 1286 1258 1322 Maria.
1293 1286 1394 1322 Cum
1420 1298 1513 1333 ergo

201 1346 382 1383 Christus
414 1344 537 1381 nichil
569 1343 662 1380 fecit
694 1343 769 1380 nisi
802 1352 846 1380 ut
878 1343 1028 1391 debuit,
1075 1352 1185 1391 patet
1229 1345 1339 1391 quod
1385 1343 1516 1379 maior

200 1406 318 1441 debet
363 1415 449 1440 esse
497 1401 644 1438 minori
691 1402 875 1438 subditus
920 1401 1002 1438 sive
1034 1401 1241 1441 obediens,
1307 1401 1513 1449 Quidquid

141 1475 183 1497 20
199 1463 305 1500 enim
340 1462 427 1498 fons
462 1459 666 1509 religionis
700 1460 884 1497 docuerit
915 1469 958 1496 ut
991 1459 1236 1508 principium
1285 1469 1344 1496 est
1376 1468 1512 1496 tenen-

198 1522 307 1557 dum.
342 1521 385 1556 In
417 1519 493 1556 ista
526 1518 695 1556 materia
726 1518 883 1555 videtur
907 1518 1003 1555 mihi
1027 1518 1308 1555 sustinendum
1332 1528 1373 1554 ut
1399 1517 1510 1564 fides,

197 1583 257 1628 (ut
294 1578 445 1616 faciunt
476 1577 613 1614 fideles
646 1577 856 1625 theologi),
891 1577 1001 1624 quod
1034 1575 1166 1613 maior
1197 1576 1361 1613 obedire
1395 1576 1513 1613 debet

197 1636 364 1684 minori3
417 1644 456 1672 et
486 1637 563 1672 hoc
596 1636 848 1672 sentenciant
887 1635 1132 1680 subtiliores,
1178 1634 1356 1671 dicentes
1403 1636 1510 1682 quod

196 1699 303 1733 Deus
348 1694 553 1732 concurrit
594 1693 634 1730 in
678 1693 790 1730 omni
823 1706 967 1741 genere
1000 1706 1120 1730 cause
1154 1694 1201 1729 de
1234 1702 1386 1741 quanto
1420 1705 1508 1740 per-

140 1756 178 1789 25
195 1754 415 1792 feccionern
448 1751 639 1801 sapuerit.
671 1755 721 1789 Et
753 1752 808 1789 sic
833 1753 937 1789 Deus
961 1751 1063 1788 sicut
1096 1760 1154 1788 est
1183 1764 1339 1788 summe
1362 1753 1504 1796 bonus,

195 1814 243 1850 de
276 1821 388 1849 tanto
420 1819 478 1848 est
510 1822 668 1847 summe
714 1810 918 1847 obediens.
952 1811 1039 1858 Ipse
1071 1809 1175 1846 enim
1211 1818 1269 1846 est
1300 1809 1501 1846 obiectum

196 1871 360 1908 cuilibet
379 1877 561 1906 creature
584 1868 852 1917 indigenciam
869 1881 982 1905 suam
1008 1867 1174 1904 audiens
1197 1876 1316 1915 atque
1341 1868 1512 1916 implens

197 1939 234 1966 et
285 1929 393 1977 apud
433 1927 521 1963 illos
560 1927 628 1975 qui
673 1939 753 1963 non
799 1926 1024 1963 obaudiunt
1067 1925 1429 1974 grammaticorum
1476 1935 1513 1962 et

196 1987 393 2035 scripture
433 1985 701 2031 sentenciam3
749 1986 824 2021 ista
871 1993 928 2021 est
975 1984 1211 2021 obediencia
1258 1984 1422 2021 maioris
1462 1985 1512 2020 ad

139 2047 179 2078 30
197 2046 409 2082 minorem.
443 2043 629 2080 Christus
662 2051 795 2080 autem
830 2043 933 2079 sicut
967 2051 1025 2079 est
1058 2051 1199 2079 nature
1233 2043 1420 2090 duplicis,
1456 2042 1511 2078 sic

83 2117 155 2148 μοι,
195 2104 268 2140 fuit
300 2102 514 2151 dupliciter
546 2114 703 2138 summe
735 2101 940 2138 obediens.
990 2101 1153 2137 Audivit
1186 2101 1290 2137 enim
1327 2100 1510 2137 christia-

79 2166 157 2206 149‘'
194 2175 337 2199 norum
378 2160 583 2209 egenciarn
628 2170 665 2196 et
703 2160 919 2208 supplevit,
974 2159 1157 2196 subdicio
1190 2172 1283 2196 vero
1321 2156 1507 2210 videturl

196 2233 317 2269 supra
362 2218 640 2256 obedienciam
686 2230 830 2256 sonare
863 2218 903 2254 in
938 2217 1206 2254 ministerium
1241 2218 1510 2262 subditorum,

197 2288 233 2316 et
274 2278 329 2315 sic
364 2277 546 2314 Christus
591 2275 650 2328 (ut
682 2275 779 2313 dicit
812 2274 1080 2326 evangelium)
1114 2283 1198 2312 erat
1230 2277 1402 2312 subditus
1434 2276 1512 2311 suis

140 2336 433 2387 35parentibus;
468 2348 540 2372 nec
564 2335 731 2371 dubium
766 2335 863 2382 quin
897 2335 1119 2371 secundum
1156 2332 1421 2382 multiplicem
1451 2346 1510 2370 ra-

197 2395 353 2432 cionem
387 2393 591 2431 obediens.
646 2395 694 2430 Et
726 2392 840 2428 illum
874 2394 1043 2442 gradum
1078 2392 1313 2429 obediencie
1346 2393 1512 2428 mandat

1576 1746 1655 1774 How
1677 1747 1747 1775 God

1556 1783 1581 1810 is
1603 1783 1763 1811 obedient.

265 2527 291 2546 2.
313 2517 382 2546 BC:
413 2525 547 2552 purgare
567 2521 624 2543 etc.
674 2516 699 2544 3.
722 2517 749 2543 A
769 2516 799 2543 in
822 2524 938 2550 marg:
962 2515 1118 2549 Dubium;
1135 2514 1156 2541 Β
1178 2515 1208 2542 in
1231 2522 1347 2546 marga
1369 2514 1509 2549 Questio.

195 2554 221 2582 5.
248 2556 293 2581 A:
321 2553 449 2580 modum
470 2552 674 2586 sapientibus.
747 2559 773 2584 7.
795 2552 840 2578 A:
867 2555 900 2578 ut
921 2551 1057 2586 quando.
1147 2550 1174 2577 8.
1196 2551 1243 2577 A:
1265 2549 1361 2577 eciam
1383 2550 1419 2576 ad
1441 2550 1510 2576 hoc.

197 2597 237 2616 10.
266 2589 286 2615 B
315 2588 344 2615 in
373 2595 489 2622 marg-z
512 2586 592 2613 Nota
613 2587 650 2613 de
670 2585 865 2614 obediencia.
962 2593 996 2612 11.
1018 2586 1046 2612 A
1066 2586 1095 2612 in
1118 2592 1238 2619 marg:
1261 2592 1281 2611 ι,
1372 2591 1409 2610 12.
1432 2586 1459 2611 A
1481 2585 1509 2610 in

196 2631 311 2657 marg.:
331 2631 356 2650 2.
504 2621 542 2649 13.
562 2622 590 2648 A
610 2621 641 2648 in
662 2629 780 2656 marg:
802 2621 834 2653 3;
856 2621 877 2648 B
898 2621 930 2648 in
952 2628 1065 2654 marg.:
1090 2620 1282 2647 Obediencia
1303 2619 1456 2647 maiorum
1472 2619 1508 2645 ad

201 2658 337 2686 minores
357 2657 410 2685 ubi
431 2656 631 2692 exemplatur.
766 2656 805 2683 18.
828 2656 867 2683 B:
889 2656 950 2683 nisi
971 2655 1068 2683 deest.
1219 2662 1265 2681 20.
1288 2656 1315 2681 A
1336 2654 1366 2681 in
1388 2661 1484 2688 marg.
1502 2662 1508 2679 ε

195 2692 380 2727 Responsio.
465 2698 507 2718 22.
529 2689 598 2718 BC:
618 2690 795 2724 theologici.
887 2688 930 2718 23.
952 2690 972 2717 Β
993 2690 1023 2718 in
1045 2697 1161 2724 marg.:
1182 2689 1380 2721 Notandum3
1402 2688 1441 2715 ib.
1463 2689 1508 2715 A:

196 2728 333 2756 dicentes
353 2727 447 2755 deest.
518 2732 565 2757 24.
587 2725 628 2753 C:
649 2733 760 2757 genere
774 2734 851 2753 esse.
906 2726 951 2753 26.
974 2724 1093 2753 Codd.:
1117 2725 1288 2759 obiectum
1311 2722 1507 2751 subiectum?

196 2770 244 2798 29.
264 2762 304 2790 B:
325 2762 428 2790 istam.
466 2759 505 2788 31.
525 2761 572 2788 A:
594 2760 720 2796 audivit,
741 2761 865 2788 audivit.

272 2880 323 2900 10.
351 2869 401 2900 De
426 2867 619 2900 Maioritate
645 2876 678 2900 et
704 2868 918 2901 Obediencia
946 2868 970 2908 1,
1000 2868 1053 2907 33,
1079 2866 1109 2899 ὁ.
