2017 3353
205 288 282 323 336
786 292 1008 325 JOHANle
1026 290 1208 323 WYCLIF
1228 289 1482 322 SERMONUM
1565 274 1718 332 [SERMO
1740 284 1790 310 LI-

488 398 669 435 Christus
704 406 761 435 est
795 397 899 434 filius
933 397 1060 434 David
1093 405 1129 433 et
1161 397 1275 433 beate
1307 394 1485 443 virginis,
1526 394 1581 430 sic
1614 401 1672 430 est
1705 391 1802 441 ipsis

486 456 651 493 inferior
690 465 726 493 et
762 456 860 504 ipsis
899 455 1114 500 subiectus,
1155 463 1191 490 et
1231 454 1332 490 sicut
1372 462 1430 489 est
1468 451 1664 489 naturalis
1698 450 1804 486 filius
1822 480 1881 511 Fol

488 515 559 551 Dei
593 515 648 551 sic
682 523 740 551 est
774 513 903 550 maior
931 509 936 566 Ι
966 522 1002 549 et
1034 512 1144 561 prior
1174 512 1301 548 David
1332 512 1392 547 vel
1426 510 1600 555 homine,
1635 518 1677 545 ut
1710 507 1807 544 dicit
1827 504 1902 568 170}

489 572 750 621 evangelium,
791 585 881 608 cum
916 571 965 607 sit
999 572 1217 607 multorum
1251 578 1480 617 utrumque,
1514 568 1605 604 licet
1639 565 1807 602 materia
1871 564 1881 568 ’

489 631 529 667 in
562 630 721 667 Christo
745 642 816 678 per
838 629 1214 677 augmentacionem
1239 627 1427 664 continue
1448 625 1637 671 variatur,
1671 624 1840 661 tamen5

489 698 653 737 propter
693 689 768 724 hoc
807 689 915 736 quod
954 696 1090 723 manet
1123 686 1228 723 idem
1269 684 1524 734 suppositum
1565 692 1601 720 et
1634 695 1716 719 non
1749 690 1808 718 est

490 747 679 784 continue
710 758 814 782 nova
845 754 990 782 natura
1021 757 1091 793 per
1123 757 1164 781 se
1197 744 1388 789 existens3
1422 750 1587 791 propter
1619 741 1695 777 hoc
1726 752 1809 776 non

490 803 898 854 proporcionabiliter
922 812 1135 852 generatur
1156 803 1218 839 vel
1240 801 1393 850 incipit.
1422 803 1471 836 Et
1495 799 1550 836 sic
1573 797 1809 846 intelligitur

491 864 599 912 quod
623 862 805 900 Christus
829 874 911 898 non
941 861 990 897 sit
1019 861 1164 907 minor,
1198 860 1291 896 licet
1314 872 1355 896 se
1380 859 1511 907 ipsum
1537 855 1807 901 exinaniverit,

491 921 585 970 quia
623 920 730 957 istud
775 932 860 956 esse
903 932 985 956 non
1030 928 1088 955 est
1126 931 1196 967 per
1241 930 1282 954 se
1327 917 1497 954 existens
1536 915 1638 953 sicut
1676 914 1868 962 ipsum10

492 991 578 1016 esse
611 978 831 1024 hominem,
867 979 975 1027 quod
1008 986 1066 1014 est
1100 976 1233 1013 minus
1267 988 1388 1025 quam
1423 974 1563 1011 deitas.

1009 1113 1202 1155 SERMO
1235 1113 1300 1155 LI.

552 1212 772 1249 Ascendens
801 1211 912 1247 Jesus
944 1211 980 1246 in
1014 1209 1230 1245 naviculam
1263 1207 1537 1256 transfretavit
1575 1213 1611 1242 et
1644 1204 1743 1242 venit
1775 1203 1810 1239 in

495 1271 686 1308 civitatem
718 1282 839 1306 suam.
875 1267 1043 1305 Matthei
1076 1268 1161 1313 1X0,
1194 1280 1225 1303 1.

260 1333 414 1384 ΔΜήῖςῐίεῢῑ
445 1367 450 1394 1
475 1377 480 1383 ¹
552 1328 745 1366 Navicula
788 1327 864 1363 ista
908 1335 1041 1375 potest
1086 1324 1254 1372 intelligi
1299 1325 1349 1360 ad
1401 1334 1562 1359 sensum
1609 1319 1812 1357 misticum
1835 1321 1870 1354 15

208 1368 412 1439 me‘uussiilpf'f
431 1372 479 1394 Μ
496 1399 642 1436 corpus
666 1388 780 1422 beate
803 1385 928 1422 Marie
949 1383 1112 1432 virginis
1135 1384 1196 1419 vel
1220 1394 1366 1430 corpus
1396 1379 1605 1429 proprium
1630 1379 1738 1428 quod
1767 1379 1815 1414 de

496 1445 584 1494 ipsa
627 1453 866 1492 sumpserat.
912 1445 954 1479 In
998 1442 1074 1478 ista
1114 1441 1276 1490 quidem
1316 1439 1492 1475 navicula
1530 1436 1815 1486 transfretavit,

498 1502 659 1553 quando
694 1514 855 1539 cursum
889 1501 1073 1549 penalem
1106 1498 1331 1535 infantilem
1364 1497 1404 1533 in
1435 1505 1522 1533 arto
1555 1494 1741 1544 presepio
1774 1493 1815 1529 in

497 1571 679 1610 tempore
723 1559 854 1608 gelido
908 1568 945 1595 et
997 1557 1218 1594 innumeris
1267 1555 1455 1604 periculis
1511 1567 1584 1602 pro
1634 1554 1813 1589 humano

498 1618 700 1657 adiutorio
737 1618 844 1655 venit
883 1618 932 1653 ad
971 1615 1182 1653 ecclesiam
1214 1616 1446 1659 Judeorum‚
1486 1624 1563 1662 que
1595 1611 1815 1648 secundum
1834 1621 1875 1643 20

499 1679 703 1727 quandam
743 1675 1032 1725 proprietatem
1072 1673 1217 1710 dicitur
1256 1673 1390 1709 civitas
1432 1684 1515 1718 sua,
1559 1682 1641 1706 non
1685 1669 1816 1706 solum

501 1735 593 1785 quia
626 1735 775 1772 ibidem
809 1733 1059 1782 aliquamdiu
1081 1731 1287 1777 habitavit,
1321 1731 1390 1766 sed
1424 1728 1517 1778 quia
1549 1728 1589 1764 in
1623 1739 1668 1764 ea
1698 1735 1817 1763 natus

502 1803 559 1830 est
596 1794 658 1830 vel
696 1806 783 1830 eam
823 1804 867 1828 ex
905 1789 1097 1839 singulari
1135 1788 1382 1838 proprietate
1423 1797 1459 1824 et
1498 1798 1683 1823 sermone
1726 1797 1817 1833 pro-

502 1851 661 1900 phetico
695 1850 908 1888 affectavit.
944 1850 1044 1896 Non,
1077 1847 1218 1896 inquit,
1251 1860 1335 1884 sum
1369 1847 1507 1882 missus
1540 1845 1613 1881 nisi
1647 1844 1698 1879 ad
1731 1854 1819 1879 oves

502 1923 572 1959 que
598 1909 801 1959 perierant
834 1909 970 1944 domus
1001 1907 1136 1943 Israel.
1836 1901 1875 1932 25

233 1972 372 2013 *Christ‘s
393 1979 462 2019 own
561 1967 776 2004 Dubitatur
816 1966 920 2003 enim
961 1963 1230 2001 communiter
1263 1974 1339 2011 que
1372 1963 1422 1998 ad
1455 1961 1612 1997 literam
1647 1958 1720 1995 fuit
1752 1957 1819 1994 illa

214 2005 487 2070 tcfffybsssxsfflgffffessiff
504 2025 655 2072 civitas,
690 2026 759 2061 sed
793 2024 872 2061 sive
905 2023 1022 2059 fuerit
1043 2022 1264 2059 Jerusalem
1298 2020 1378 2056 sive
1401 2019 1599 2056 Nazareth
1623 2017 1703 2054 sive
1726 2027 1820 2065 que-

506 2096 662 2132 cunque
684 2082 762 2120 alia
786 2095 906 2131 quam
931 2081 1113 2118 Christus
1138 2078 1318 2124 incoluit,
1341 2090 1479 2114 verum
1504 2085 1562 2113 est
1587 2077 1637 2112 ad
1662 2074 1818 2111 literam

506 2143 614 2191 quod
636 2141 703 2178 illa
727 2140 865 2177 civitas
890 2138 1122 2175 humanitus
1145 2137 1218 2174 fuit
1241 2149 1322 2173 sua.
1357 2135 1512 2171 Dicitur
1543 2143 1679 2170 tamen
1711 2144 1820 2169 com-

506 2199 679 2236 muniter
712 2200 820 2248 quod
852 2197 925 2234 fuit
952 2197 1164 2241 Nazareth,
1199 2207 1274 2244 que
1306 2193 1379 2230 fuit
1412 2191 1647 2240 metropolis
1671 2189 1821 2227 Galilee
1839 2192 1879 2223 30

505 2258 547 2294 in
591 2270 669 2306 qua
713 2256 845 2305 patria
883 2263 1101 2303 conceptus
1142 2262 1213 2299 est,
1255 2252 1349 2300 quia
1387 2251 1427 2287 in
1464 2250 1675 2287 Nazareth.
1718 2249 1820 2285 Cum

506 2325 638 2353 autem
675 2315 857 2351 Christus
897 2312 1129 2350 humanitus
1169 2309 1337 2360 profecit
1370 2308 1559 2346 continue
1591 2307 1631 2344 in
1662 2305 1820 2351 virtute,

507 2373 711 2422 signanter
744 2372 889 2409 dicitur
922 2372 1030 2420 quod
1064 2369 1243 2407 ascendit
1275 2368 1316 2404 in
1347 2367 1587 2412 naviculam,
1627 2364 1721 2414 quia
1752 2375 1823 2412 per

578 2508 602 2537 5.
625 2511 837 2544 augmentato:
858 2506 899 2533 ib.
920 2506 964 2533 A:
986 2506 1129 2532 varietur.
1221 2504 1248 2530 S.
1270 2504 1314 2530 A:
1337 2506 1498 2538 generatur
1519 2501 1613 2527 deest.
1705 2506 1733 2532 9.
1756 2496 1822 2524 BC:

509 2544 608 2571 maior
628 2552 659 2570 se
681 2543 765 2575 licet;
796 2541 836 2568 ib.
858 2542 902 2568 A:
925 2539 1173 2567 exterminaverit
1194 2538 1282 2573 qnia;
1305 2537 1344 2565 C:
1367 2535 1544 2564 exinanivit.
1619 2542 1660 2561 10.
1681 2533 1726 2560 A:
1748 2531 1822 2559 illud

509 2587 590 2607 esse:
621 2578 661 2605 ib.
684 2578 706 2604 B
727 2577 757 2604 in
779 2585 892 2611 marga
921 2574 1064 2602 Christus
1092 2574 1160 2601 licet
1186 2572 1354 2600 exinanivit
1380 2581 1411 2598 se
1438 2571 1540 2606 ipsum
1561 2574 1589 2596 et
1609 2567 1775 2605 minoravit
1796 2570 1824 2593 et

509 2613 699 2640 inferioravit
724 2611 864 2639 vocando
880 2610 922 2644 (Ι),
950 2614 1051 2636 tamen
1079 2617 1139 2635 non
1166 2608 1277 2635 dicitur
1303 2615 1383 2634 nunc
1411 2605 1510 2633 maior
1536 2613 1567 2631 se
1594 2607 1645 2630 aut
1671 2609 1822 2637 superior.

511 2656 548 2675 12.
571 2647 620 2675 BC
640 2648 670 2674 in
693 2655 806 2680 marga
829 2644 992 2672 Dominica
1013 2644 1092 2671 XIX.
1197 2642 1237 2669 16.
1261 2641 1327 2669 BC:
1350 2641 1444 2668 Mario
1465 2640 1559 2667 deest.
1666 2645 1707 2672 19.
1729 2637 1773 2664 A:
1795 2640 1823 2662 et

509 2682 680 2709 innumeris
710 2680 853 2716 perieulis
880 2680 924 2706 vel
952 2679 1087 2705 humano
1114 2677 1278 2705 adiutorio.
1387 2684 1426 2702 21.
1450 2674 1515 2701 BC:
1541 2672 1699 2710 quandam
1729 2671 1823 2698 deest.

510 2725 553 2744 22.
576 2716 642 2744 ssC:
663 2716 716 2743 ibi.
806 2723 849 2745 22.
872 2713 915 2742 23.
937 2713 1002 2741 BC:
1024 2713 1075 2740 sed
1098 2712 1168 2748 qnia
1264 2715 1309 2738 est
1329 2711 1423 2738 deest.
1515 2711 1561 2735 20.
1583 2707 1636 2735 AB
1657 2714 1686 2733 1n
1709 2713 1822 2741 marg:

511 2752 657 2812 Dubinrni.
731 2759 777 2786 29.
799 2751 827 2777 Α
848 2750 877 2777 in
900 2756 1013 2783 marga:
1034 2747 1223 2782 Responsi0;
1252 2746 1273 2773 Β
1294 2746 1324 2772 in
1345 2753 1458 2779 marg:
1483 2742 1619 2772 Solucio.
1692 2739 1735 2768 32.
1758 2739 1823 2766 BC:

512 2790 612 2813 autem
656 2790 726 2812 eest.

588 2880 637 2901 12.
665 2867 716 2900 Cf.
737 2867 895 2909 Wyclif’s
922 2867 1089 2897 Sermons
1124 2866 1178 2896 ed.
1211 2864 1255 2906 by
1288 2862 1422 2895 Arnold
1452 2862 1475 2902 ἱ,
1501 2859 1555 2901 46.
1658 2869 1709 2899 24.
1737 2857 1823 2889 Mat-

513 2914 605 2948 thaei
631 2915 703 2956 XV,
733 2925 784 2956 24.
