2017 3353
211 243 345 271 sumto
367 231 475 288 [vir]
715 241 853 273 PRlMA
882 240 1006 271 PARS.
1737 232 1812 280 375

211 352 354 402 legalia
378 364 399 388 a
425 350 607 387 fidelibus
632 347 968 396 contempnenda.
1005 347 1096 383 Ideo
1120 359 1199 383 non
1231 346 1395 383 dubium
1431 347 1525 395 quin

212 412 387 448 defectus
421 409 512 445 fidei
546 417 582 445 et
617 405 794 444 caritatis
827 403 1133 452 refrigescencia
1165 404 1214 441 sit
1248 417 1368 441 causa
1402 418 1525 453 quare

211 481 346 506 sumus
381 467 498 504 hodie
531 479 553 503 a
576 477 700 514 grano
724 462 911 500 frumenti
941 463 1042 499 adeo
1078 462 1264 510 elongati.
1299 465 1399 499 Nam
1432 476 1528 511 apo-
1570 461 1636 488 0¹¹¹·
1657 462 1785 497 prelatus

211 526 340 564 stolici
374 524 499 562 nostri
533 537 613 560 non
645 530 801 559 servant
825 521 1048 568 fragmenta
1071 520 1268 568 scripture
1290 532 1339 557 ne
1362 530 1527 569 pereant
1543 497 1581 524 do
1602 502 1664 568 miii)
1679 501 1815 559 ttrheeamut·

177 587 277 622 5sed
313 583 388 620 illis
434 580 675 630 contemptis
720 578 980 616 adinveniunt
1024 578 1249 626 fragmenta
1294 578 1372 615 alia
1416 579 1527 614 Anti-
1568 566 1793 638 fsgfiffgffisscf's

212 642 360 680 christi.
396 643 443 677 Et
475 640 530 677 sic
570 639 700 675 minus
745 636 955 685 culpabilis
1001 636 1103 673 foret
1148 636 1189 672 in
1233 636 1347 673 nobis
1392 638 1526 673 obser-

210 700 350 738 vancia
403 698 590 747 legalium
635 695 778 733 veteris
829 694 1057 731 testamenti
1103 707 1222 743 quam
1268 694 1528 731 observancia

212 758 377 796 minoris
423 754 674 794 auctoritatis
717 766 836 802 quam
877 751 1016 789 statuit
1060 752 1343 789 Antichristus.
1390 754 1529 789 Atten-

212 818 342 854 dendo
376 828 469 863 ergo
503 815 552 851 ad
585 813 709 849 solem
734 810 889 848 iusticie
913 811 1103 847 debemus
1128 810 1265 847 habito
1289 810 1372 847 eius
1396 811 1528 847 calore

157 891 194 912 10
211 874 455 912 tradiciones
499 871 594 908 istas
638 870 916 919 phariseorum
964 877 1250 917 contempnere
1299 877 1335 905 et
1368 870 1527 905 brevem

211 946 256 971 ac
290 934 415 969 levem
448 930 553 967 viam
587 927 733 966 Christi
776 939 936 964 currere
974 939 1046 963 nec
1087 926 1528 964 excommunicaciones

210 992 270 1028 vel
310 989 407 1027 alias
453 1000 640 1025 censuras
694 999 831 1023 eorum
875 986 1100 1029 attendere3
1150 984 1289 1021 saciati
1335 985 1438 1021 enim
1486 998 1529 1022 ex

211 1049 328 1098 adipe
352 1045 540 1084 frumenti
556 1044 868 1082 abhominamur
883 1043 978 1079 istas
1001 1042 1244 1079 tradiciones
1268 1043 1527 1091 pharisaicas,

212 1121 299 1145 cum
331 1115 537 1154 tamquam
564 1101 850 1151 indigestibiles
884 1110 920 1137 et
953 1113 1093 1149 aspere
1125 1102 1174 1137 ad
1208 1100 1403 1137 vomitum
1438 1114 1529 1149 pro-

160 1172 355 1204 15rocant
389 1172 425 1200 et
458 1162 663 1199 retardant
698 1162 746 1197 ad
786 1160 864 1196 alia
909 1158 1052 1195 mentis
1097 1158 1274 1195 salubria
1321 1159 1528 1207 capienda.

211 1227 259 1260 Et
292 1223 322 1259 si
356 1229 547 1271 queratur
580 1220 741 1269 quando
774 1217 916 1266 legalia
939 1229 1093 1254 cessare
1117 1218 1350 1263 debuerant,
1385 1216 1530 1253 dicitur

213 1288 268 1326 (ut
302 1280 396 1318 alibi
430 1279 581 1315 dictum
615 1286 672 1314 est
705 1277 826 1325 plano
859 1275 1060 1321 sermone)
1095 1277 1199 1323 quod
1225 1284 1332 1321 tunc,
1367 1276 1529 1324 quando

212 1347 441 1389 patescente
474 1337 607 1374 calore
639 1335 864 1371 intellectus
905 1332 1110 1370 christiani
1151 1342 1187 1369 et
1221 1341 1412 1370 evacuata
1444 1332 1530 1369 infi-

212 1397 374 1434 delitate
406 1395 568 1432 libertas
600 1393 695 1441 legis
718 1391 864 1430 Christi
897 1392 1001 1428 clare
1034 1391 1301 1439 cognoscitur,
1325 1400 1368 1427 ut
1392 1390 1531 1427 diffuse

155 1472 197 1493 20
213 1464 322 1505 patet
355 1454 395 1490 in
434 1452 603 1502 epistola
642 1452 692 1488 ad
733 1451 908 1487 Galatas.
955 1450 1031 1486 Sed
1071 1462 1142 1497 per
1182 1448 1529 1486 introduccionem

212 1515 318 1551 scole
351 1509 585 1549 Antichristi
618 1509 780 1546 libertas
812 1507 908 1556 legis
942 1507 1089 1544 Christi
1122 1507 1375 1556 extinguitur,
1411 1516 1447 1544 et
1481 1508 1530 1544 ad
1545 1507 1612 1535 The
1633 1506 1768 1551 sfchOffl
1790 1507 1824 1534 Οἱ

214 1572 446 1609 discendum
491 1567 734 1605 tradiciones
775 1576 811 1603 et
861 1567 965 1614 leges
1011 1565 1290 1602 cerimoniales
1334 1566 1530 1602 humanas
1576 1542 1800 1612 (ᾗξξζῗςῖὲᾶἓχ

213 1639 319 1667 totus
353 1626 633 1665 homuncionis
667 1625 824 1662 animus
851 1632 1082 1672 contempta
1113 1624 1197 1671 lege
1221 1623 1385 1660 Domini
1414 1636 1531 1660 occu·
1591 1608 1775 1640 Antichrist.

214 1697 344 1737 patus,
390 1685 445 1722 sic
485 1685 590 1734 quod
631 1682 806 1720 cordatis
852 1682 890 1718 in
938 1695 1009 1718 sua
1053 1682 1136 1729 lege
1186 1682 1288 1718 foret
1328 1681 1530 1718 difficilius

156 1753 196 1785 25
213 1744 456 1783 tradiciones
490 1741 725 1779 Antichristi
758 1740 798 1776 in
830 1739 970 1777 scribis
1005 1748 1041 1775 et
1074 1739 1270 1787 phariseis
1304 1739 1530 1787 extinguere

214 1817 333 1853 quam
359 1803 399 1839 in
422 1811 604 1850 tempore
628 1798 776 1837 Christi
808 1798 882 1835 fuit
914 1810 1053 1834 eorum
1086 1797 1286 1834 versucias
1319 1810 1528 1846 superare3

213 1863 252 1899 in
284 1870 440 1898 tantum
475 1860 582 1908 quod
615 1858 645 1894 si
678 1857 736 1894 vir
759 1856 1008 1905 evangelicus
1031 1867 1149 1904 quem
1175 1855 1393 1892 formidant
1416 1864 1531 1892 acute

214 1918 454 1969 processerit
478 1926 618 1954 contra
646 1912 650 1969 Ι
679 1915 800 1964 ipsos,
836 1913 1117 1951 machinantur
1142 1913 1273 1950 media
1297 1913 1416 1950 nimis
1440 1915 1530 1950 sub-

215 1979 307 2015 dola
340 1976 482 2026 quibus
515 1975 645 2023 ipsum
692 1973 921 2022 extinguent
960 1985 1050 2009 cum
1090 1971 1169 2009 suis
1202 1971 1437 2008 fautoribus.
1483 1973 1531 2007 Et

159 2045 199 2077 30
215 2037 270 2073 sic
304 2035 380 2072 nisi
412 2034 588 2071 defectus
623 2031 713 2068 fidei
747 2040 784 2068 et
815 2030 1003 2068 vecordia
1036 2030 1206 2066 militum
1233 2029 1381 2067 Christi
1403 2030 1532 2067 forent

216 2095 255 2131 in
301 2106 432 2139 causa,
483 2090 848 2139 multiplicarentur
887 2088 1005 2125 hodie
1046 2096 1240 2136 martyres
1279 2088 1381 2125 sicut
1420 2087 1530 2124 olim.

217 2154 330 2190 Unde
362 2151 519 2201 vvgidetur
559 2148 693 2185 multis
732 2147 941 2196 probabile
981 2148 1088 2195 quod
1128 2159 1221 2183 ceca
1260 2145 1425 2183 devocio
1471 2158 1532 2182 ce-

217 2224 351 2248 sarum
386 2218 422 2245 et
455 2207 682 2257 principum
717 2215 834 2251 terre,
860 2205 954 2254 quin
980 2204 1120 2253 pocius
1151 2216 1289 2241 eorum
1323 2203 1530 2253 ypocrisis,

217 2270 305 2317 plus
338 2275 454 2304 nocet
494 2265 658 2302 ecclesie
699 2277 818 2313 quam
859 2273 1120 2312 tyrannorum
1167 2262 1394 2307 crudelitas,
1441 2275 1531 2298 cum

162 2336 200 2368 35
218 2326 292 2375 ipsi
325 2334 508 2374 patenter
540 2322 737 2372 persecuti
770 2331 860 2358 sunt
884 2330 1078 2369 martyres
1102 2322 1151 2358 ad
1176 2333 1314 2357 eorum
1340 2333 1531 2357 coronam

219 2397 338 2433 quam
387 2395 456 2431 per
501 2381 685 2418 accidens
725 2381 988 2429 perfecerunt.
1053 2380 1127 2416 Sed
1169 2378 1232 2415 isti
1271 2387 1533 2427 persecuntur

218 2455 351 2479 servos
383 2439 617 2477 Antichristi
650 2441 698 2475 ad
733 2452 871 2475 eorum
906 2437 1240 2486 dampnacionem
1274 2450 1374 2485 quos
1397 2437 1533 2473 adula-

220 2501 334 2538 cione
367 2511 459 2536 ceca
498 2497 538 2534 in
577 2496 913 2545 dampnacionem
958 2505 1193 2544 perpetuam
1234 2495 1440 2531 inducunt.
1486 2495 1535 2529 Et

220 2559 294 2595 ista
326 2555 558 2606 persecucio
593 2564 649 2592 est
672 2555 829 2603 gravior
852 2563 1018 2603 propter
1040 2553 1244 2591 racionem
1270 2551 1532 2600 multiplicem

161 2640 204 2671 40
220 2629 340 2666 quam
376 2623 433 2652 est
465 2613 588 2663 prior.

125 1906 198 1953 5⁰¹·

122 1953 199 1993 184³

292 2792 311 2810 1.
328 2783 348 2810 B
372 2783 401 2810 in
424 2791 535 2817 marg:
557 2781 782 2818 Tradicionum
804 2782 1009 2808 humanarum
1032 2780 1140 2807 nociva
1161 2777 1357 2814 superfluitas
1377 2777 1535 2813 quomodo

221 2824 264 2846 cst
287 2818 460 2845 resecanda.
537 2818 574 2844 18.
597 2817 666 2843 AB:
690 2820 832 2851 pascente
852 2816 961 2843 calore.
1034 2824 1074 2850 ις).
1098 2813 1163 2841 BC:
1186 2814 1266 2841 clare
1286 2812 1378 2840 deest.
1448 2821 1491 2847 27.
1515 2813 1534 2839 Β

221 2854 250 2880 in
272 2861 366 2888 marg.
388 2853 432 2879 fal.
455 2860 570 2882 manum
593 2851 649 2878 Vir
669 2850 873 2885 evangelicus,
937 2850 980 2881 32,
1004 2849 1045 2877 33.
1070 2850 1105 2876 B:
1128 2848 1252 2876 cesaris.
1308 2846 1355 2882 34.
1377 2846 1443 2875 BC:
1466 2847 1535 2882 plus

221 2888 312 2916 deest.
386 2886 431 2915 36.
456 2885 518 2914 lzC:
542 2886 688 2913 sect-runt.
