2017 3353
197 253 335 281 semo
359 241 458 298 vm]
704 254 844 285 PRIMA
871 252 997 284 PARS.

198 371 291 410 post
330 360 548 409 Baptistam
592 358 740 407 duplici
783 357 998 395 nativitate.
1054 357 1130 392 Sed
1164 355 1346 391 Christus
1386 355 1512 390 factus

199 428 257 456 est
288 428 379 456 ante
420 418 532 454 illum
567 429 646 453 non
680 417 719 452 in
752 415 1026 453 anterioritate
1060 413 1253 461 temporis
1287 413 1354 448 sed
1388 411 1512 459 digni-

199 477 302 523 tatis,
337 486 375 513 et
408 475 462 512 sic
494 475 622 512 factus
656 484 713 512 est
746 474 856 523 prior
888 473 1076 522 Baptiste,
1111 472 1245 517 abbaS,
1270 470 1445 518 pontifex
1478 478 1516 505 et

199 536 471 584 quodcunque
503 545 653 569 nomen
682 532 880 569 laudabile
913 530 1095 580 prelacie.
1125 532 1174 566 Et
1198 529 1314 565 istam
1340 527 1515 565 anterio-

165 592 355 630 5ritatem
381 591 582 640 dignitatis
617 591 792 639 Baptista
824 589 1018 627 meminit.
1061 588 1152 625 Ideo
1187 586 1389 634 signanter
1423 585 1516 621 dicit

199 651 375 699 Baptista
399 651 508 699 quod
534 659 625 697 post
649 662 739 686 eum
764 648 869 685 venit
892 648 963 693 vir,
982 647 1071 683 licet
1089 647 1215 683 factus
1232 644 1279 681 sit
1296 645 1406 693 prior
1423 656 1518 680 suus

201 709 324 746 eciam
349 708 594 745 humanitus.
629 707 732 744 Dicit
765 717 899 743 autem
924 705 1128 742 Christum
1164 715 1249 739 esse
1284 703 1413 739 virum
1441 701 1518 738 sin-

200 767 394 816 gulariter
415 779 488 814 pro
513 765 674 802 instanti
707 777 776 802 sue
811 763 1103 812 concepcionis,
1138 760 1231 810 quia
1263 774 1335 810 pro
1369 761 1437 797 illo
1462 759 1519 795 in-

202 825 321 862 stanti
337 824 487 861 virebat
510 824 650 872 plenus
674 823 902 869 virtutibus,
927 831 964 858 et
987 821 1210 858 secundum
1234 818 1520 866 grammaticos

148 893 186 915 ¹0
280 882 348 921 Vir
380 888 498 920 notat
529 887 695 931 etatem,
713 879 930 933 formam,
964 891 1133 925 sexum,
1160 877 1445 929 probitatem;

203 951 240 979 et
272 941 328 978 ita
359 941 562 990 signanter
594 940 740 977 dicitur
773 939 941 976 Jeremie
973 939 1130 984 XXXIO,
1157 946 1208 974 22
1243 937 1352 985 quod
1366 935 1521 985 femina

203 1000 456 1036 circumdabit
491 999 641 1036 virum:
686 998 776 1035 ideo
817 998 1020 1046 signanter
1064 995 1241 1043 Baptista
1274 994 1368 1030 dicit
1410 993 1519 1042 quod

201 1059 314 1094 Jesus
347 1057 475 1094 fuerat
503 1057 619 1107 prior
651 1069 753 1093 suus.

262 1115 452 1161 Quamvis
476 1125 609 1152 autem
633 1115 830 1162 propheta
853 1114 927 1150 iste
958 1113 1104 1149 multas
1127 1111 1312 1148 veritates
1337 1108 1523 1157 cognovit

150 1174 187 1206 ¹5
204 1175 251 1211 de
274 1167 442 1210 domino
467 1186 565 1222 quas
588 1173 652 1210 alii
677 1173 927 1221 ignorarunt,
962 1171 1108 1207 multas
1144 1180 1280 1207 tamen
1303 1168 1520 1212 nesciebat,

203 1233 279 1269 hoc
302 1241 373 1278 est,
411 1232 621 1281 ignorabat
643 1244 740 1279 quas
765 1231 804 1267 in
824 1242 1014 1278 processu
1039 1228 1234 1277 temporis
1257 1239 1327 1275 per
1349 1226 1522 1262 illustra-

205 1290 361 1327 cionem
395 1290 558 1338 spiritus
583 1290 863 1338 cognoscebat,
898 1298 941 1325 ut
975 1287 1113 1324 didicit
1139 1299 1181 1323 ex
1214 1285 1355 1333 spiritu
1386 1293 1523 1320 sancto

206 1350 317 1398 quod
340 1356 379 1385 ut
403 1348 587 1386 Christus
612 1348 882 1397 manifestetur
896 1347 931 1382 in
947 1344 1088 1391 Israel,
1102 1352 1314 1395 propterea
1334 1342 1523 1392 processit

207 1407 407 1459 baptizans
422 1408 457 1443 in
476 1419 588 1457 aqua.
606 1406 719 1443 Sicut
743 1405 848 1442 enim
865 1417 1011 1441 aurora
1026 1403 1203 1452 precedit
1227 1401 1332 1438 diem
1357 1401 1523 1445 clarum,

151 1476 191 1498 20
206 1478 255 1502 ne
270 1465 367 1502 visio
384 1465 632 1503 intuencium
649 1474 741 1512 post
760 1464 944 1501 tenebras
961 1462 1243 1507 confundatur,
1273 1460 1326 1496 sic
1346 1458 1523 1506 Baptista

206 1533 251 1561 ut
275 1537 422 1560 aurora
445 1536 526 1560 non
550 1523 608 1559 sol
634 1522 802 1569 iusticie,
827 1521 1018 1570 precessit
1043 1519 1277 1565 Dominum,
1303 1516 1397 1566 quia
1421 1516 1523 1552 sicut

116 1618 140 1650 F
170 1618 179 1650 1
207 1581 363 1619 subitas
397 1582 648 1619 mutaciones
687 1580 775 1617 odit
814 1590 956 1617 natura
991 1579 1060 1615 sed
1093 1577 1292 1626 paulative
1324 1575 1521 1624 procedit,

109 1629 191 1708 ¹43⁰.
207 1639 261 1677 ita
300 1640 484 1677 Christus
525 1643 530 1687 Ι
569 1639 694 1676 voluit
741 1638 945 1675 ecclesiam
993 1649 1105 1674 suam
1151 1635 1366 1684 proficere3
1419 1633 1525 1669 unde

208 1698 310 1735 sicut
336 1698 486 1736 ruditas
510 1698 671 1735 artificis
695 1696 871 1746 precedit
905 1695 1186 1744 operacionem
1211 1693 1522 1730 architectorum

153 1758 192 1791 25
209 1756 413 1802 subtilem,
436 1756 491 1793 sic
523 1755 745 1804 baptizacio
768 1754 960 1792 Johannis
994 1754 1033 1790 in
1056 1766 1161 1802 aqua
1183 1750 1374 1801 precessit
1398 1748 1524 1797 bapti-

211 1814 415 1852 zacionem
433 1814 580 1851 Christi
597 1814 635 1850 in
652 1813 816 1862 spiritu;
833 1813 922 1849 ideo
938 1824 982 1848 ex
1004 1811 1276 1848 illustracione
1292 1808 1365 1845 sibi
1387 1808 1525 1855 illapsa

210 1872 396 1910 divinitus
422 1872 693 1910 testimonium
726 1871 972 1919 perhibebat,
1008 1869 1101 1918 quia
1124 1870 1217 1907 vidit
1239 1867 1417 1918 spiritum
1442 1867 1526 1901 des-

210 1932 428 1968 cendentem
453 1932 562 1980 quasi
583 1931 799 1967 columbam
830 1930 876 1965 de
897 1929 991 1973 celo,
1024 1935 1058 1963 et
1081 1927 1220 1964 mansit
1242 1938 1359 1975 super
1381 1925 1524 1969 Jesum,

210 1999 253 2026 ut
288 1988 327 2027 in
360 1989 559 2038 corporali
593 1988 722 2036 specie
755 1987 978 2025 illustrante
1002 1985 1178 2022 Domino
1202 1983 1341 2033 populi
1374 1981 1526 2019 ruditas

153 2050 195 2083 30
210 2047 457 2094 excludatur,
491 2048 602 2096 quod
635 2046 814 2094 Baptista
846 2044 954 2093 prius
994 2044 1216 2094 ignorabat,
1257 2042 1325 2079 sed
1365 2040 1527 2089 spiritus

209 2115 370 2143 sanctus
421 2106 490 2154 qui
541 2104 650 2142 misit
696 2117 787 2141 eum
834 2105 884 2141 ad
934 2102 1162 2151 baptizandi
1208 2100 1384 2138 officium
1431 2097 1527 2135 dixit

209 2164 302 2201 sibi:
324 2163 450 2214 Super
477 2176 585 2214 quem
610 2164 753 2201 videris
783 2163 962 2213 spiritum
996 2161 1282 2197 descendentem
1306 2166 1341 2194 et
1374 2170 1528 2194 manen-

209 2230 283 2259 tem
320 2235 438 2273 super
475 2235 573 2266 eum,
612 2222 671 2258 hic
710 2228 765 2257 est
804 2221 868 2270 qui
907 2220 1077 2273 baptizat
1117 2219 1152 2255 in
1198 2218 1336 2268 spiritu
1381 2223 1525 2252 sancto.

269 2281 460 2327 Quamvis
484 2289 617 2317 autem
642 2280 716 2316 ista
736 2279 808 2315 fuit
838 2291 931 2315 vera
954 2278 1156 2323 columba,
1191 2289 1280 2313 cum
1306 2277 1412 2311 Deus
1445 2286 1526 2310 non

153 2340 193 2373 35
211 2338 262 2375 sit
299 2338 481 2386 sophista
520 2338 693 2375 illudens
734 2337 886 2385 populo
926 2336 1109 2375 falsitate,
1155 2347 1235 2371 non
1275 2343 1409 2370 tamen
1456 2332 1529 2368 fuit

211 2406 416 2446 assumpta
457 2397 726 2446 personaliter
766 2396 872 2432 sicut
912 2394 1061 2431 Christi
1101 2392 1331 2430 humanitas
1371 2391 1439 2427 sed
1479 2391 1527 2427 ad

211 2455 387 2492 officium
436 2454 717 2492 manifestandi
757 2453 941 2502 spiritum
986 2460 1170 2489 sanctum
1205 2450 1406 2487 mediante
1440 2449 1527 2485 illu-

213 2513 412 2550 stracione
445 2513 602 2550 interna
626 2513 699 2550 fuit
731 2514 782 2549 ad
805 2521 964 2560 tempus
1000 2519 1165 2558 accepta
1198 2518 1235 2546 et
1267 2508 1525 2557 postmodum

272 2609 305 2641 ⁵2.
326 2603 376 2630 A:
398 2603 429 2630 in
449 2602 544 2630 deest.
601 2612 631 2636 4.
653 2600 728 2629 BC:
750 2600 925 2628 laudabilis.
988 2609 1016 2633 4,
1034 2600 1059 2628 5.
1080 2601 1130 2627 A:
1153 2598 1376 2626 auctoritatem.
1433 2596 1462 2623 6.
1484 2596 1525 2622 A:

210 2642 293 2676 vemt
312 2638 376 2665 ubi.
449 2646 475 2673 7.
492 2637 562 2665 BC:
584 2638 681 2664 eciam
703 2637 798 2664 deest.
883 2635 910 2663 8.
932 2635 980 2662 A:
1001 2641 1029 2662 et
1051 2642 1108 2670 pro
1129 2635 1194 2662 illo.
1286 2640 1323 2660 12.
1344 2634 1392 2659 A:
1416 2630 1529 2658 mulier

211 2672 429 2700 circumdabit.
538 2680 580 2707 ¹7-
602 2672 642 2698 B:
665 2672 816 2707 spiritus;
837 2670 867 2698 in
889 2678 992 2703 marg:
1031 2671 1119 2697 aliter
1139 2677 1261 2697 sensus.
1372 2674 1412 2701 ¹7-
1435 2665 1474 2693 C:
1498 2669 1529 2692 ut

211 2708 296 2734 dicit.
388 2706 429 2734 18.
450 2707 495 2735 A:
519 2706 732 2735 manifestetur
753 2707 859 2739 simut,
881 2711 1064 2740 propterea3
1092 2704 1133 2731 ib.
1154 2705 1200 2731 A:
1223 2702 1376 2739 processit
1399 2702 1428 2728 in
1451 2708 1530 2735 aqua

213 2742 375 2777 baptizans
396 2742 426 2769 in
448 2750 544 2778 aqua.
665 2748 706 2776 ¹9·
728 2742 773 2768 A:
795 2741 877 2767 enim
898 2741 1004 2774 deest;
1025 2740 1066 2767 ib.
1088 2740 1133 2767 A:
1155 2739 1305 2773 procedit.
1425 2744 1463 2763 21.
1486 2736 1529 2762 ss:

211 2776 368 2805 johannes
388 2784 487 2812 quare
508 2782 576 2805 ame
598 2775 759 2804 Christum
791 2775 966 2811 baptizavit.
1075 2782 1123 2808 24.
1139 2775 1186 2801 A:
1208 2775 1286 2800 sicut
1308 2771 1438 2803 inditas:
1461 2770 1482 2796 Β
1499 2770 1528 2797 in

212 2819 331 2847 marg.:
352 2811 510 2840 ,Iohannes
532 2819 629 2848 quare
649 2815 720 2838 ante
735 2810 893 2838 Christum
917 2810 1092 2846 baptizavit.
1253 2815 1300 2843 29.
1316 2807 1337 2833 B
1359 2807 1388 2834 in
1410 2813 1527 2840 marg:

212 2846 384 2875 Ecclesiam
406 2855 496 2875 suam
507 2846 651 2875 Christus
661 2845 838 2873 successive
847 2846 946 2872 voluit
959 2845 1118 2880 proficere.
1194 2841 1232 2870 3¹.
1243 2844 1283 2871 A:
1297 2842 1529 2877 baptizandum.

214 2879 261 2918 34.
283 2882 304 2909 Β
325 2883 355 2910 in
377 2890 496 2918 marg.:
521 2881 675 2911 Columba
698 2887 793 2915 super
813 2879 974 2908 Christum
995 2881 1188 2908 descendens
1210 2878 1312 2913 qualis
1334 2877 1402 2905 tuit.

1394 2937 1414 2966 4

1417 2924 1436 2942 4(-

1757 243 1799 279 51

1556 421 1620 449 The
1642 423 1771 457 priority

1533 466 1596 485 was
1617 458 1647 484 in
1674 458 1804 492 dignity.

1569 992 1637 1020 The
1659 992 1777 1027 Baptist

1546 1028 1672 1090 1831ηὲιῆ
1678 1028 1765 1098 ygrac!
1771 1035 1802 1054 u-

1545 2281 1639 2310 What
1660 2283 1711 2310 the
1739 2282 1818 2310 dove

1647 2326 1720 2345 was.
