2017 3353
159 288 238 323 268
756 293 980 325 JOHANNIs
1002 292 1183 324 WYCLIF
1202 290 1458 323 SERMONUM
1524 276 1676 333 [SERMO
1698 286 1760 313 xl..

448 414 632 437 sermone
671 400 825 435 Christo
850 399 1026 443 Domine,
1050 399 1214 434 Domine
1251 397 1394 447 sufficit
1426 397 1565 433 exhinc
1599 408 1761 445 regnum

447 460 616 495 celorum
635 459 816 507 recipere.
845 458 922 493 Sed
938 465 1096 504 oportet
1118 469 1208 492 cum
1232 456 1348 491 debet
1370 467 1452 491 esse
1475 467 1609 490 servus
1632 453 1760 489 tocius

446 516 655 553 Trinitatis
689 516 796 564 quod
830 516 951 551 addat
990 514 1158 551 tercium
1192 512 1363 549 Domine
1402 511 1585 548 faciendo
1630 512 1762 559 quoad

449 575 607 611 finalem
653 572 996 622 perseveranciam
1052 573 1298 608 voluntatem
1345 570 1416 606 Dei
1474 569 1611 618 patris,
1670 568 1762 617 quia

448 633 666 669 secundum
701 633 861 668 beatum
894 632 1088 667 Jacobum
1123 637 1272 679 oportet
1303 629 1355 664 ad
1373 629 1498 679 fidem
1523 627 1795 663 meritoriamb

437 691 579 740 facere
601 691 736 726 honum
763 701 878 738 opus,-
900 697 936 724 et
960 688 1051 724 hinc
1074 688 1168 724 dicit
1190 687 1461 724 Crisostomus
1488 698 1578 722 cum
1602 686 1762 721 decreto

449 750 557 797 quod
581 760 653 783 non
686 748 808 783 omnis
828 747 1012 783 sacerdos
1034 753 1089 782 est
1120 746 1314 782 sacerdos.
1350 746 1427 781 Sed
1461 757 1551 780 cum
1575 742 1652 779 illis
1675 743 1763 791 plus

449 819 569 854 quam
604 818 693 842 cum
727 805 814 841 aliis
840 805 1033 852 dyabolus
1076 803 1312 851 sophisticat
1355 801 1502 839 Christi
1537 800 1761 846 ecclesiam,

449 873 486 900 et
519 864 609 900 ideo
642 862 823 900 Christus
861 872 943 899 tam
989 862 1191 910 signanter
1233 860 1470 909 prenunciat
1515 868 1552 896 et
1599 860 1763 896 mandat

164 930 226 956 The
254 930 432 956 tmtmmxxn
449 935 588 959 eorum
632 921 868 958 versuciam.
914 923 1015 957 Nam
1063 919 1290 968 quicunque
1334 927 1425 955 sunt
1475 917 1636 966 presciti
1681 930 1822 953 nonio

185 964 418 1044 ωζιέαᾞᾌᾝῗὲω
451 979 677 1016 ministrant
733 992 806 1027 pro
861 979 1013 1027 populo
1069 985 1321 1014 sacramenta
1369 977 1430 1013 vel
1473 975 1623 1013 faciunt
1667 974 1763 1011 talia

252 1033 348 1069 wid.
450 1050 572 1086 opera
597 1039 701 1074 bona
725 1038 773 1073 de
795 1049 937 1085 genere
960 1038 1065 1072 bona
1089 1034 1295 1072 moraliter
1316 1034 1391 1071 nisi
1414 1034 1516 1071 forte
1544 1034 1762 1070 secundum

451 1095 560 1144 quid,
600 1104 636 1132 et
674 1095 730 1132 sic
774 1095 910 1131 multis
954 1094 1142 1142 operibus
1180 1092 1389 1130 laicalibus
1429 1091 1558 1128 minus
1597 1099 1764 1139 prosunt

451 1153 628 1190 ecclesie.
664 1155 711 1189 Et
744 1152 877 1190 omnia
912 1152 987 1189 ista
1019 1151 1256 1188 ordinantur
1289 1164 1311 1187 a
1343 1149 1518 1187 Domino
1556 1158 1598 1186 ut
1632 1149 1765 1185 nullus

451 1221 633 1248 nostrum
668 1213 715 1248 de
747 1224 819 1248 sua
852 1210 1043 1259 dignitate
1076 1209 1281 1258 superbiat
1304 1210 1373 1245 sed
1396 1208 1591 1245 instanter
1614 1209 1763 1243 bonum
1785 1210 1821 1242 15

451 1269 571 1307 faciat
605 1269 852 1306 confidenter
883 1281 1047 1317 sperans
1071 1269 1118 1304 de
1142 1267 1214 1304 Dei
1238 1265 1514 1303 misericordia
1537 1274 1574 1302 et
1600 1273 1766 1313 propter

451 1341 522 1365 sua
555 1329 661 1364 bona
694 1339 817 1376 opera
850 1328 958 1375 quod
991 1328 1040 1363 ad
1080 1325 1367 1362 beatitudinem
1406 1324 1613 1361 ordinetur
1652 1322 1766 1371 quid-

452 1399 573 1435 quam
612 1398 655 1422 ex
702 1398 773 1422 sua
817 1385 1010 1433 dignitate
1055 1392 1180 1420 status
1223 1383 1418 1419 vendicet.
1475 1383 1552 1419 Sed
1596 1381 1764 1417 vivendo

451 1456 669 1493 pauperem
703 1444 825 1480 vitam
860 1456 906 1479 ac
945 1442 1137 1478 humilem
1184 1450 1323 1489 querat
1367 1440 1562 1476 instanter
1606 1438 1681 1475 sibi
1728 1447 1765 1475 et

164 1511 327 1550 151111d11qss
343 1511 376 1538 ot*
389 1511 436 1538 the
452 1501 539 1539 aliis
571 1515 736 1550 regnum
772 1501 856 1538 Dei.
892 1500 1047 1537 Cecitas
1080 1508 1212 1536 autem
1247 1511 1326 1535 non
1359 1498 1449 1534 dico
1483 1498 1523 1533 in
1551 1506 1664 1545 parte
1697 1498 1763 1532 sed
1782 1510 1823 1531 20

259 1547 340 1583 ¹³¹¹·V·
453 1559 566 1609 quasi
599 1572 642 1596 ex
675 1568 760 1596 toto
795 1558 987 1606 contingit
1021 1557 1206 1594 dominos
1239 1557 1436 1593 seculares
1470 1565 1506 1592 et
1541 1556 1674 1603 laycos
1699 1554 1765 1602 qui

454 1617 661 1654 manifeste
706 1617 854 1654 instant
905 1618 1013 1664 quod
1059 1617 1210 1652 mundo
1260 1614 1470 1663 potencior
1514 1613 1605 1649 licet
1650 1612 1767 1648 fuerit

453 1677 672 1713 secundum
719 1684 845 1711 artem
903 1673 1098 1722 operandi
1143 1672 1329 1709 inhabilis
1380 1672 1448 1708 fiat
1492 1672 1638 1719 presul,
1696 1682 1768 1706 nec

454 1734 620 1770 dubium
656 1733 751 1782 quin
784 1732 1089 1773 auctorisantes,
1114 1739 1377 1779 procurantes
1402 1739 1437 1766 et
1461 1731 1654 1766 electores
1678 1728 1769 1764 licet

456 1791 643 1829 monachi
681 1800 1039 1840 quantumcunque
1073 1789 1204 1826 devoti
1237 1788 1314 1825 sint
1346 1789 1434 1836 plus
1474 1800 1593 1836 quam
1640 1786 1769 1834 priva-
1787 1788 1825 1821 25

457 1850 570 1887 cione
619 1861 954 1898 quorumcunque
998 1847 1284 1896 temporalium
1341 1859 1505 1882 suorum
1563 1843 1768 1893 puniendi,

456 1921 545 1945 cum
579 1909 798 1944 secundum
834 1907 953 1943 fidem
987 1919 1067 1942 non
1092 1904 1362 1942 consentirent
1386 1905 1435 1940 ad
1458 1904 1579 1940 talem
1604 1915 1768 1951 operam

455 1974 620 2015 propter
652 1965 920 2002 salvacionem
955 1964 1083 2001 tocius
1118 1962 1268 1999 mundi.
1304 1964 1351 1998 Et
1384 1963 1511 1998 multo
1542 1960 1667 2008 magis
1689 1972 1770 1996 non

455 2033 620 2073 propter
673 2022 945 2060 retencionem
1012 2021 1262 2069 illegitimam
1316 2032 1384 2056 sue
1436 2018 1659 2056 dotacionis
1710 2018 1770 2053 vel

176 2090 308 2125 ssislwps
331 2090 433 2129 bound
457 2091 621 2131 propter
655 2080 1005 2118 conservacionem
1052 2079 1253 2115 modicam
1299 2078 1376 2114 vite
1420 2090 1500 2113 sue.
1547 2076 1769 2124 Episcopus
1787 2077 1828 2110 30

196 2129 226 2152 to
243 2125 410 2194 ss'gffgffffssfn
458 2140 562 2176 enim
595 2148 638 2175 ut
671 2139 760 2175 talis
795 2140 911 2175 debet
950 2150 1115 2174 noscere
1158 2136 1366 2185 predicare
1410 2135 1560 2183 populo
1604 2135 1769 2170 verbum

458 2197 542 2243 Dei,
576 2210 647 2234 nec
680 2196 826 2233 sufficit
859 2197 967 2245 quod
990 2208 1060 2243 per
1083 2203 1387 2243 procuratorem
1411 2193 1485 2229 ista
1507 2191 1640 2237 faciat,
1670 2191 1771 2227 sicut

458 2269 537 2292 non
570 2254 715 2291 sufficit
749 2255 856 2302 quod
900 2253 941 2289 in
986 2253 1048 2289 die
1081 2252 1218 2289 iudicii
1250 2264 1320 2300 per
1353 2259 1657 2298 procuratorem
1691 2261 1771 2285 non

459 2326 529 2361 per
561 2326 601 2349 se
634 2325 707 2360 pro
741 2325 781 2348 se
815 2321 851 2348 et
884 2311 1023 2348 ovibus
1057 2310 1136 2347 suis
1170 2310 1430 2358 respondeat:
1464 2309 1562 2346 tales
1606 2306 1769 2343 indubie

459 2384 539 2407 non
573 2370 612 2406 in
646 2383 685 2406 se
719 2369 1055 2405 beatificabuntur
1088 2369 1155 2404 sed
1189 2367 1228 2403 in
1261 2367 1348 2404 aliis
1381 2379 1454 2414 pro
1488 2365 1582 2414 ipsis
1623 2364 1828 2404 electis,35

462 2428 552 2477 quia
587 2429 806 2464 secundum
848 2427 966 2463 fidem
1012 2425 1184 2474 apostoli
1229 2425 1482 2474 unusquisqne
1526 2436 1620 2460 onus
1662 2435 1770 2458 suum

457 2487 641 2537 portabit.
677 2485 787 2521 Sicut
821 2497 913 2532 ergo
948 2484 987 2520 in
1021 2497 1115 2520 cura
1160 2492 1515 2532 quantumcunque
1559 2479 1773 2518 abiecciori

528 2605 553 2632 7
576 2597 598 2624 Β
624 2596 654 2623 in
682 2592 1223 2630 marg.211.V11.Nonomne-s
1243 2593 1395 2629 ethscopt·
1424 2593 1462 2619 ib.
1484 2593 1528 2620 A:
1557 2600 1606 2619 sa
1597 2592 1701 2630 eidos
1728 2596 1771 2618 est

459 2636 594 2659 sanctus.
623 2631 657 2658 In
678 2630 808 2657 Decreto
829 2629 878 2656 hic
910 2637 984 2656 ocus
1011 2629 1121 2656 iectius
1152 2629 1194 2655 sic
1224 2629 1367 2655 hiberni:
1398 2627 1467 2654 Non
1498 2635 1606 2654 omncs
1635 2626 1771 2661 episcopi

460 2670 530 2693 sunt
549 2665 698 2701 episcopi
772 2663 809 2691 13.
831 2664 869 2690 B:
891 2664 1036 2698 operibus
1057 2664 1105 2697 103„
1097 2663 1246 2690 vaicuibus.
1321 2662 1361 2689 16.
1385 2662 1449 2689 BC:
1472 2670 1507 2688 ex
1527 2661 1593 2689 Dei.
1668 2669 1705 2694 17.
1727 2661 1770 2687 A:

460 2701 541 2739 quod
565 2709 619 2727 sua
640 2700 719 2726 bona
739 2707 832 2734 opeia
854 2719 859 2724 .
882 2719 887 2724 .
909 2684 1105 2725 01⁴3⁵di11e111111
1111 2698 1388 2727 11ec.18.x:
1410 2696 1559 2723 vendicat.
1667 2704 1705 2722 21.
1727 2696 1770 2722 A.

460 2735 597 2770 contigit.
671 2733 712 2761 23.
736 2734 773 2760 B:
796 2737 891 2760 altem
912 2732 1122 2767 episcop-ulii.
1197 2740 1243 2764 21.
1266 2733 1310 2759 A:
1333 2736 1359 2758 ct
1404 2735 1590 2758 tocuiantcs.
1664 2729 1709 2757 30.
1733 2730 1770 2756 15:

462 2775 587 2805 proptei
608 2769 707 2798 deest:
728 2768 768 2795 ib.
783 2768 811 2795 A
832 2767 861 2794 in
884 2775 996 2802 marg:
1020 2768 1062 2795 Ju-
1083 2768 1148 2802 ciis
1152 2776 1186 2794 c‹
1192 2767 1247 2802 pis.
1303 2766 1341 2794 31.
1365 2766 1404 2793 L:
1429 2770 1458 2792 ut
1478 2765 1586 2792 taliter.
1642 2764 1684 2792 32.
1707 2764 1771 2791 BC:

463 2803 780 2838 plmocu1a101cm:ib
802 2801 926 2829 A.i111

531 2875 562 2906 7.
588 2863 723 2895 Decreti
751 2873 819 2894 sec.
847 2872 938 2904 pars,
973 2872 1073 2893 causa
1103 2862 1141 2900 ΙΙ,
1168 2868 1301 2903 quaest.
1329 2861 1401 2901 VII,
1432 2870 1504 2904 cap.
1534 2860 1660 2892 XXlX:
1695 2859 1771 2892 Non

459 2920 580 2944 omnes
606 2909 770 2954 episcopi.
871 2908 923 2941 36.
951 2908 1024 2941 Gal.
1045 2908 1100 2948 VI,
1130 2908 1158 2941 5.
